<!DOCTYPE html>
<!-- saved from url=(0058)https://www.tesco.com/groceries/en-GB/shop/frozen-food/all -->
<html class="js supports no-touchevents flexbox flexboxlegacy csstransforms csstransforms3d csstransitions no-ios8 no-ie" lang="en" data-base-static-url="/groceries/web-assets" style=""><head><meta http-equiv="Content-Type" content="text/html; charset=UTF-8">
    <meta name="sentry-trace" content="94e5a4a40dcd49d29da0d1553a3a5b3b">
    
    <meta http-equiv="X-UA-Compatible" content="IE=edge">
    <meta http-equiv="content-language" content="en-GB">
      <script type="text/javascript" src="./tesco_html_brand_frozen_files/NRBR-308508e60a7edd4c486"></script><script src="./tesco_html_brand_frozen_files/nr-spa-1216.min.js.download"></script><script type="text/javascript" nonce="">
  window.NREUM || (NREUM={});
  window.NREUM.init = {
    distributed_tracing: { enabled: true },
    privacy: { cookies_enabled: false },
    ajax: { deny_list: ["bam.nr-data.net"] }
  };
  window.NREUM.loader_config = {
    accountID: "3512954",
    trustKey: "3296235",
    agentID: "1134246125",
    licenseKey: "NRBR-308508e60a7edd4c486",
    applicationID: "1134246125",
  };
  window.NREUM.info = {
    beacon: "bam.nr-data.net",
    errorBeacon: "bam.nr-data.net",
    licenseKey: "NRBR-308508e60a7edd4c486",
    applicationID: "1134246125",
    sa: 1,
  };
  </script>
      <script type="text/javascript" nonce="">window.NREUM||(window.NREUM={}),window.__nr_require=function(t,e,n){function r(n){if(!e[n]){var o=e[n]={exports:{}};t[n][0].call(o.exports,function(e){var o=t[n][1][e];return r(o||e)},o,o.exports)}return e[n].exports}if("function"==typeof __nr_require)return __nr_require;for(var o=0;o<n.length;o++)r(n[o]);return r}({1:[function(t,e,n){function r(t){try{s.console&&console.log(t)}catch(e){}}var o,i=t("ee"),a=t(31),s={};try{o=localStorage.getItem("__nr_flags").split(","),console&&"function"==typeof console.log&&(s.console=!0,o.indexOf("dev")!==-1&&(s.dev=!0),o.indexOf("nr_dev")!==-1&&(s.nrDev=!0))}catch(c){}s.nrDev&&i.on("internal-error",function(t){r(t.stack)}),s.dev&&i.on("fn-err",function(t,e,n){r(n.stack)}),s.dev&&(r("NR AGENT IN DEVELOPMENT MODE"),r("flags: "+a(s,function(t,e){return t}).join(", ")))},{}],2:[function(t,e,n){function r(t,e,n,r,s){try{l?l-=1:o(s||new UncaughtException(t,e,n),!0)}catch(f){try{i("ierr",[f,c.now(),!0])}catch(d){}}return"function"==typeof u&&u.apply(this,a(arguments))}function UncaughtException(t,e,n){this.message=t||"Uncaught error with no additional information",this.sourceURL=e,this.line=n}function o(t,e){var n=e?null:c.now();i("err",[t,n])}var i=t("handle"),a=t(32),s=t("ee"),c=t("loader"),f=t("gos"),u=window.onerror,d=!1,p="nr@seenError";if(!c.disabled){var l=0;c.features.err=!0,t(1),window.onerror=r;try{throw new Error}catch(h){"stack"in h&&(t(14),t(13),"addEventListener"in window&&t(7),c.xhrWrappable&&t(15),d=!0)}s.on("fn-start",function(t,e,n){d&&(l+=1)}),s.on("fn-err",function(t,e,n){d&&!n[p]&&(f(n,p,function(){return!0}),this.thrown=!0,o(n))}),s.on("fn-end",function(){d&&!this.thrown&&l>0&&(l-=1)}),s.on("internal-error",function(t){i("ierr",[t,c.now(),!0])})}},{}],3:[function(t,e,n){var r=t("loader");r.disabled||(r.features.ins=!0)},{}],4:[function(t,e,n){function r(){U++,L=g.hash,this[u]=y.now()}function o(){U--,g.hash!==L&&i(0,!0);var t=y.now();this[h]=~~this[h]+t-this[u],this[d]=t}function i(t,e){E.emit("newURL",[""+g,e])}function a(t,e){t.on(e,function(){this[e]=y.now()})}var s="-start",c="-end",f="-body",u="fn"+s,d="fn"+c,p="cb"+s,l="cb"+c,h="jsTime",m="fetch",v="addEventListener",w=window,g=w.location,y=t("loader");if(w[v]&&y.xhrWrappable&&!y.disabled){var x=t(11),b=t(12),E=t(9),R=t(7),O=t(14),T=t(8),S=t(15),P=t(10),M=t("ee"),C=M.get("tracer"),N=t(23);t(17),y.features.spa=!0;var L,U=0;M.on(u,r),b.on(p,r),P.on(p,r),M.on(d,o),b.on(l,o),P.on(l,o),M.buffer([u,d,"xhr-resolved"]),R.buffer([u]),O.buffer(["setTimeout"+c,"clearTimeout"+s,u]),S.buffer([u,"new-xhr","send-xhr"+s]),T.buffer([m+s,m+"-done",m+f+s,m+f+c]),E.buffer(["newURL"]),x.buffer([u]),b.buffer(["propagate",p,l,"executor-err","resolve"+s]),C.buffer([u,"no-"+u]),P.buffer(["new-jsonp","cb-start","jsonp-error","jsonp-end"]),a(T,m+s),a(T,m+"-done"),a(P,"new-jsonp"),a(P,"jsonp-end"),a(P,"cb-start"),E.on("pushState-end",i),E.on("replaceState-end",i),w[v]("hashchange",i,N(!0)),w[v]("load",i,N(!0)),w[v]("popstate",function(){i(0,U>1)},N(!0))}},{}],5:[function(t,e,n){function r(){var t=new PerformanceObserver(function(t,e){var n=t.getEntries();s(v,[n])});try{t.observe({entryTypes:["resource"]})}catch(e){}}function o(t){if(s(v,[window.performance.getEntriesByType(w)]),window.performance["c"+p])try{window.performance[h](m,o,!1)}catch(t){}else try{window.performance[h]("webkit"+m,o,!1)}catch(t){}}function i(t){}if(window.performance&&window.performance.timing&&window.performance.getEntriesByType){var a=t("ee"),s=t("handle"),c=t(14),f=t(13),u=t(6),d=t(23),p="learResourceTimings",l="addEventListener",h="removeEventListener",m="resourcetimingbufferfull",v="bstResource",w="resource",g="-start",y="-end",x="fn"+g,b="fn"+y,E="bstTimer",R="pushState",O=t("loader");if(!O.disabled){O.features.stn=!0,t(9),"addEventListener"in window&&t(7);var T=NREUM.o.EV;a.on(x,function(t,e){var n=t[0];n instanceof T&&(this.bstStart=O.now())}),a.on(b,function(t,e){var n=t[0];n instanceof T&&s("bst",[n,e,this.bstStart,O.now()])}),c.on(x,function(t,e,n){this.bstStart=O.now(),this.bstType=n}),c.on(b,function(t,e){s(E,[e,this.bstStart,O.now(),this.bstType])}),f.on(x,function(){this.bstStart=O.now()}),f.on(b,function(t,e){s(E,[e,this.bstStart,O.now(),"requestAnimationFrame"])}),a.on(R+g,function(t){this.time=O.now(),this.startPath=location.pathname+location.hash}),a.on(R+y,function(t){s("bstHist",[location.pathname+location.hash,this.startPath,this.time])}),u()?(s(v,[window.performance.getEntriesByType("resource")]),r()):l in window.performance&&(window.performance["c"+p]?window.performance[l](m,o,d(!1)):window.performance[l]("webkit"+m,o,d(!1))),document[l]("scroll",i,d(!1)),document[l]("keypress",i,d(!1)),document[l]("click",i,d(!1))}}},{}],6:[function(t,e,n){e.exports=function(){return"PerformanceObserver"in window&&"function"==typeof window.PerformanceObserver}},{}],7:[function(t,e,n){function r(t){for(var e=t;e&&!e.hasOwnProperty(u);)e=Object.getPrototypeOf(e);e&&o(e)}function o(t){s.inPlace(t,[u,d],"-",i)}function i(t,e){return t[1]}var a=t("ee").get("events"),s=t("wrap-function")(a,!0),c=t("gos"),f=XMLHttpRequest,u="addEventListener",d="removeEventListener";e.exports=a,"getPrototypeOf"in Object?(r(document),r(window),r(f.prototype)):f.prototype.hasOwnProperty(u)&&(o(window),o(f.prototype)),a.on(u+"-start",function(t,e){var n=t[1];if(null!==n&&("function"==typeof n||"object"==typeof n)){var r=c(n,"nr@wrapped",function(){function t(){if("function"==typeof n.handleEvent)return n.handleEvent.apply(n,arguments)}var e={object:t,"function":n}[typeof n];return e?s(e,"fn-",null,e.name||"anonymous"):n});this.wrapped=t[1]=r}}),a.on(d+"-start",function(t){t[1]=this.wrapped||t[1]})},{}],8:[function(t,e,n){function r(t,e,n){var r=t[e];"function"==typeof r&&(t[e]=function(){var t=i(arguments),e={};o.emit(n+"before-start",[t],e);var a;e[m]&&e[m].dt&&(a=e[m].dt);var s=r.apply(this,t);return o.emit(n+"start",[t,a],s),s.then(function(t){return o.emit(n+"end",[null,t],s),t},function(t){throw o.emit(n+"end",[t],s),t})})}var o=t("ee").get("fetch"),i=t(32),a=t(31);e.exports=o;var s=window,c="fetch-",f=c+"body-",u=["arrayBuffer","blob","json","text","formData"],d=s.Request,p=s.Response,l=s.fetch,h="prototype",m="nr@context";d&&p&&l&&(a(u,function(t,e){r(d[h],e,f),r(p[h],e,f)}),r(s,"fetch",c),o.on(c+"end",function(t,e){var n=this;if(e){var r=e.headers.get("content-length");null!==r&&(n.rxSize=r),o.emit(c+"done",[null,e],n)}else o.emit(c+"done",[t],n)}))},{}],9:[function(t,e,n){var r=t("ee").get("history"),o=t("wrap-function")(r);e.exports=r;var i=window.history&&window.history.constructor&&window.history.constructor.prototype,a=window.history;i&&i.pushState&&i.replaceState&&(a=i),o.inPlace(a,["pushState","replaceState"],"-")},{}],10:[function(t,e,n){function r(t){function e(){f.emit("jsonp-end",[],l),t.removeEventListener("load",e,c(!1)),t.removeEventListener("error",n,c(!1))}function n(){f.emit("jsonp-error",[],l),f.emit("jsonp-end",[],l),t.removeEventListener("load",e,c(!1)),t.removeEventListener("error",n,c(!1))}var r=t&&"string"==typeof t.nodeName&&"script"===t.nodeName.toLowerCase();if(r){var o="function"==typeof t.addEventListener;if(o){var a=i(t.src);if(a){var d=s(a),p="function"==typeof d.parent[d.key];if(p){var l={};u.inPlace(d.parent,[d.key],"cb-",l),t.addEventListener("load",e,c(!1)),t.addEventListener("error",n,c(!1)),f.emit("new-jsonp",[t.src],l)}}}}}function o(){return"addEventListener"in window}function i(t){var e=t.match(d);return e?e[1]:null}function a(t,e){var n=t.match(l),r=n[1],o=n[3];return o?a(o,e[r]):e[r]}function s(t){var e=t.match(p);return e&&e.length>=3?{key:e[2],parent:a(e[1],window)}:{key:t,parent:window}}var c=t(23),f=t("ee").get("jsonp"),u=t("wrap-function")(f);if(e.exports=f,o()){var d=/[?&](?:callback|cb)=([^&#]+)/,p=/(.*)\.([^.]+)/,l=/^(\w+)(\.|$)(.*)$/,h=["appendChild","insertBefore","replaceChild"];Node&&Node.prototype&&Node.prototype.appendChild?u.inPlace(Node.prototype,h,"dom-"):(u.inPlace(HTMLElement.prototype,h,"dom-"),u.inPlace(HTMLHeadElement.prototype,h,"dom-"),u.inPlace(HTMLBodyElement.prototype,h,"dom-")),f.on("dom-start",function(t){r(t[0])})}},{}],11:[function(t,e,n){var r=t("ee").get("mutation"),o=t("wrap-function")(r),i=NREUM.o.MO;e.exports=r,i&&(window.MutationObserver=function(t){return this instanceof i?new i(o(t,"fn-")):i.apply(this,arguments)},MutationObserver.prototype=i.prototype)},{}],12:[function(t,e,n){function r(t){var e=i.context(),n=s(t,"executor-",e,null,!1),r=new f(n);return i.context(r).getCtx=function(){return e},r}var o=t("wrap-function"),i=t("ee").get("promise"),a=t("ee").getOrSetContext,s=o(i),c=t(31),f=NREUM.o.PR;e.exports=i,f&&(window.Promise=r,["all","race"].forEach(function(t){var e=f[t];f[t]=function(n){function r(t){return function(){i.emit("propagate",[null,!o],a,!1,!1),o=o||!t}}var o=!1;c(n,function(e,n){Promise.resolve(n).then(r("all"===t),r(!1))});var a=e.apply(f,arguments),s=f.resolve(a);return s}}),["resolve","reject"].forEach(function(t){var e=f[t];f[t]=function(t){var n=e.apply(f,arguments);return t!==n&&i.emit("propagate",[t,!0],n,!1,!1),n}}),f.prototype["catch"]=function(t){return this.then(null,t)},f.prototype=Object.create(f.prototype,{constructor:{value:r}}),c(Object.getOwnPropertyNames(f),function(t,e){try{r[e]=f[e]}catch(n){}}),o.wrapInPlace(f.prototype,"then",function(t){return function(){var e=this,n=o.argsToArray.apply(this,arguments),r=a(e);r.promise=e,n[0]=s(n[0],"cb-",r,null,!1),n[1]=s(n[1],"cb-",r,null,!1);var c=t.apply(this,n);return r.nextPromise=c,i.emit("propagate",[e,!0],c,!1,!1),c}}),i.on("executor-start",function(t){t[0]=s(t[0],"resolve-",this,null,!1),t[1]=s(t[1],"resolve-",this,null,!1)}),i.on("executor-err",function(t,e,n){t[1](n)}),i.on("cb-end",function(t,e,n){i.emit("propagate",[n,!0],this.nextPromise,!1,!1)}),i.on("propagate",function(t,e,n){this.getCtx&&!e||(this.getCtx=function(){if(t instanceof Promise)var e=i.context(t);return e&&e.getCtx?e.getCtx():this})}),r.toString=function(){return""+f})},{}],13:[function(t,e,n){var r=t("ee").get("raf"),o=t("wrap-function")(r),i="equestAnimationFrame";e.exports=r,o.inPlace(window,["r"+i,"mozR"+i,"webkitR"+i,"msR"+i],"raf-"),r.on("raf-start",function(t){t[0]=o(t[0],"fn-")})},{}],14:[function(t,e,n){function r(t,e,n){t[0]=a(t[0],"fn-",null,n)}function o(t,e,n){this.method=n,this.timerDuration=isNaN(t[1])?0:+t[1],t[0]=a(t[0],"fn-",this,n)}var i=t("ee").get("timer"),a=t("wrap-function")(i),s="setTimeout",c="setInterval",f="clearTimeout",u="-start",d="-";e.exports=i,a.inPlace(window,[s,"setImmediate"],s+d),a.inPlace(window,[c],c+d),a.inPlace(window,[f,"clearImmediate"],f+d),i.on(c+u,r),i.on(s+u,o)},{}],15:[function(t,e,n){function r(t,e){d.inPlace(e,["onreadystatechange"],"fn-",s)}function o(){var t=this,e=u.context(t);t.readyState>3&&!e.resolved&&(e.resolved=!0,u.emit("xhr-resolved",[],t)),d.inPlace(t,y,"fn-",s)}function i(t){x.push(t),m&&(E?E.then(a):w?w(a):(R=-R,O.data=R))}function a(){for(var t=0;t<x.length;t++)r([],x[t]);x.length&&(x=[])}function s(t,e){return e}function c(t,e){for(var n in t)e[n]=t[n];return e}t(7);var f=t("ee"),u=f.get("xhr"),d=t("wrap-function")(u),p=t(23),l=NREUM.o,h=l.XHR,m=l.MO,v=l.PR,w=l.SI,g="readystatechange",y=["onload","onerror","onabort","onloadstart","onloadend","onprogress","ontimeout"],x=[];e.exports=u;var b=window.XMLHttpRequest=function(t){var e=new h(t);try{u.emit("new-xhr",[e],e),e.addEventListener(g,o,p(!1))}catch(n){try{u.emit("internal-error",[n])}catch(r){}}return e};if(c(h,b),b.prototype=h.prototype,d.inPlace(b.prototype,["open","send"],"-xhr-",s),u.on("send-xhr-start",function(t,e){r(t,e),i(e)}),u.on("open-xhr-start",r),m){var E=v&&v.resolve();if(!w&&!v){var R=1,O=document.createTextNode(R);new m(a).observe(O,{characterData:!0})}}else f.on("fn-end",function(t){t[0]&&t[0].type===g||a()})},{}],16:[function(t,e,n){function r(t){if(!s(t))return null;var e=window.NREUM;if(!e.loader_config)return null;var n=(e.loader_config.accountID||"").toString()||null,r=(e.loader_config.agentID||"").toString()||null,f=(e.loader_config.trustKey||"").toString()||null;if(!n||!r)return null;var h=l.generateSpanId(),m=l.generateTraceId(),v=Date.now(),w={spanId:h,traceId:m,timestamp:v};return(t.sameOrigin||c(t)&&p())&&(w.traceContextParentHeader=o(h,m),w.traceContextStateHeader=i(h,v,n,r,f)),(t.sameOrigin&&!u()||!t.sameOrigin&&c(t)&&d())&&(w.newrelicHeader=a(h,m,v,n,r,f)),w}function o(t,e){return"00-"+e+"-"+t+"-01"}function i(t,e,n,r,o){var i=0,a="",s=1,c="",f="";return o+"@nr="+i+"-"+s+"-"+n+"-"+r+"-"+t+"-"+a+"-"+c+"-"+f+"-"+e}function a(t,e,n,r,o,i){var a="btoa"in window&&"function"==typeof window.btoa;if(!a)return null;var s={v:[0,1],d:{ty:"Browser",ac:r,ap:o,id:t,tr:e,ti:n}};return i&&r!==i&&(s.d.tk=i),btoa(JSON.stringify(s))}function s(t){return f()&&c(t)}function c(t){var e=!1,n={};if("init"in NREUM&&"distributed_tracing"in NREUM.init&&(n=NREUM.init.distributed_tracing),t.sameOrigin)e=!0;else if(n.allowed_origins instanceof Array)for(var r=0;r<n.allowed_origins.length;r++){var o=h(n.allowed_origins[r]);if(t.hostname===o.hostname&&t.protocol===o.protocol&&t.port===o.port){e=!0;break}}return e}function f(){return"init"in NREUM&&"distributed_tracing"in NREUM.init&&!!NREUM.init.distributed_tracing.enabled}function u(){return"init"in NREUM&&"distributed_tracing"in NREUM.init&&!!NREUM.init.distributed_tracing.exclude_newrelic_header}function d(){return"init"in NREUM&&"distributed_tracing"in NREUM.init&&NREUM.init.distributed_tracing.cors_use_newrelic_header!==!1}function p(){return"init"in NREUM&&"distributed_tracing"in NREUM.init&&!!NREUM.init.distributed_tracing.cors_use_tracecontext_headers}var l=t(28),h=t(18);e.exports={generateTracePayload:r,shouldGenerateTrace:s}},{}],17:[function(t,e,n){function r(t){var e=this.params,n=this.metrics;if(!this.ended){this.ended=!0;for(var r=0;r<p;r++)t.removeEventListener(d[r],this.listener,!1);return e.protocol&&"data"===e.protocol?void g("Ajax/DataUrl/Excluded"):void(e.aborted||(n.duration=a.now()-this.startTime,this.loadCaptureCalled||4!==t.readyState?null==e.status&&(e.status=0):i(this,t),n.cbTime=this.cbTime,s("xhr",[e,n,this.startTime,this.endTime,"xhr"],this)))}}function o(t,e){var n=c(e),r=t.params;r.hostname=n.hostname,r.port=n.port,r.protocol=n.protocol,r.host=n.hostname+":"+n.port,r.pathname=n.pathname,t.parsedOrigin=n,t.sameOrigin=n.sameOrigin}function i(t,e){t.params.status=e.status;var n=v(e,t.lastSize);if(n&&(t.metrics.rxSize=n),t.sameOrigin){var r=e.getResponseHeader("X-NewRelic-App-Data");r&&(t.params.cat=r.split(", ").pop())}t.loadCaptureCalled=!0}var a=t("loader");if(a.xhrWrappable&&!a.disabled){var s=t("handle"),c=t(18),f=t(16).generateTracePayload,u=t("ee"),d=["load","error","abort","timeout"],p=d.length,l=t("id"),h=t(24),m=t(22),v=t(19),w=t(23),g=t(25).recordSupportability,y=NREUM.o.REQ,x=window.XMLHttpRequest;a.features.xhr=!0,t(15),t(8),u.on("new-xhr",function(t){var e=this;e.totalCbs=0,e.called=0,e.cbTime=0,e.end=r,e.ended=!1,e.xhrGuids={},e.lastSize=null,e.loadCaptureCalled=!1,e.params=this.params||{},e.metrics=this.metrics||{},t.addEventListener("load",function(n){i(e,t)},w(!1)),h&&(h>34||h<10)||t.addEventListener("progress",function(t){e.lastSize=t.loaded},w(!1))}),u.on("open-xhr-start",function(t){this.params={method:t[0]},o(this,t[1]),this.metrics={}}),u.on("open-xhr-end",function(t,e){"loader_config"in NREUM&&"xpid"in NREUM.loader_config&&this.sameOrigin&&e.setRequestHeader("X-NewRelic-ID",NREUM.loader_config.xpid);var n=f(this.parsedOrigin);if(n){var r=!1;n.newrelicHeader&&(e.setRequestHeader("newrelic",n.newrelicHeader),r=!0),n.traceContextParentHeader&&(e.setRequestHeader("traceparent",n.traceContextParentHeader),n.traceContextStateHeader&&e.setRequestHeader("tracestate",n.traceContextStateHeader),r=!0),r&&(this.dt=n)}}),u.on("send-xhr-start",function(t,e){var n=this.metrics,r=t[0],o=this;if(n&&r){var i=m(r);i&&(n.txSize=i)}this.startTime=a.now(),this.listener=function(t){try{"abort"!==t.type||o.loadCaptureCalled||(o.params.aborted=!0),("load"!==t.type||o.called===o.totalCbs&&(o.onloadCalled||"function"!=typeof e.onload))&&o.end(e)}catch(n){try{u.emit("internal-error",[n])}catch(r){}}};for(var s=0;s<p;s++)e.addEventListener(d[s],this.listener,w(!1))}),u.on("xhr-cb-time",function(t,e,n){this.cbTime+=t,e?this.onloadCalled=!0:this.called+=1,this.called!==this.totalCbs||!this.onloadCalled&&"function"==typeof n.onload||this.end(n)}),u.on("xhr-load-added",function(t,e){var n=""+l(t)+!!e;this.xhrGuids&&!this.xhrGuids[n]&&(this.xhrGuids[n]=!0,this.totalCbs+=1)}),u.on("xhr-load-removed",function(t,e){var n=""+l(t)+!!e;this.xhrGuids&&this.xhrGuids[n]&&(delete this.xhrGuids[n],this.totalCbs-=1)}),u.on("xhr-resolved",function(){this.endTime=a.now()}),u.on("addEventListener-end",function(t,e){e instanceof x&&"load"===t[0]&&u.emit("xhr-load-added",[t[1],t[2]],e)}),u.on("removeEventListener-end",function(t,e){e instanceof x&&"load"===t[0]&&u.emit("xhr-load-removed",[t[1],t[2]],e)}),u.on("fn-start",function(t,e,n){e instanceof x&&("onload"===n&&(this.onload=!0),("load"===(t[0]&&t[0].type)||this.onload)&&(this.xhrCbStart=a.now()))}),u.on("fn-end",function(t,e){this.xhrCbStart&&u.emit("xhr-cb-time",[a.now()-this.xhrCbStart,this.onload,e],e)}),u.on("fetch-before-start",function(t){function e(t,e){var n=!1;return e.newrelicHeader&&(t.set("newrelic",e.newrelicHeader),n=!0),e.traceContextParentHeader&&(t.set("traceparent",e.traceContextParentHeader),e.traceContextStateHeader&&t.set("tracestate",e.traceContextStateHeader),n=!0),n}var n,r=t[1]||{};"string"==typeof t[0]?n=t[0]:t[0]&&t[0].url?n=t[0].url:window.URL&&t[0]&&t[0]instanceof URL&&(n=t[0].href),n&&(this.parsedOrigin=c(n),this.sameOrigin=this.parsedOrigin.sameOrigin);var o=f(this.parsedOrigin);if(o&&(o.newrelicHeader||o.traceContextParentHeader))if("string"==typeof t[0]||window.URL&&t[0]&&t[0]instanceof URL){var i={};for(var a in r)i[a]=r[a];i.headers=new Headers(r.headers||{}),e(i.headers,o)&&(this.dt=o),t.length>1?t[1]=i:t.push(i)}else t[0]&&t[0].headers&&e(t[0].headers,o)&&(this.dt=o)}),u.on("fetch-start",function(t,e){this.params={},this.metrics={},this.startTime=a.now(),this.dt=e,t.length>=1&&(this.target=t[0]),t.length>=2&&(this.opts=t[1]);var n,r=this.opts||{},i=this.target;if("string"==typeof i?n=i:"object"==typeof i&&i instanceof y?n=i.url:window.URL&&"object"==typeof i&&i instanceof URL&&(n=i.href),o(this,n),"data"!==this.params.protocol){var s=(""+(i&&i instanceof y&&i.method||r.method||"GET")).toUpperCase();this.params.method=s,this.txSize=m(r.body)||0}}),u.on("fetch-done",function(t,e){if(this.endTime=a.now(),this.params||(this.params={}),"data"===this.params.protocol)return void g("Ajax/DataUrl/Excluded");this.params.status=e?e.status:0;var n;"string"==typeof this.rxSize&&this.rxSize.length>0&&(n=+this.rxSize);var r={txSize:this.txSize,rxSize:n,duration:a.now()-this.startTime};s("xhr",[this.params,r,this.startTime,this.endTime,"fetch"],this)})}},{}],18:[function(t,e,n){var r={};e.exports=function(t){if(t in r)return r[t];if(0===(t||"").indexOf("data:"))return{protocol:"data"};var e=document.createElement("a"),n=window.location,o={};e.href=t,o.port=e.port;var i=e.href.split("://");!o.port&&i[1]&&(o.port=i[1].split("/")[0].split("@").pop().split(":")[1]),o.port&&"0"!==o.port||(o.port="https"===i[0]?"443":"80"),o.hostname=e.hostname||n.hostname,o.pathname=e.pathname,o.protocol=i[0],"/"!==o.pathname.charAt(0)&&(o.pathname="/"+o.pathname);var a=!e.protocol||":"===e.protocol||e.protocol===n.protocol,s=e.hostname===document.domain&&e.port===n.port;return o.sameOrigin=a&&(!e.hostname||s),"/"===o.pathname&&(r[t]=o),o}},{}],19:[function(t,e,n){function r(t,e){var n=t.responseType;return"json"===n&&null!==e?e:"arraybuffer"===n||"blob"===n||"json"===n?o(t.response):"text"===n||""===n||void 0===n?o(t.responseText):void 0}var o=t(22);e.exports=r},{}],20:[function(t,e,n){function r(){}function o(t,e,n,r){return function(){return u.recordSupportability("API/"+e+"/called"),i(t+e,[f.now()].concat(s(arguments)),n?null:this,r),n?void 0:this}}var i=t("handle"),a=t(31),s=t(32),c=t("ee").get("tracer"),f=t("loader"),u=t(25),d=NREUM;"undefined"==typeof window.newrelic&&(window.newrelic=d);var p=["setPageViewName","setCustomAttribute","setErrorHandler","finished","addToTrace","inlineHit","addRelease"],l="api-",h=l+"ixn-";a(p,function(t,e){d[e]=o(l,e,!0,"api")}),d.addPageAction=o(l,"addPageAction",!0),d.setCurrentRouteName=o(l,"routeName",!0),e.exports=newrelic,d.interaction=function(){return(new r).get()};var m=r.prototype={createTracer:function(t,e){var n={},r=this,o="function"==typeof e;return i(h+"tracer",[f.now(),t,n],r),function(){if(c.emit((o?"":"no-")+"fn-start",[f.now(),r,o],n),o)try{return e.apply(this,arguments)}catch(t){throw c.emit("fn-err",[arguments,this,t],n),t}finally{c.emit("fn-end",[f.now()],n)}}}};a("actionText,setName,setAttribute,save,ignore,onEnd,getContext,end,get".split(","),function(t,e){m[e]=o(h,e)}),newrelic.noticeError=function(t,e){"string"==typeof t&&(t=new Error(t)),u.recordSupportability("API/noticeError/called"),i("err",[t,f.now(),!1,e])}},{}],21:[function(t,e,n){function r(t){if(NREUM.init){for(var e=NREUM.init,n=t.split("."),r=0;r<n.length-1;r++)if(e=e[n[r]],"object"!=typeof e)return;return e=e[n[n.length-1]]}}e.exports={getConfiguration:r}},{}],22:[function(t,e,n){e.exports=function(t){if("string"==typeof t&&t.length)return t.length;if("object"==typeof t){if("undefined"!=typeof ArrayBuffer&&t instanceof ArrayBuffer&&t.byteLength)return t.byteLength;if("undefined"!=typeof Blob&&t instanceof Blob&&t.size)return t.size;if(!("undefined"!=typeof FormData&&t instanceof FormData))try{return JSON.stringify(t).length}catch(e){return}}}},{}],23:[function(t,e,n){var r=!1;try{var o=Object.defineProperty({},"passive",{get:function(){r=!0}});window.addEventListener("testPassive",null,o),window.removeEventListener("testPassive",null,o)}catch(i){}e.exports=function(t){return r?{passive:!0,capture:!!t}:!!t}},{}],24:[function(t,e,n){var r=0,o=navigator.userAgent.match(/Firefox[\/\s](\d+\.\d+)/);o&&(r=+o[1]),e.exports=r},{}],25:[function(t,e,n){function r(t,e){var n=[a,t,{name:t},e];return i("storeMetric",n,null,"api"),n}function o(t,e){var n=[s,t,{name:t},e];return i("storeEventMetrics",n,null,"api"),n}var i=t("handle"),a="sm",s="cm";e.exports={constants:{SUPPORTABILITY_METRIC:a,CUSTOM_METRIC:s},recordSupportability:r,recordCustom:o}},{}],26:[function(t,e,n){function r(){return s.exists&&performance.now?Math.round(performance.now()):(i=Math.max((new Date).getTime(),i))-a}function o(){return i}var i=(new Date).getTime(),a=i,s=t(33);e.exports=r,e.exports.offset=a,e.exports.getLastTimestamp=o},{}],27:[function(t,e,n){function r(t,e){var n=t.getEntries();n.forEach(function(t){"first-paint"===t.name?l("timing",["fp",Math.floor(t.startTime)]):"first-contentful-paint"===t.name&&l("timing",["fcp",Math.floor(t.startTime)])})}function o(t,e){var n=t.getEntries();if(n.length>0){var r=n[n.length-1];if(f&&f<r.startTime)return;var o=[r],i=a({});i&&o.push(i),l("lcp",o)}}function i(t){t.getEntries().forEach(function(t){t.hadRecentInput||l("cls",[t])})}function a(t){var e=navigator.connection||navigator.mozConnection||navigator.webkitConnection;if(e)return e.type&&(t["net-type"]=e.type),e.effectiveType&&(t["net-etype"]=e.effectiveType),e.rtt&&(t["net-rtt"]=e.rtt),e.downlink&&(t["net-dlink"]=e.downlink),t}function s(t){if(t instanceof w&&!y){var e=Math.round(t.timeStamp),n={type:t.type};a(n),e<=h.now()?n.fid=h.now()-e:e>h.offset&&e<=Date.now()?(e-=h.offset,n.fid=h.now()-e):e=h.now(),y=!0,l("timing",["fi",e,n])}}function c(t){"hidden"===t&&(f=h.now(),l("pageHide",[f]))}if(!("init"in NREUM&&"page_view_timing"in NREUM.init&&"enabled"in NREUM.init.page_view_timing&&NREUM.init.page_view_timing.enabled===!1)){var f,u,d,p,l=t("handle"),h=t("loader"),m=t(30),v=t(23),w=NREUM.o.EV;if("PerformanceObserver"in window&&"function"==typeof window.PerformanceObserver){u=new PerformanceObserver(r);try{u.observe({entryTypes:["paint"]})}catch(g){}d=new PerformanceObserver(o);try{d.observe({entryTypes:["largest-contentful-paint"]})}catch(g){}p=new PerformanceObserver(i);try{p.observe({type:"layout-shift",buffered:!0})}catch(g){}}if("addEventListener"in document){var y=!1,x=["click","keydown","mousedown","pointerdown","touchstart"];x.forEach(function(t){document.addEventListener(t,s,v(!1))})}m(c)}},{}],28:[function(t,e,n){function r(){function t(){return e?15&e[n++]:16*Math.random()|0}var e=null,n=0,r=window.crypto||window.msCrypto;r&&r.getRandomValues&&(e=r.getRandomValues(new Uint8Array(31)));for(var o,i="xxxxxxxx-xxxx-4xxx-yxxx-xxxxxxxxxxxx",a="",s=0;s<i.length;s++)o=i[s],"x"===o?a+=t().toString(16):"y"===o?(o=3&t()|8,a+=o.toString(16)):a+=o;return a}function o(){return a(16)}function i(){return a(32)}function a(t){function e(){return n?15&n[r++]:16*Math.random()|0}var n=null,r=0,o=window.crypto||window.msCrypto;o&&o.getRandomValues&&Uint8Array&&(n=o.getRandomValues(new Uint8Array(t)));for(var i=[],a=0;a<t;a++)i.push(e().toString(16));return i.join("")}e.exports={generateUuid:r,generateSpanId:o,generateTraceId:i}},{}],29:[function(t,e,n){function r(t,e){if(!o)return!1;if(t!==o)return!1;if(!e)return!0;if(!i)return!1;for(var n=i.split("."),r=e.split("."),a=0;a<r.length;a++)if(r[a]!==n[a])return!1;return!0}var o=null,i=null,a=/Version\/(\S+)\s+Safari/;if(navigator.userAgent){var s=navigator.userAgent,c=s.match(a);c&&s.indexOf("Chrome")===-1&&s.indexOf("Chromium")===-1&&(o="Safari",i=c[1])}e.exports={agent:o,version:i,match:r}},{}],30:[function(t,e,n){function r(t){function e(){t(s&&document[s]?document[s]:document[i]?"hidden":"visible")}"addEventListener"in document&&a&&document.addEventListener(a,e,o(!1))}var o=t(23);e.exports=r;var i,a,s;"undefined"!=typeof document.hidden?(i="hidden",a="visibilitychange",s="visibilityState"):"undefined"!=typeof document.msHidden?(i="msHidden",a="msvisibilitychange"):"undefined"!=typeof document.webkitHidden&&(i="webkitHidden",a="webkitvisibilitychange",s="webkitVisibilityState")},{}],31:[function(t,e,n){function r(t,e){var n=[],r="",i=0;for(r in t)o.call(t,r)&&(n[i]=e(r,t[r]),i+=1);return n}var o=Object.prototype.hasOwnProperty;e.exports=r},{}],32:[function(t,e,n){function r(t,e,n){e||(e=0),"undefined"==typeof n&&(n=t?t.length:0);for(var r=-1,o=n-e||0,i=Array(o<0?0:o);++r<o;)i[r]=t[e+r];return i}e.exports=r},{}],33:[function(t,e,n){e.exports={exists:"undefined"!=typeof window.performance&&window.performance.timing&&"undefined"!=typeof window.performance.timing.navigationStart}},{}],ee:[function(t,e,n){function r(){}function o(t){function e(t){return t&&t instanceof r?t:t?f(t,c,a):a()}function n(n,r,o,i,a){if(a!==!1&&(a=!0),!l.aborted||i){t&&a&&t(n,r,o);for(var s=e(o),c=m(n),f=c.length,u=0;u<f;u++)c[u].apply(s,r);var p=d[y[n]];return p&&p.push([x,n,r,s]),s}}function i(t,e){g[t]=m(t).concat(e)}function h(t,e){var n=g[t];if(n)for(var r=0;r<n.length;r++)n[r]===e&&n.splice(r,1)}function m(t){return g[t]||[]}function v(t){return p[t]=p[t]||o(n)}function w(t,e){l.aborted||u(t,function(t,n){e=e||"feature",y[n]=e,e in d||(d[e]=[])})}var g={},y={},x={on:i,addEventListener:i,removeEventListener:h,emit:n,get:v,listeners:m,context:e,buffer:w,abort:s,aborted:!1};return x}function i(t){return f(t,c,a)}function a(){return new r}function s(){(d.api||d.feature)&&(l.aborted=!0,d=l.backlog={})}var c="nr@context",f=t("gos"),u=t(31),d={},p={},l=e.exports=o();e.exports.getOrSetContext=i,l.backlog=d},{}],gos:[function(t,e,n){function r(t,e,n){if(o.call(t,e))return t[e];var r=n();if(Object.defineProperty&&Object.keys)try{return Object.defineProperty(t,e,{value:r,writable:!0,enumerable:!1}),r}catch(i){}return t[e]=r,r}var o=Object.prototype.hasOwnProperty;e.exports=r},{}],handle:[function(t,e,n){function r(t,e,n,r){o.buffer([t],r),o.emit(t,e,n)}var o=t("ee").get("handle");e.exports=r,r.ee=o},{}],id:[function(t,e,n){function r(t){var e=typeof t;return!t||"object"!==e&&"function"!==e?-1:t===window?0:a(t,i,function(){return o++})}var o=1,i="nr@id",a=t("gos");e.exports=r},{}],loader:[function(t,e,n){function r(){if(!T++){var t=O.info=NREUM.info,e=m.getElementsByTagName("script")[0];if(setTimeout(f.abort,3e4),!(t&&t.licenseKey&&t.applicationID&&e))return f.abort();c(E,function(e,n){t[e]||(t[e]=n)});var n=a();s("mark",["onload",n+O.offset],null,"api"),s("timing",["load",n]);var r=m.createElement("script");0===t.agent.indexOf("http://")||0===t.agent.indexOf("https://")?r.src=t.agent:r.src=l+"://"+t.agent,e.parentNode.insertBefore(r,e)}}function o(){"complete"===m.readyState&&i()}function i(){s("mark",["domContent",a()+O.offset],null,"api")}var a=t(26),s=t("handle"),c=t(31),f=t("ee"),u=t(29),d=t(21),p=t(23),l=d.getConfiguration("ssl")===!1?"http":"https",h=window,m=h.document,v="addEventListener",w="attachEvent",g=h.XMLHttpRequest,y=g&&g.prototype,x=!1;NREUM.o={ST:setTimeout,SI:h.setImmediate,CT:clearTimeout,XHR:g,REQ:h.Request,EV:h.Event,PR:h.Promise,MO:h.MutationObserver};var b=""+location,E={beacon:"bam.nr-data.net",errorBeacon:"bam.nr-data.net",agent:"js-agent.newrelic.com/nr-spa-1216.min.js"},R=g&&y&&y[v]&&!/CriOS/.test(navigator.userAgent),O=e.exports={offset:a.getLastTimestamp(),now:a,origin:b,features:{},xhrWrappable:R,userAgent:u,disabled:x};if(!x){t(20),t(27),m[v]?(m[v]("DOMContentLoaded",i,p(!1)),h[v]("load",r,p(!1))):(m[w]("onreadystatechange",o),h[w]("onload",r)),s("mark",["firstbyte",a.getLastTimestamp()],null,"api");var T=0}},{}],"wrap-function":[function(t,e,n){function r(t,e){function n(e,n,r,c,f){function nrWrapper(){var i,a,u,p;try{a=this,i=d(arguments),u="function"==typeof r?r(i,a):r||{}}catch(l){o([l,"",[i,a,c],u],t)}s(n+"start",[i,a,c],u,f);try{return p=e.apply(a,i)}catch(h){throw s(n+"err",[i,a,h],u,f),h}finally{s(n+"end",[i,a,p],u,f)}}return a(e)?e:(n||(n=""),nrWrapper[p]=e,i(e,nrWrapper,t),nrWrapper)}function r(t,e,r,o,i){r||(r="");var s,c,f,u="-"===r.charAt(0);for(f=0;f<e.length;f++)c=e[f],s=t[c],a(s)||(t[c]=n(s,u?c+r:r,o,c,i))}function s(n,r,i,a){if(!h||e){var s=h;h=!0;try{t.emit(n,r,i,e,a)}catch(c){o([c,n,r,i],t)}h=s}}return t||(t=u),n.inPlace=r,n.flag=p,n}function o(t,e){e||(e=u);try{e.emit("internal-error",t)}catch(n){}}function i(t,e,n){if(Object.defineProperty&&Object.keys)try{var r=Object.keys(t);return r.forEach(function(n){Object.defineProperty(e,n,{get:function(){return t[n]},set:function(e){return t[n]=e,e}})}),e}catch(i){o([i],n)}for(var a in t)l.call(t,a)&&(e[a]=t[a]);return e}function a(t){return!(t&&t instanceof Function&&t.apply&&!t[p])}function s(t,e){var n=e(t);return n[p]=t,i(t,n,u),n}function c(t,e,n){var r=t[e];t[e]=s(r,n)}function f(){for(var t=arguments.length,e=new Array(t),n=0;n<t;++n)e[n]=arguments[n];return e}var u=t("ee"),d=t(32),p="nr@original",l=Object.prototype.hasOwnProperty,h=!1;e.exports=r,e.exports.wrapFunction=s,e.exports.wrapInPlace=c,e.exports.argsToArray=f},{}]},{},["loader",2,17,5,3,4]);</script>
      <meta name="viewport" content="width=device-width, initial-scale=1.0">
    <meta name="HandheldFriendly" content="True">
      <link rel="canonical" href="https://www.tesco.com/groceries/en-GB/shop/frozen-food">
    <title>Frozen Food - Tesco Groceries</title>
      <meta name="description" content="">
      <meta name="robots" content="index">
    <link rel="apple-touch-icon" href="https://www.tesco.com/groceries/web-assets/touch-icons/tesco/apple-touch-icon-a0b98856c2.png">
    <link rel="apple-touch-icon" sizes="76x76" href="https://www.tesco.com/groceries/web-assets/touch-icons/tesco/apple-touch-icon-76x76-6a0a051e9b.png">
    <link rel="apple-touch-icon" sizes="120x120" href="https://www.tesco.com/groceries/web-assets/touch-icons/tesco/apple-touch-icon-120x120-067b01d70a.png">
    <link rel="apple-touch-icon" sizes="152x152" href="https://www.tesco.com/groceries/web-assets/touch-icons/tesco/apple-touch-icon-152x152-ec8cd92916.png">
    <link rel="apple-touch-icon" sizes="180x180" href="https://www.tesco.com/groceries/web-assets/touch-icons/tesco/apple-touch-icon-180x180-102f6d85ce.png">
    <link rel="apple-touch-icon" sizes="192x192" href="https://www.tesco.com/groceries/web-assets/touch-icons/tesco/apple-touch-icon-192x192-e354b2aa0f.png">
    <link id="favicon" rel="shortcut icon" type="image/png" href="https://www.tesco.com/groceries/web-assets/touch-icons/tesco/favicon-9636e8991a.png">
    <!--[if gt IE 9]><!-->
      <link href="./tesco_html_brand_frozen_files/UK-c73a126b71.css" rel="stylesheet" type="text/css" media="all">
    <!--<![endif]-->
      <link rel="preconnect" href="https://img.tesco.com/">
      <link rel="preconnect" href="https://digitalcontent.api.tesco.com/">
      <script type="application/ld+json">[{"@context":"http://schema.org","@type":"Corporation","url":"https://www.tesco.com/groceries","contactPoint":[{"@type":"ContactPoint","telephone":"+44-0800 323 4040","areaServed":"UK","contactType":"customer service","availableLanguage":"English","contactOption":"TollFree"}]},{"@context":"http://schema.org","@type":"WebSite","url":"https://www.tesco.com/groceries","name":"Tesco Groceries"},{"@context":"http://schema.org/","@type":"ItemList","itemListElement":[{"@type":"ListItem","position":1,"url":"https://www.tesco.com/groceries/en-GB/products/274663688"},{"@type":"ListItem","position":2,"url":"https://www.tesco.com/groceries/en-GB/products/300109840"},{"@type":"ListItem","position":3,"url":"https://www.tesco.com/groceries/en-GB/products/266459126"},{"@type":"ListItem","position":4,"url":"https://www.tesco.com/groceries/en-GB/products/306503133"},{"@type":"ListItem","position":5,"url":"https://www.tesco.com/groceries/en-GB/products/284197579"},{"@type":"ListItem","position":6,"url":"https://www.tesco.com/groceries/en-GB/products/284197533"},{"@type":"ListItem","position":7,"url":"https://www.tesco.com/groceries/en-GB/products/272423694"},{"@type":"ListItem","position":8,"url":"https://www.tesco.com/groceries/en-GB/products/305941744"},{"@type":"ListItem","position":9,"url":"https://www.tesco.com/groceries/en-GB/products/282796985"},{"@type":"ListItem","position":10,"url":"https://www.tesco.com/groceries/en-GB/products/296092080"},{"@type":"ListItem","position":11,"url":"https://www.tesco.com/groceries/en-GB/products/297167031"},{"@type":"ListItem","position":12,"url":"https://www.tesco.com/groceries/en-GB/products/296118224"},{"@type":"ListItem","position":13,"url":"https://www.tesco.com/groceries/en-GB/products/296117381"},{"@type":"ListItem","position":14,"url":"https://www.tesco.com/groceries/en-GB/products/307364220"},{"@type":"ListItem","position":15,"url":"https://www.tesco.com/groceries/en-GB/products/258961797"},{"@type":"ListItem","position":16,"url":"https://www.tesco.com/groceries/en-GB/products/282059931"},{"@type":"ListItem","position":17,"url":"https://www.tesco.com/groceries/en-GB/products/307749762"},{"@type":"ListItem","position":18,"url":"https://www.tesco.com/groceries/en-GB/products/297683145"},{"@type":"ListItem","position":19,"url":"https://www.tesco.com/groceries/en-GB/products/285679405"},{"@type":"ListItem","position":20,"url":"https://www.tesco.com/groceries/en-GB/products/264889062"},{"@type":"ListItem","position":21,"url":"https://www.tesco.com/groceries/en-GB/products/251622070"},{"@type":"ListItem","position":22,"url":"https://www.tesco.com/groceries/en-GB/products/285363525"},{"@type":"ListItem","position":23,"url":"https://www.tesco.com/groceries/en-GB/products/292797630"},{"@type":"ListItem","position":24,"url":"https://www.tesco.com/groceries/en-GB/products/285363462"},{"@type":"ListItem","position":25,"url":"https://www.tesco.com/groceries/en-GB/products/311783357"},{"@type":"ListItem","position":26,"url":"https://www.tesco.com/groceries/en-GB/products/311954991"},{"@type":"ListItem","position":27,"url":"https://www.tesco.com/groceries/en-GB/products/263352376"},{"@type":"ListItem","position":28,"url":"https://www.tesco.com/groceries/en-GB/products/306810938"},{"@type":"ListItem","position":29,"url":"https://www.tesco.com/groceries/en-GB/products/253803694"},{"@type":"ListItem","position":30,"url":"https://www.tesco.com/groceries/en-GB/products/263565176"},{"@type":"ListItem","position":31,"url":"https://www.tesco.com/groceries/en-GB/products/263352514"},{"@type":"ListItem","position":32,"url":"https://www.tesco.com/groceries/en-GB/products/250172608"},{"@type":"ListItem","position":33,"url":"https://www.tesco.com/groceries/en-GB/products/299587469"},{"@type":"ListItem","position":34,"url":"https://www.tesco.com/groceries/en-GB/products/299598151"},{"@type":"ListItem","position":35,"url":"https://www.tesco.com/groceries/en-GB/products/299539429"},{"@type":"ListItem","position":36,"url":"https://www.tesco.com/groceries/en-GB/products/299424801"},{"@type":"ListItem","position":37,"url":"https://www.tesco.com/groceries/en-GB/products/282489813"},{"@type":"ListItem","position":38,"url":"https://www.tesco.com/groceries/en-GB/products/264226012"},{"@type":"ListItem","position":39,"url":"https://www.tesco.com/groceries/en-GB/products/250172580"},{"@type":"ListItem","position":40,"url":"https://www.tesco.com/groceries/en-GB/products/299539003"},{"@type":"ListItem","position":41,"url":"https://www.tesco.com/groceries/en-GB/products/299557230"},{"@type":"ListItem","position":42,"url":"https://www.tesco.com/groceries/en-GB/products/282485161"},{"@type":"ListItem","position":43,"url":"https://www.tesco.com/groceries/en-GB/products/299425011"},{"@type":"ListItem","position":44,"url":"https://www.tesco.com/groceries/en-GB/products/299539406"},{"@type":"ListItem","position":45,"url":"https://www.tesco.com/groceries/en-GB/products/299598250"},{"@type":"ListItem","position":46,"url":"https://www.tesco.com/groceries/en-GB/products/299538966"},{"@type":"ListItem","position":47,"url":"https://www.tesco.com/groceries/en-GB/products/299587227"},{"@type":"ListItem","position":48,"url":"https://www.tesco.com/groceries/en-GB/products/299818007"}]},{"@context":"http://schema.org/","@type":"BreadcrumbList","itemListElement":[{"@type":"ListItem","position":1,"item":{"@id":"/groceries/en-GB/","name":"Home"}}]}]</script>
    <script id="config" type="application/json">{"registration":{"enableProgressBar":true,"enableSigninButton":false,"enableUtilityHeader":true,"step1Redirect":"\u002Fregister\u002Fsetup","step1Title":"auth:registration-step1","submitButtomTextStep1":"auth:next","accountLockedLink":"\u002F","accountLockedLinkTextKey":"auth:account-locked.back-to-homepage"},"auth":{"enableMobileLogin":false,"registerButton":"common:register"},"sessionCookiesToClear":["OAuth.AccessToken","OAuth.RefreshToken","OAuth.TokensExpiryTime","ighs-refresh"],"productDetails":{"enableHeaderWrapperAndMiniTrolley":true,"enableTaxonomy":true,"enableBreadcrumbs":true,"enableFooter":true,"useDigitalContentProductImages":false},"homePageLink":{"en-GB":"\u002Fgroceries\u002Fen-GB","cs-CZ":"\u002Fgroceries\u002Fcs-CZ","sk-SK":"\u002Fgroceries\u002Fsk-SK","hu-HU":"\u002Fgroceries\u002Fhu-HU"},"jsWhitelist":[],"list-items-per-page":24,"max-list-items-per-page":48,"browserMap":{"akamai":{"Chrome Lite":"chrome","IEMobile":"ie","Microsoft\u002FIE Mobile WP7":"ie","Microsoft\u002FIE Mobile WinMo":"ie","Microsoft\u002FPocket IE":"ie","Safari":"safari","Chrome":"chrome","Chrome Mobile":"chrome","Chrome Mobile iOS":"chrome","Mobile Safari":"safari","Mobile Safari UIWebView":"safari","IE":"ie","IE Mobile":"ie","Edge":"ie","Edge Mobile":"ie","Firefox":"firefox","Firefox Mobile":"firefox","Firefox iOS":"firefox"},"npm":{"Chrome":"chrome","Chrome Mobile":"chrome","Chrome Mobile iOS":"chrome","Safari":"safari","Mobile Safari":"safari","Mobile Safari UIWebView":"safari","IE":"ie","IE Mobile":"ie","Edge":"ie","Edge Mobile":"ie","Firefox":"firefox","Firefox Mobile":"firefox","Firefox iOS":"firefox"}},"displayShowMoreLess":false,"displayDeliveryTabDescription":false,"displayAsGuidePrice":true,"maps":{"provider":"Bing","key":"AsmhrPuia8p5xdMee4PT0Xzp4DNvHF3gyyBUCdfMfIopjHfCHCfLKLRtpBmdFPPS","clientId":"AsmhrPuia8p5xdMee4PT0Xzp4DNvHF3gyyBUCdfMfIopjHfCHCfLKLRtpBmdFPPS","interactiveAPI":"https:\u002F\u002Fwww.bing.com\u002Fmaps\u002Fsdk\u002Fmapcontrol","staticAPI":"https:\u002F\u002Fdev.virtualearth.net\u002FREST\u002Fv1\u002FImagery\u002FMap\u002FRoad\u002F","cspDirective":{"provider":["https:\u002F\u002F*.bing.com"],"map":["https:\u002F\u002F*.virtualearth.net"]}},"deliveryInstructionsMaxCharacters":200,"allowAllCharsInInstructions":true,"categoryDelimiter":",","facetsAllowingMultipleSelections":["shelf","brand"],"customAgeRestriction":18,"pickerNotesInputLimit":55,"hideCookiePolicyHeader":false,"defaultBulkBuyLimit":24,"defaultProductQuantity":1,"inputMaxLength":2,"inputMaxValue":99,"minBasketValue":40,"minBasketValuePromo":25,"minBasketSurcharge":4,"inputProductQuantityFormat":"^[0-9]{1,2}$","default-sort-option":"relevance","showBillingAddress":false,"billingAddressFormat":["addressLine1","addressLine2","addressLine3","addressLine4","addressLine5"],"appBanner":{"bannerEnabled":true},"trolleyOrderSummary":{"fullSummaryInAmend":true,"showSavings":false},"showSideBasketSavings":false,"paymentGatewayUrl":"https:\u002F\u002Fcustomerpayment.tesco.com\u002F","changeAddressUrl":"\u002Fslots\u002Fchange-address?_method=POST","updateSlotUrl":"\u002Fslots\u002Fcurrent?_method=PUT","futureExpiryYears":12,"payment":{"processor":"ighs","bank3dsCallbackUrl":"\u002Fcheckout\u002F3ds\u002Fprocess","showShortExpiryYear":false,"saveCard":{"enabled":false},"padExpiryMonth":false,"cookieRefresh":{"enabled":false},"includeXIDin3DS":true,"additional3dsParams":["msgId","xid"]},"paymentFieldNames":{"cardholderName":"CreditCard.CardholderName","cardNumber":"CreditCard.CardNumber","cardSecurityCode":"CreditCard.CardSecurityCode","expiryMonth":"CreditCard.ExpMonth","expiryYear":"CreditCard.ExpYear"},"baseCardFormat":"(\\d{16})","productListing":{"maxPageNumber":9999},"isCardPaymentFirst":true,"search":{"enableCancelButton":false},"PSD2Enabled":true,"checkout":{"showSignoutAndContinueActions":true,"showGuidePriceInfo":false,"confirmation":{"showSimpleFooter":false},"steps":[{"page":"review-trolley","path":"\u002Ftrolley","title":"checkout:common.review-your-trolley"},{"page":"order-summary","path":"\u002Fcheckout\u002Forder-summary","title":"checkout:order-summary.title"},{"page":"payment-options","path":"\u002Fcheckout\u002Fpayment-options","title":"checkout:common.payment-options"},{"page":"order-confirmation","path":"\u002Fcheckout\u002Fconfirmation","title":"checkout:common.order-confirmation"}],"show-terms-and-conditions":false,"enableInAmendMode":true,"disallowInAmendMode":true,"enableCreditCardHelp":true,"enableChangeOfCardInAmendMode":false,"enableAmendOrder":true,"enableAmendOffers":true,"enableAmendDelivery":true,"enableContinueShopping":true,"enableViewConfirmedOrder":true,"enableCancelChanges":true,"enableAddAddressModal":true,"enableSubmittingSpinner":true,"showBaglessBanner":false,"showBagOptions":true,"showBagMessage":true,"showBaglessMessage":false,"optionWithoutBagsFirst":true,"showBaglessPostLiveMessaging":false,"showPackagingDetails":false,"invalidTrolleyErrors":{"slotExpiredInAmend":{"external":false,"url":"\u002Fslots"},"invalidSlot":{"external":false,"url":"\u002Fslots"},"noItemsInBasket":{"external":false,"url":"\u002F"},"allItemsUnavailable":{"external":false,"url":"\u002Ftrolley"}},"papersOnCollectionParagraphs":["checkout:order-confirmation.papers-on-collection-text1","checkout:order-confirmation.papers-on-collection-text2","checkout:order-confirmation.papers-on-collection-text3"]},"ratingsAndReviews":{"pageInfo":{"defaultPageSize":10}},"addressModalTabIconBrowserTypes":{"chrome":"chrome","safari":"safari","ie":"ie"},"supportedCards":[{"type":"maestro","pattern":"^(5018|5020|5038|6304|6759|676[1-3])","format":"(\\d{16})","length":16,"cvcLength":[3],"luhn":true,"icon":"icon-card-maestro"},{"type":"mastercard","pattern":"^5[1-5]\\d{14}$|^2(?:2(?:2[1-9]|[3-9]\\d)|[3-6]\\d\\d|7(?:[01]\\d|20))\\d{12}$","format":"(\\d{16})","length":16,"cvcLength":[3],"luhn":true,"icon":"icon-card-mastercard"},{"type":"visa-electron","pattern":"^(4026|417500|4405|4508|4844|4913|4917)","format":"(\\d{16})","length":16,"cvcLength":[3],"luhn":true,"icon":"icon-card-visa-electron"},{"type":"visa","pattern":"^4","format":"(\\d{16})","length":16,"cvcLength":[3],"luhn":true,"icon":"icon-card-visa"}],"footer":{"cardLogos":[{"type":"visa","name":"Visa"},{"type":"mastercard","name":"Mastercard"}],"threeDSLogos":[{"type":"verified_by_visa","title":"common:verified-by-visa","name":"Verified By Visa"},{"type":"mastercard_securecode","title":"common:mastercard-securecode","name":"Mastercard Securecode"}],"data":[{"title":"footer:here-to-help","links":[{"text":"footer:guide-price","href":"help:guidePrice"},{"text":"footer:safe-shopping","href":"links:safeShopping"},{"text":"footer:terms-and-conditions","href":"links:termsConditions"},{"text":"footer:privacy-cookies","href":"links:privacyCookie"}]},{"title":"footer:about","links":[{"text":"footer:where-we-deliver","href":"serviceAvailabilityUrl"},{"text":"footer:service-charge","href":"links:serviceCharge"},{"text":"footer:payment-options","href":"links:paymentOptions"},{"text":"footer:corporate","data":"config","href":"links:corporate","target":"_blank","icon":"link-blue","alignIcon":"right"},{"text":"footer:clubcard","href":"links:clubCard","target":"_blank","icon":"link-blue","alignIcon":"right"}]},{"title":"footer:first-time-shopping","links":[{"text":"footer:how-to-shop","href":"links:howToShop"},{"text":"footer:registration","href":"links:registration"},{"text":"footer:booking-a-delivery","href":"links:bookDelivery"},{"text":"footer:favourites","href":"links:favourites"},{"text":"footer:vat-invoice","href":"links:vat-invoice"}]},{"title":"footer:contact-us","open":true,"links":[{"text":"contactEmail","data":"config","href":"emailUrl","icon":"email"},{"text":"contact","data":"config","href":"phoneURL","icon":"phone-blue"},{"text":"footer:store-locator","href":"links:store-locator","target":"_blank","icon":"storefinder-blue"}]}]},"minutesBeforeSlotExpiryWarning":30,"propositionalMessageEnabled":false,"eventsPageEnabled":true,"defaultDcsDomain":"digitalcontent.api.tesco.com","slotExpiryThresholdMinutes":15,"dfp":{"enabled":false,"adUnitPath":"","defaultSizes":["fluid",[918,110]],"libUrl":"https:\u002F\u002Fsecurepubads.g.doubleclick.net\u002Ftag\u002Fjs\u002Fgpt.js","limitedAdsUrl":"https:\u002F\u002Fpagead2.googlesyndication.com\u002Ftag\u002Fjs\u002Fgpt.js","sizeMappings":[[[0,531],["fluid",[300,250],[375,258],[375,110]]],[[532,723],["fluid",[532,110]]],[[724,917],["fluid",[724,110]]],[[918,50000],["fluid",[918,110]]]]},"useMango":{"productPage":false},"orderSummary":{"showCollectionInstructions":true},"showProductUnavailableMessages":true,"coupons":{"showTermsAndInst":false,"useLocaleForErrors":false,"enableRemove":true,"enableSelect":false,"enableHeadings":false},"bypassOptimizelyAndUseFirstNonDefaultVariant":false,"bypassOptimizelyAndUseDefaultVariant":false,"GDPRCompliance":false,"forceFallbackHomePageData":false,"showLineItemSubstitutionPreference":false,"eventsPage":true,"cookiePreferences":false,"showManageCookiesButton":true,"showRejectCookiesButton":false,"showPostcodeSearch":false,"showSearchByPostcode":false,"sendSlotsDefaultPostcode":true,"linkToMartini":false,"usualsEnabled":false,"showOrderTypeChangeWarning":false,"bagChargesEnabled":true,"dfpProductList":true,"greenClubcardPointsEnabled":false,"showPickerNotes":false,"showShelfLifeInfo":false,"promotionWarnings":false,"showPromotionStartDate":false,"showReconstructedOfferMsg":false,"enableLifestyleAndDietaryProductFilters":false,"enableChangeSlotOnbasketTileInAmendmode":false,"favSpecialOffers":false,"enableFavOffers":false,"lazyLoadFavPromotedOffers":false,"feedbackLinks":false,"foresee":false,"optimizelyEnabled":true,"enableFavoritesFilters":false,"debugExperiments":false,"enableAddAllButton":true,"enableBrowserWarning":false,"enableCMSValueTile":true,"enableRatingsReviewsListing":false,"enableRatingsReviewsSubmission":false,"enableRatingsReviewsNicknames":false,"enableVatInvoice":false,"enableSubstitutionPreferences":false,"renderSubstitutionContentAccordion":false,"alcoholConfirmation":false,"multiSearchEnabled":false,"enableUpdatesLink":true,"enableWismo":false,"sendEmailAddressForWhitelisting":false,"enableLoginUsingMobileNumber":false,"enableAmendModeModal":false,"showFDOXMessaging":false,"testDFPBanners":false,"includeFulfilmentOptions":false,"enableGoogleTM":true,"enableNewCheckoutRecommendationsTile":false,"showDidyouKnowOrders":true,"enabledIndexableBrandPages":false,"showPriceInfoAmendContextCard":false,"showPromotionsByDepartment":true,"showCCPriceLogoInSquare":false,"enableMfeBasket":false,"showOnlinePriceInfo":false,"bagMessageAndLinkEnabled":true,"registrationConsentRequired":true,"marketingLabelText":"auth:marketing-label-text","changePaymentDetailsEnabled":false,"contextCardLinkEnabled":true,"responsive":{"smallMax":599,"mediumSmallMin":600,"mediumSmallMax":767,"mediumMin":768,"mediumMax":991,"largeMin":992,"largeMax":1199,"extraLargeMin":1200},"bigNav":{"groceries":{"label":"groceries","url":"\u002Fshop","chevron":true,"activate":"toggleNavMenu"},"myProducts":{"label":"my-favourites","url":"\u002Ffavorites","requiresAuthentication":true},"promotions":{"label":"promotions","url":"\u002Fpromotions"},"events":{"label":"events-page","url":"\u002Fevents","configurable":"eventsPageEnabled","feature":"eventsPage","cmsNav":true}},"gtmLibUrl":"https:\u002F\u002Fwww.googletagmanager.com\u002Fgtm.js?id=GTM-MGZTXQJ","waitForAsyncPage":"3000;","favorites":{"default-sort-option":"relevance"},"optimizely":{"timeout":500,"host":"cdn.optimizely.com","siteId":"IGHS"},"fulfilmentCard":{"giabVariantEnabled":false},"showUtilityHeader":true,"lightDelivery":{"defaultStoreCatchmentRadiusInMeters":8000},"fulfilmentOptions":{"options":[],"availableShoppingMethods":["delivery","collection"],"groupedShoppingMethods":[{"category":"GHS_DELIVERY","methods":["delivery"]},{"category":"GHS_COLLECT","methods":["collection"]}]},"showVeganMessaging":false,"showIsolationDeliveryInfoLink":false,"hasFixedCollectionPoints":false,"shouldShowCookieBanner":true,"showToleranceValue":false,"apmTool":"newrelic","sentry":{"dsn":"https:\u002F\u002Fd91803bdddbe4692bd77944a91093022@o505202.ingest.sentry.io\u002F5597199"},"showNewAmendBar":false,"showMiniTrolleyFavsCTA":false,"myOrdersDDL":false,"fetchGetFulfilmentOptionOnHomePage":false,"displayClubcardDetails":false,"opinionLab":{"refererUrls":{"wismo":"wismo.tesco.com","ondemandwismo":"ondemandwismo.tesco.com","favorites":"myfavourites.tesco.com","specialOffers":"specialoffers.tesco.com"}},"promoByDepartmentTypeCheck":false,"useDCSv3":false,"TAP":{"PPE":{"path":"\u002Fuserinteraction\u002Fv1\u002Fevents\u002Froute\u002Fcustonline-qa","querystring":""},"connector":true},"shouldIncrementPromotionEndDate":false,"prideLogoDisplay":false,"blackLogoDisplay":false,"thirdPartyDelivery":{"termsAndConditionsUrl":"https:\u002F\u002Fwww.tesco.com\u002Fhelp\u002Fterms-and-conditions\u002Fgrocery\u002F"},"regularPriceDisplay":false,"newFavNavEnabled":false,"lastOrderEnabled":false,"slotPageFavCTA":false,"trolleyPageFavCTA":false,"showPriceOnUnavailableTile":false,"showFavSpecialOfferFilter":false,"showFavUnavailableFilter":false,"defaultSortOptions":["relevance","title-ascending","title-descending","price-ascending","price-descending"],"showOneCheckoutOrderConfirmation":false,"useWebViewLayout":false,"showOneCheckoutOrderSummary":false,"SITES":{"UK":{"default":{"footer":{"corporate":"Tesco.com","copyright":"Tesco.com $copyrightYear All rights reserved","data":[{"title":"footer:here-to-help","links":[{"text":"footer:my-account","href":"links:myAccount","externalSecureDomain":true},{"text":"footer:my-orders","href":"links:myOrders"},{"text":"footer:help","href":"links:help"},{"text":"footer:product-recall","href":"links:productRecall"},{"text":"footer:privacy-centre","href":"links:privacyCentre"}]},{"title":"footer:about","links":[{"text":"footer:accessibility","href":"links:accessibility"},{"text":"footer:sitemap","href":"links:sitemap"},{"text":"footer:privacy-cookies","href":"links:privacyCookies"},{"text":"footer:general-terms","href":"links:termsConditions"},{"text":"footer:product-terms","href":"links:productTerms"},{"text":"footer:coupon-terms","href":"links:couponTerms"}]},{"title":"footer:ways-to-save","links":[{"text":"footer:delivery-saver","href":"links:deliverySaver"},{"text":"footer:clubcard","href":"links:clubcard","icon":"link-blue"},{"text":"footer:click-collect","href":"links:clickCollect"},{"text":"footer:clubcard-prices","href":"links:clubcardPrices"}]},{"title":"footer:contact-us","links":[{"text":"footer:corporate","data":"config","href":"links:corporate","icon":"link-blue"},{"text":"footer:store-locator","href":"links:storeLocator","icon":"storefinder-blue"},{"text":"contact","data":"config","href":"phoneURL","icon":"phone-blue"},{"text":"contact2","data":"config","href":"phoneURL2","icon":"phone-blue"},{"text":"common:feedback","href":"links:feedback","icon":"feedback-blue"}]}],"cardLogos":[{"type":"visa","name":"Visa"},{"type":"mastercard","name":"Mastercard"},{"type":"american-express","name":"American Express"}],"threeDSLogos":[{"type":"verified_by_visa","title":"common:verified-by-visa","name":"Verified By Visa"},{"type":"mastercard_securecode","title":"common:mastercard-securecode","name":"Mastercard Securecode"},{"type":"american_express_safekey","title":"common:amex-safekey","name":"American Express Safekey"}],"additionalFooterLogos":[]},"help":{"eCoupons":{"en-GB":"https:\u002F\u002Fwww.tesco.com\u002Fhelp\u002Fgroceries-faq\u002F#clubcard-vouchers-and-ecoupons"},"eCouponTerms":{"en-GB":"https:\u002F\u002Fwww.tesco.com\u002Fhelp\u002Fterms-and-conditions\u002F#ecoupons"},"homeDelivery":{"en-GB":"https:\u002F\u002Fwww.tesco.com\u002Fgroceries\u002Fen-GB\u002Fhelp?my-delivery#my-delivery"},"clickCollect":{"en-GB":"https:\u002F\u002Fwww.tesco.com\u002Fhelp\u002Fgroceries-faq\u002F"},"cardTypesAccepted":{"en-GB":"https:\u002F\u002Fwww.tesco.com\u002Fgroceries\u002Fen-GB\u002Fhelp?payment-and-checkout#payment-and-checkout"},"guidePrice":{"en-GB":"https:\u002F\u002Fwww.tesco.com\u002Fhelp\u002Fgroceries-faq\u002F#what_is_a_guide_price"},"onlineShopping":{"en-GB":"https:\u002F\u002Fwww.tesco.com\u002Fgroceries\u002Fen-GB\u002Fhelp?how-to-shop#how-to-shop"},"myAccount":{"en-GB":"https:\u002F\u002Fwww.tesco.com\u002Fgroceries\u002Fen-GB\u002Fhelp?my-account#my-account"},"bagOptions":{"en-GB":"https:\u002F\u002Fwww.tesco.com\u002Fhelp\u002Fgroceries-faq\u002F#bagless_delivery"},"showClickCollect":false},"links":{"help":{"en-GB":"https:\u002F\u002Fwww.tesco.com\u002Fgroceries\u002Fen-GB\u002Fhelp\u002F"},"contact-us":"https:\u002F\u002Fwww.tesco.com\u002Fhelp\u002Fcontact\u002F","productRecall":"https:\u002F\u002Fwww.tesco.com\u002Fproductrecall\u002F","accessibility":"https:\u002F\u002Fwww.tesco.com\u002Fhelp\u002Faccessibility\u002F","sitemap":"https:\u002F\u002Fwww.tesco.com\u002Fhelp\u002Fsite-map\u002F","privacyCookies":{"en-GB":"https:\u002F\u002Fwww.tesco.com\u002Fhelp\u002Fprivacy-and-cookies\u002Fprivacy-centre\u002Fprivacy-policy-information\u002Fprivacy-policy\u002F"},"termsConditions":{"en-GB":"https:\u002F\u002Fwww.tesco.com\u002Fhelp\u002Fterms-and-conditions\u002F"},"termsConditionsRnRs":{"en-GB":"https:\u002F\u002Fwww.tesco.com\u002Fhelp\u002Fterms-and-conditions\u002F#Ratings"},"termsConditionsDietary":{"en-GB":"https:\u002F\u002Fwww.tesco.com\u002Fhelp\u002Fterms-and-conditions\u002F#Dietary"},"productTerms":{"en-GB":"https:\u002F\u002Fwww.tesco.com\u002Fhelp\u002Fterms-and-conditions\u002Fgrocery\u002F"},"privacyCentre":{"en-GB":"https:\u002F\u002Fwww.tesco.com\u002Fhelp\u002Fprivacy-and-cookies\u002Fprivacy-centre\u002F"},"deliveryOptionDeliverySaver":"https:\u002F\u002Fwww.tesco.com\u002Fdeliverysaver\u002F?icid=Delivery_Options_delivery_Saver\"","deliverySaver":"https:\u002F\u002Fwww.tesco.com\u002Fdeliverysaver\u002F?=&icid=Grocerywebfooter_DeliverySaver","clubcard":"https:\u002F\u002Fsecure.tesco.com\u002Fclubcard\u002F","clubcardMyAccount":"https:\u002F\u002Fsecure.tesco.com\u002FClubcard\u002FMyAccount\u002FHome\u002FHome","clickCollect":"https:\u002F\u002Fwww.tesco.com\u002Fgroceries\u002Fen-GB\u002Fzone\u002Ftesco-delivery","clubcardPrices":"https:\u002F\u002Fwww.tesco.com\u002Fgroceries\u002Fen-gb\u002Fbuylists\u002Fclubcard-prices\u002Ftop-picks","couponTerms":"https:\u002F\u002Fwww.tesco.com\u002Fhelp\u002Fterms-and-conditions\u002F#coupons","corporate":"https:\u002F\u002Fwww.tesco.com","storeLocator":"https:\u002F\u002Fwww.tesco.com\u002Fstore-locator\u002Fuk\u002F","feedback":"#!","myAccount":"\u002Faccount\u002Fen-GB\u002Fmanage","myOrders":"\u002Forders","deliveryHelp":{"en-GB":"https:\u002F\u002Fwww.tesco.com\u002Fgroceries\u002Fhelp\u002F?rel=help"},"basketSurchargeInfo":"https:\u002F\u002Fwww.tesco.com\u002Fhelp\u002Fgroceries-faq\u002F#minimum_order_value_home","carrierBagSurchargeInfo":"https:\u002F\u002Fwww.tesco.com\u002Fhelp\u002Fgroceries-faq\u002F#choose_bagless_delivery","deliveryCollectionCost":"https:\u002F\u002Fwww.tesco.com\u002Fhelp\u002Fgroceries-faq\u002F#how_much_does_delivery_or_collection_cost","amendOrderHelp":{"en-GB":"https:\u002F\u002Fwww.tesco.com\u002Fhelp\u002Fgroceries-faq\u002F#amend_the_number_products"},"cancelOrderHelp":{"en-GB":"https:\u002F\u002Fwww.tesco.com\u002Fhelp\u002Fgroceries-faq\u002F#cancel_my_order"},"collectionTab":"https:\u002F\u002Fwww.tesco.com\u002Fhelp\u002Fgroceries-faq\u002F?sc_cmp=CC_FAQ","homeDeliveryTab":"https:\u002F\u002Fwww.tesco.com\u002Fhelp\u002Fgroceries-faq\u002F#how_do_you_deliver","moreAboutGoingBagless":"https:\u002F\u002Fwww.tesco.com\u002Fhelp\u002Fgroceries-faq\u002F#bagless_trial","unmannedClickAndCollectStoreFaq":"https:\u002F\u002Fwww.tesco.com\u002Fgroceries\u002Fen-GB\u002Fzone\u002Fclick-and-collect-lockers","appDownload":{"url":{"Android":{"mobile":"https:\u002F\u002Fplay.google.com\u002Fstore\u002Fapps\u002Fdetails?id=com.tesco.grocery.view","tablet":"https:\u002F\u002Fplay.google.com\u002Fstore\u002Fapps\u002Fdetails?id=com.tesco.tablet"},"iOS":{"mobile":"https:\u002F\u002Fapps.apple.com\u002Fgb\u002Fapp\u002Ftesco-groceries\u002Fid389581236","tablet":"https:\u002F\u002Fapps.apple.com\u002Fgb\u002Fapp\u002Ftesco-groceries\u002Fid389581236"}},"appId":{"Android":{"mobile":"com.tesco.grocery.view","tablet":"com.tesco.tablet"},"iOS":{"mobile":"389581236","tablet":"389581236"}}},"manageCookiePreferences":{"en-GB":"https:\u002F\u002Fwww.tesco.com\u002Fhelp\u002Fen-GB\u002Fmanage-cookie-preferences"},"setCookiePreferences":{"en-GB":"https:\u002F\u002Fwww.tesco.com\u002Fhelp\u002Fen-GB\u002Fset-cookie-preferences"},"moreAboutOnDemand":"https:\u002F\u002Fwww.tesco.com\u002Fhelp\u002Fgroceries-faq\u002F?sc_cmp=CC_FAQ","aboutMarketplace":"#"},"mvt":{"campaigns":[null]},"navigation":{"en-GB":[{"categoryTitle":"layout:main-nav.groceries","links":[{"url":"\u002Ffavorites","text":"layout:main-nav.favorites","newTab":false,"leftIcon":"favorite-heart-icon","rightIcon":"","requiresAuthentication":true},{"url":"\u002Fslots","text":"layout:main-nav.book-a-slot","newTab":false,"leftIcon":"icon-bookaslot-01","rightIcon":"","requiresAuthentication":true},{"url":"\u002Forders","text":"layout:main-nav.my-orders","newTab":false,"leftIcon":"icon-my_orders-01","rightIcon":"","requiresAuthentication":true},{"url":"\u002Fevents","text":"navigation:events-page","newTab":false,"leftIcon":"icon-icon-events","rightIcon":"","feature":"eventsPage","cmsNav":true},{"url":"\u002Fpromotions","text":"layout:main-nav.special-offers","newTab":false,"leftIcon":"icon-promotion-nav","rightIcon":""},{"url":"\u002Faccount\u002Fen-GB\u002Fmanage","text":"layout:main-nav.my-account","newTab":false,"leftIcon":"icon-my-account","rightIcon":"","useExternalSecure":true},{"url":"https:\u002F\u002Fwww.tesco.com\u002FDeliverySaver\u002F","text":"layout:main-nav.delivery-saver","newTab":true,"leftIcon":"icon-delivery-saver","rightIcon":"icon-link"},{"url":"#","text":"layout:main-nav.download-app","newTab":false,"leftIcon":"icon-download-app","rightIcon":"","dynamicAppUrl":true}]},{"categoryTitle":"layout:main-nav.more-from_tesco","links":[{"url":"https:\u002F\u002Fsecure.tesco.com\u002Fclubcard\u002F","text":"layout:main-nav.clubcard-account","newTab":true,"leftIcon":"icon-clubcard-01","rightIcon":"icon-link"},{"url":"https:\u002F\u002Frealfood.tesco.com","text":"layout:main-nav.real-food","newTab":true,"leftIcon":"icon-real-food","rightIcon":"icon-link"},{"url":"https:\u002F\u002Fwww.tesco.com\u002Fstore-locator\u002Fuk\u002F?stop_mobi=yes","text":"footer:store-locator","newTab":true,"leftIcon":"icon-storefinder-blue","rightIcon":""},{"url":"https:\u002F\u002Fwww.tesco.com\u002Fdirect","text":"layout:main-nav.tesco-direct","newTab":true,"leftIcon":"icon-tesco-direct","rightIcon":"icon-link"},{"url":"https:\u002F\u002Fwww.tesco.com\u002Fdirect\u002Fclothing\u002F","text":"layout:main-nav.fandf","newTab":true,"leftIcon":"icon-f-and-f","rightIcon":"icon-link"}]},{"categoryTitle":"layout:main-nav.about-this-site","links":[{"url":"#!","text":"layout:main-nav.feedback","newTab":false,"leftIcon":"icon-feedback-blue","rightIcon":"","feedbackLink":true},{"url":"https:\u002F\u002Fwww.tesco.com\u002Fgroceries\u002Fen-GB\u002Fhelp","text":"common:help","newTab":false,"leftIcon":"icon-help-01","rightIcon":""},{"url":"https:\u002F\u002Fwww.tesco.com\u002Fhelp\u002Fcontact\u002F","text":"common:pages.contact","newTab":false,"leftIcon":"icon-email-large","rightIcon":""}]}]},"registration":{"addressFields":[{"name":"county-district","label":"auth:address-fields.county-district","type":"select","locationType":["County","District"]},{"name":"municipality","label":"auth:address-fields.municipality","type":"select","locationType":"Municipality"},{"name":"city-quarter","label":"auth:address-fields.city-quarter","type":"select","locationType":["Municipality Part","Quarter"]},{"name":"street","label":"auth:address-fields.street","type":"select","locationType":"Street"},{"name":"house-number","label":"auth:address-fields.house-number","type":"select","locationType":"Address"},{"name":"freetext1","label":"auth:address-fields.flat-number-optional","type":"input","maxLength":6}],"configs":{"nameTitleOptions":false,"firstName":true,"lastName":true,"phoneNumber":[{"rule":"phone-number-five-digits","translation":"auth:validation.phone-number-min-length","arg":5},{"rule":"phone-number-format","translation":"auth:validation.phone-number-format"},{"rule":"required","translation":"auth:validation.phone-number-required"}],"altPhoneNumber":[{"rule":"phone-number-five-digits","translation":"auth:validation.phone-number-min-length","arg":5},{"rule":"phone-number-format","translation":"auth:validation.phone-number-format"}],"phoneNumberAllowedCharacters":"[0-9]"}},"REGION":"UK","3dsecure":true,"brand":"tesco","siteSearch":false,"callCentreSupportedLanguageNames":"English","LANGUAGES":["en-GB"],"timezone":"Europe\u002FLondon","mustHaveAcceptedCookieNoticeSince":"2018-05-16T00:00:00+00:00","hideCookiePolicyHeader":true,"sharedLogin":true,"contact":"0800 323 4040","phoneURL":"tel:08003234040","contact2":"0330 123 4040","phoneURL2":"tel:03301234040","internationalCode":"+44-","categoryDelimiter":",","facetsAllowingMultipleSelections":["brand"],"transferApiCookies":["OAuth.AccessToken","UUID"],"currency":{"symbolPosition":"left","spaceBetweenSymbolAndValue":false,"compactMode":true,"symbol":"£","unitSymbol":"p","decimalMark":".","decimalPlaces":2,"thousandsSeparator":",","isoCode":"GBP"},"format":{"month":"MMM"},"showBillingAddress":true,"collectionAlwaysAvailable":true,"LANGUAGESWITCH":false,"useExternalAuthentication":true,"externalSecureDomain":"https:\u002F\u002Fsecure.tesco.com","externalLoginUrl":"\u002Faccount\u002Flogin\u002Fen-GB","externalRegistrationUrl":"\u002Faccount\u002Fen-GB\u002Fregister?newReg=true","externalRegistrationConfirmationPageUrl":"\u002Faccount\u002Fen-GB\u002Fregister\u002Fconfirm?success=true","externalLogoutUrl":"\u002Faccount\u002Flogin\u002Fen-GB\u002Flogout?from=","useExternalMyAccount":true,"externalMyAccountUrl":"\u002Faccount\u002Fen-GB\u002Fmanage","externalAddressBookUrl":"\u002Faccount\u002Fen-GB\u002Fmanage\u002Faddress-book","externalAddAddressUrl":"\u002Faccount\u002Fen-GB\u002Fmanage\u002Faddress-book\u002Fadd-address","externalEditAddressUrl":"\u002Faccount\u002Fen-GB\u002Fmanage\u002Faddress-book\u002Fchange-address","externalAuthCookies":["OAuth.AccessToken"],"displayShowMoreLess":true,"displayDeliveryTabDescription":false,"loyaltyCardNumberLength":18,"loyaltyCardPrefix":"63400952","serviceAvailableAreas":"London, ...","trolleyOrderSummary":{"fullSummaryInAmend":false,"showSavings":true},"creditCardsSupport":["visa","visa-debit","mastercard","american-express","maestro","tesco-debit","tesco-credit","visa-electron-not-supported"],"threeDSecureSupport":["american_express_safekey","verified_by_visa","mastercard_securecode"],"supportedCards":[{"type":"maestro","pattern":"^(5018|5020|5038|6304|6759|676[1-3])","format":"(\\d{16})","length":16,"cvcLength":[3],"luhn":true,"icon":"icon-card-maestro"},{"type":"mastercard","pattern":"^5[1-5]\\d{14}$|^2(?:2(?:2[1-9]|[3-9]\\d)|[3-6]\\d\\d|7(?:[01]\\d|20))\\d{12}$","format":"(\\d{16})","length":16,"cvcLength":[3],"luhn":true,"icon":"icon-card-mastercard"},{"type":"amex","pattern":"^3[47]","format":"(\\d{15})","length":15,"cvcLength":[4],"luhn":true,"icon":"icon-card-american-express"},{"type":"visa-electron","pattern":"^(4026|417500|4405|4508|4844|4913|4917)","format":"(\\d{16})","length":16,"cvcLength":[3],"luhn":true,"icon":"icon-card-visa-electron-not-supported"},{"type":"visa","pattern":"^4","format":"(\\d{16})","length":16,"cvcLength":[3],"luhn":true,"icon":"icon-card-visa"},{"type":"savedCard","pattern":"^\\*","format":"(\\*{12}\\d{4})","length":16,"luhn":false}],"customInstructions":false,"showInstructions":true,"allowAllCharsInInstructions":false,"paymentGatewayUrl":"\u002Fgroceries\u002Fghspay\u002FvalidatePayment\u002F?Lego=true","showOrderTypeChangeWarning":true,"showHomeAmendOrderContextCard":true,"showFirstSlotColAsToday":true,"showSecondSlotColAsTomorrow":true,"paymentErrorCodes":["CheckoutStatusError","DeAuthenticateError","DeliverySlotUnavailable","FailedToCreateOrder","FieldValidationError","InvalidCardLength","InvalidPAResResponse","InvalidPaymentCard","InvalidPaymentCardNumber","IssueNumberValidation","NoBasketItem","PaymentCardAuthorisationFailed","PaymentCardExpired","PaymentCardNotFound","PaymentReservationFailed","ReservationExpired","SecurityCodeValidation","UnableToCancelDeliverySlot","UnableToConfirmDeliverySlot","UnableToGetDeliverySlotDetails"],"payment":{"processor":"ghspayapp","bank3dsCallbackUrl":"\u002Fcheckout\u002F3ds\u002Fprocess-uk","showShortExpiryYear":true,"padExpiryMonth":true,"process3dsUrl":"\u002Fgroceries\u002Fghspay\u002FProcessAuthentication\u002F?Lego=true","threeDSecureRedirectUrl":"\u002Fcheckout\u002F3ds","successRedirectUrl":"\u002Fcheckout\u002Fprocess-order-confirmation","failureRedirectUrl":"\u002Fcheckout\u002Fpayment-options","cookieRefresh":{"enabled":false},"saveCard":{"enabled":true,"fieldName":"issaveselected"},"includeXIDin3DS":false,"additional3dsParams":["basketid","xid"]},"paymentFieldNames":{"cardholderName":"nameonthecard","cardNumber":"cardnumber","cardSecurityCode":"securitycode","expiryMonth":"expirymonth","expiryYear":"expiryyear"},"isCardPaymentFirst":false,"showAmendCheckoutButton":true,"showAmendOrderBarMenu":false,"showAmendOrderBarSaveButton":false,"showAmendOrderPage":true,"showPostcodeSearch":true,"showSearchByPostcode":true,"allowAmendSlot":true,"showAboutOurChargesLink":true,"showMinBasketChargeHelpLink":true,"orderSummary":{"showCollectionInstructions":false},"amendCutoff15MinsEarlier":true,"sameDaySlotSurcharge":2,"checkout":{"show-terms-and-conditions":true,"disallowInAmendMode":false,"showBaglessBanner":false,"showBagOptions":true,"showBaglessMessage":true,"offersType":"promotionType","donationInfo":{"link":"https:\u002F\u002Fdonate.redcross.org.uk\u002Fappeal\u002Fukraine-crisis-appeal?utm_campaign=Ukraine%20Crisis%20Appeal&utm_source=Unknown&utm_medium=Unknown&utm_content=Donate%20Landing_Donate%20-%20DEC%20Ukraine%20Humanitarian%20Appeal&utm_term=175154_Tescos%20Customers&c_name=Ukraine%20Crisis%20Appeal&c_source=Unknown&c_medium=Unknown&c_creative=Donate%20Landing_Donate%20-%20DEC%20Ukraine%20Humanitarian%20Appeal&c_code=175154&adg=Tescos%20Customers"},"haveYouForgottenStep":{"enabled":true},"steps":[{"page":"review-trolley","path":"\u002Ftrolley","title":"checkout:common.review-your-trolley"},{"page":"recommendations","isConditional":true,"path":"\u002Fcheckout\u002Frecommendations","title":"checkout:common.recommendations"},{"page":"have-you-forgotten","isConditional":true,"path":"\u002Fcheckout\u002Fhave-you-forgotten","title":"checkout:common.have-you-forgotten"},{"page":"order-summary","path":"\u002Fcheckout\u002Forder-summary","title":"checkout:order-summary.title"},{"page":"payment-options","path":"\u002Fcheckout\u002Fpayment-options","title":"checkout:common.payment-options"},{"page":"order-confirmation","path":"\u002Fcheckout\u002Fconfirmation","title":"checkout:common.order-confirmation"}]},"showSideBasketMessaging":true,"showSideBasketSavings":true,"showProductMessage":true,"enableBrowserWarning":true,"enableChangeOfCardInAmendMode":true,"promotionWarnings":true,"showPromotionStartDate":true,"showReconstructedOfferMsg":true,"enableChangeSlotOnbasketTileInAmendmode":true,"PSD2Enabled":false,"coupons":{"showTermsAndInst":true,"useLocaleForErrors":true,"enableRemove":false,"enableSelect":true,"enableHeadings":true,"errorCodes":["campaignlimitreached","campaignmonetorylimitreached","couponexpired","couponinvalidforcustomer","couponinvalidforstore","couponnotyetvalid","couponusagelimitreached","errorinsmartcouponservice","failed","invalidcouponcode","itemexists","misseddeliveryslot","missedquantity","norecords","notexist","redeemed","redemptionlimitreached","reserved","service-unavailable","undefined","excessdeduction","unfitable","unfittable"]},"useMango":{"productPage":true},"promotionsByDepartment":{"localData":true,"file":"promotions-by-department.json"},"displayNewFulfilmentUI":true,"bypassOptimizelyAndUseFirstNonDefaultVariant":false,"bypassOptimizelyAndUseDefaultVariant":false,"GDPRCompliance":true,"useEmailWhitelist":true,"showSlotsHub":true,"feedbackLinks":true,"foresee":true,"showLineItemSubstitutionPreference":true,"showPickerNotes":true,"useNewMyOrdersDesign":true,"showExtendedTrolleySummary":true,"showViewBasketInOpenOrder":true,"linkToMartini":true,"cookiePreferences":true,"showGroupAndSlotTitle":true,"useUpdatedServiceChargeLabels":true,"sameDayClickAndCollectEnabled":true,"propositionalMessageEnabled":true,"showSameDayMultipleDeliveryWarning":true,"usualsEnabled":true,"ajaxUnbookSlotEnabled":true,"allowMultipleAddresses":true,"bagMessageAndLinkEnabled":true,"changePaymentDetailsEnabled":true,"greenClubcardPointsEnabled":true,"showShelfLifeInfo":true,"favouritesWhyNotTry":true,"enableCheckoutJourneyModals":false,"enableSubstitutionPreferences":true,"renderSubstitutionContentAccordion":true,"favSpecialOffers":true,"enableFavOffers":true,"lazyLoadFavPromotedOffers":true,"enableLifestyleAndDietaryProductFilters":true,"enableFavoritesFilters":true,"enableMissedOfferTrackingInAnalytics":true,"multiSearchEnabled":true,"enableRatingsReviewsListing":true,"enableRatingsReviewsSubmission":true,"enableWismo":true,"hasFixedCollectionPoints":true,"enableNewCheckoutRecommendationsTile":true,"enableMfeBasket":true,"search":{"suggestionsUrl":"https:\u002F\u002Fsearch.api.tesco.com\u002Fsuggestion\u002F?distchannel=ghs&limit=10&query=","enableCancelButton":true},"dfp":{"enabled":true,"adUnitPath":"\u002F8326\u002Fgrocery\u002F","limitedAdsEnabled":true,"testAdUnitPath":"\u002F8326\u002Fbeta-grocery\u002F"},"martiniCookiesToRemoveOnLogout":["APC","BranchNumber","BTCCMS","CID","CustomerId","gpv_p15","OAuth.AccessToken","Orderid","PS","PSSC","PSyncHint","RegistrationSource","servicecharge","sessionTest","slotdateendtime","slotdatestarttime","SSVars","t","TWT","u","UIMode","UUID","v"],"isoCurrencyCode":"GBP","addByAdjustment":true,"bigNav":{"groceries":{"label":"groceries","url":"\u002Fshop","chevron":true,"activate":"toggleNavMenu"},"myProducts":{"label":"my-favourites","url":"\u002Ffavorites","requiresAuthentication":true},"recipes":{"label":"recipes","externalUrl":"https:\u002F\u002Frealfood.tesco.com\u002F","url":"\u002Fzone\u002Frecipes"},"promotions":{"label":"promotions","url":"\u002Fpromotions"},"events":{"label":"events-page","url":"\u002Fevents","configurable":"eventsPageEnabled","feature":"eventsPage","cmsNav":true},"deliverySaver":{"label":"delivery-saver","externalUrl":"https:\u002F\u002Fwww.tesco.com\u002FDeliverySaver\u002F"}},"recommenders":{"enabled":true,"product_details":{"strategy":"ubt","variant":"20","moduleType":"p","panelType":"t","pageId":"product_details","analyticsEventType":"product-details"},"search":{"strategy":"variant","variant":"search","moduleType":"sr","panelType":"t","pageId":"searchPLP"},"empty_search":{"strategy":"ts","variant":"6","moduleType":"sr","panelType":"t","pageId":"searchPLP"},"category":{"strategy":"ubt","variant":"20-3","panelType":"t","pageId":"browsePLP"},"home_page":{"strategy":"ts","variant":"6","moduleType":"h","panelType":"t","pageId":"home"},"promotions":{"strategy":"ubt","variant":"20-3","moduleType":"so","panelType":"t","pageId":"promotionsPLP"},"favorites":{"strategy":"ubt","variant":"20","moduleType":"f","panelType":"t","pageId":"favoritesPLP"},"buylist":{"strategy":"ubt","variant":"20","moduleType":"bl","panelType":"t","pageId":"buylistPLP"},"full-basket":{"strategy":"ts","variant":"6","moduleType":"bl","panelType":"t","pageId":"trolleyFullPLP"},"checkout":{"strategy":"morpheus","variant":"rt1-----yml","moduleType":"csl","panelType":"t","pageId":"reviewBasket"},"promotions1183":{"strategy":"variant","variant":"checkout","pageId":"recommendations","panelType":"t","moduleType":"csl","analyticsEventType":"special-offers"}},"optimizely":{"siteId":"GHS"},"ratingsReviews":{"ratingText":{"overCharLimit":2000,"minCharLimit":10},"ratingTitle":{"overCharLimit":50}},"paymentUI":{"enabled":true,"gatewayUrl":"\u002Fpayment","externalDomain":"https:\u002F\u002Fpayment-ppe.tesco.com","consumerId":"ghs-uk","successRedirectUrl":"\u002Fcheckout\u002Fprocess-order-confirmation","storeMigration":false,"paymentReferenceEnterprise":false},"productDetails":{"useDigitalContentProductImages":true},"showDeliveryAddressInAccordion":true,"showVeganMessaging":true,"showCollectLinkForUnavailableHDSlot":true,"slotsHubPage":{"notificationMessage":{"delivery":false,"collection":false,"ondemand":true,"ondemandcollection":true},"showLegalInfo":true,"subscriptIcons":{"delivery":"^","collection":"†","ondemand":"","ondemandcollection":""},"lineNumber":{"delivery":[1,2],"collection":[1,2,3],"ondemand":[1,2,3],"ondemandcollection":[1,2,3]}},"ondemand":{"minutesBeforeSlotExpiryWarning":5},"showNewAmendBar":true,"showMiniTrolleyFavsCTA":true,"wismoOrderDeliveredDisplayInMinutes":15,"myOrdersDDL":true,"includeFulfilmentOptions":true,"fetchGetFulfilmentOptionOnHomePage":false,"displayClubcardDetails":true,"getLoyaltyQueryTimeout":700,"promoByDepartmentTypeCheck":true,"useDCSv3":true,"regularPriceDisplay":true,"newFavNavEnabled":true,"lastOrderEnabled":true,"slotPageFavCTA":true,"trolleyPageFavCTA":true,"showPriceOnUnavailableTile":true,"showFavSpecialOfferFilter":true,"showFavUnavailableFilter":true,"defaultSortOptions":["relevance","price-ascending","price-descending"],"showOneCheckoutOrderConfirmation":true,"showCheckoutBannerTexts":true,"blackLogoDisplay":false,"showOneCheckoutOrderSummary":true},"ghsapp-uk":{"productDetails":{"enableHeaderWrapperAndMiniTrolley":false,"enableTaxonomy":false,"enableBreadcrumbs":false,"enableFooter":false,"renderOnlyProductBlocksAndTerms":true},"checkout":{"showSignoutAndContinueActions":false,"confirmation":{"showSimpleFooter":true},"haveYouForgottenStep":{"enabled":false},"steps":[{"page":"order-summary","path":"\u002Fcheckout\u002Forder-summary","title":"checkout:order-summary.title"},{"page":"payment-options","path":"\u002Fcheckout\u002Fpayment-options","title":"checkout:common.payment-options"},{"page":"order-confirmation","path":"\u002Fcheckout\u002Fconfirmation","title":"checkout:common.order-confirmation"}],"enableCreditCardHelp":false,"enableAmendOrder":false,"enableAmendDelivery":false,"enableContinueShopping":false,"enableViewConfirmedOrder":false,"enableCancelChanges":false,"enableAddAddressModal":false,"enableSubmittingSpinner":false,"invalidTrolleyErrors":{"slotExpiredInAmend":{"external":true,"url":"tesco-ghs-app:\u002F\u002Fbookaslot?source=checkout"},"invalidSlot":{"external":true,"url":"tesco-ghs-app:\u002F\u002Fbookaslot?source=checkout"},"noItemsInBasket":{"external":true,"url":"tesco-ghs-app:\u002F\u002Fhome?source=checkout"},"allItemsUnavailable":{"external":true,"url":"tesco-ghs-app:\u002F\u002Fbasket?source=checkout"}}},"showInstructions":false,"externalLoginUrl":"\u002Faccount\u002Flogin\u002Fen-GB?consumer=app","externalAddAddressUrl":"\u002Fregister\u002FaddressBook.aspx","dfp":{"enabled":false},"enableRatingsReviewsListing":false,"paymentUI":{"consumerId":"ghsapp-uk"}},"ghsnativeapp-uk":{"checkout":{"showSignoutAndContinueActions":false,"confirmation":{"showSimpleFooter":true},"haveYouForgottenStep":{"enabled":false},"steps":[{"page":"order-summary","path":"\u002Fcheckout\u002Forder-summary","title":"checkout:order-summary.title"},{"page":"payment-options","path":"\u002Fcheckout\u002Fpayment-options","title":"checkout:common.payment-options"},{"page":"order-confirmation","path":"\u002Fcheckout\u002Fconfirmation","title":"checkout:common.order-confirmation"}],"enableCreditCardHelp":false,"enableAmendOrder":false,"enableAmendDelivery":false,"enableContinueShopping":false,"enableViewConfirmedOrder":false,"enableCancelChanges":false,"enableAddAddressModal":false,"enableSubmittingSpinner":false,"invalidTrolleyErrors":{"slotExpiredInAmend":{"external":true,"url":"tesco-ghs-app:\u002F\u002Fbookaslot?source=checkout"},"invalidSlot":{"external":true,"url":"tesco-ghs-app:\u002F\u002Fbookaslot?source=checkout"},"noItemsInBasket":{"external":true,"url":"tesco-ghs-app:\u002F\u002Fhome?source=checkout"},"allItemsUnavailable":{"external":true,"url":"tesco-ghs-app:\u002F\u002Fbasket?source=checkout"}}},"showInstructions":false,"externalLoginUrl":"\u002Faccount\u002Flogin\u002Fen-GB?consumer=app","externalAddAddressUrl":"\u002Fregister\u002FaddressBook.aspx","homePageLink":{"en-GB":"tesco-ghs-app:\u002F\u002Fhome"},"dfp":{"enabled":false},"enableRatingsReviewsListing":false,"paymentUI":{"consumerId":"ghsnativeapp-uk"},"showUtilityHeader":false},"webview-android-app":{"useWebViewLayout":true,"hideBreadCrumb":true,"enableRatingsReviewsSubmission":false,"product":{"disableRestOfShelfLink":true,"disablePDPLink":true,"disablePromotionLink":true}},"webview-ios-app":{"useWebViewLayout":true,"hideBreadCrumb":true,"enableRatingsReviewsSubmission":false,"product":{"disableRestOfShelfLink":true,"disablePDPLink":true,"disablePromotionLink":true}}}}}</script>
        <link href="./tesco_html_brand_frozen_files/UK-554ab7b42e.en-GB.js.download" rel="preload" as="script">
        <link href="./tesco_html_brand_frozen_files/static-vendor.bundle.07a529d39fa55b5a4b98.js.download" rel="preload" as="script">
        <link href="./tesco_html_brand_frozen_files/static-common.bundle.926c5e26d972ffce7b3f.js.download" rel="preload" as="script">
          <link href="./tesco_html_brand_frozen_files/static-categories.bundle.64935db59419f99294a0.js.download" rel="preload" as="script">
    <script type="application/json" id="cookiePreferences">
      {"displayInterrupt":false,"experience":false,"advertising":false}
    </script>
    <script type="text/javascript">var usingAppJS=true;"use strict";!function(e,t,n){var r=[],o=[],i={_version:"3.5.0",_config:{classPrefix:"",enableClasses:!0,enableJSClass:!0,usePrefixes:!0},_q:[],on:function(e,t){var n=this;setTimeout(function(){t(n[e])},0)},addTest:function(e,t,n){o.push({name:e,fn:t,options:n})},addAsyncTest:function(e){o.push({name:null,fn:e})}},s=function(){};s.prototype=i,s=new s;var a=i._config.usePrefixes?" -webkit- -moz- -o- -ms- ".split(" "):["",""];function l(e,t){return typeof e===t}i._prefixes=a;var u=t.documentElement,c="svg"===u.nodeName.toLowerCase();function f(e){var t=u.className,n=s._config.classPrefix||"";if(c&&(t=t.baseVal),usingAppJS){var r=new RegExp("(^|\\s)"+n+"no-js(\\s|$)");t=t.replace(r,"$1"+n+"js$2")}s._config.enableClasses&&(t+=" "+n+e.join(" "+n),c?u.className.baseVal=t:u.className=t)}c||function(e,t){var n,r,o=e.html5||{},i=/^<|^(?:button|map|select|textarea|object|iframe|option|optgroup)$/i,s=/^(?:a|b|code|div|fieldset|h1|h2|h3|h4|h5|h6|i|label|li|ol|p|q|span|strong|style|table|tbody|td|th|tr|ul)$/i,a="_html5shiv",l=0,u={};function c(){var e=m.elements;return"string"==typeof e?e.split(" "):e}function f(e){var t=u[e[a]];return t||(t={},l++,e[a]=l,u[l]=t),t}function d(e,n,o){return n||(n=t),r?n.createElement(e):(o||(o=f(n)),!(a=o.cache[e]?o.cache[e].cloneNode():s.test(e)?(o.cache[e]=o.createElem(e)).cloneNode():o.createElem(e)).canHaveChildren||i.test(e)||a.tagUrn?a:o.frag.appendChild(a));var a}function p(e){e||(e=t);var o=f(e);return!m.shivCSS||n||o.hasCSS||(o.hasCSS=!!function(e,t){var n=e.createElement("p"),r=e.getElementsByTagName("head")[0]||e.documentElement;return n.innerHTML="x<style>"+t+"</style>",r.insertBefore(n.lastChild,r.firstChild)}(e,"article,aside,dialog,figcaption,figure,footer,header,hgroup,main,nav,section{display:block}mark{background:#FF0;color:#000}template{display:none}")),r||function(e,t){t.cache||(t.cache={},t.createElem=e.createElement,t.createFrag=e.createDocumentFragment,t.frag=t.createFrag()),e.createElement=function(n){return m.shivMethods?d(n,e,t):t.createElem(n)},e.createDocumentFragment=Function("h,f","return function(){var n=f.cloneNode(),c=n.createElement;h.shivMethods&&("+c().join().replace(/[\w\-:]+/g,function(e){return t.createElem(e),t.frag.createElement(e),'c("'+e+'")'})+");return n}")(m,t.frag)}(e,o),e}!function(){try{var e=t.createElement("a");e.innerHTML="<xyz></xyz>",n="hidden"in e,r=1==e.childNodes.length||function(){t.createElement("a");var e=t.createDocumentFragment();return void 0===e.cloneNode||void 0===e.createDocumentFragment||void 0===e.createElement}()}catch(e){n=!0,r=!0}}();var m={elements:o.elements||"abbr article aside audio bdi canvas data datalist details dialog figcaption figure footer header hgroup main mark meter nav output picture progress section summary template time video",version:"3.7.3",shivCSS:!1!==o.shivCSS,supportsUnknownElements:r,shivMethods:!1!==o.shivMethods,type:"default",shivDocument:p,createElement:d,createDocumentFragment:function(e,n){if(e||(e=t),r)return e.createDocumentFragment();for(var o=(n=n||f(e)).frag.cloneNode(),i=0,s=c(),a=s.length;i<a;i++)o.createElement(s[i]);return o},addElements:function(e,t){var n=m.elements;"string"!=typeof n&&(n=n.join(" ")),"string"!=typeof e&&(e=e.join(" ")),m.elements=n+" "+e,p(t)}};e.html5=m,p(t),"object"==typeof module&&module.exports&&(module.exports=m)}(void 0!==e?e:this,t);var d,p,m=i._config.usePrefixes?"Moz O ms Webkit".toLowerCase().split(" "):[];function h(e,t){if("object"==typeof e)for(var n in e)d(e,n)&&h(n,e[n]);else{var r=(e=e.toLowerCase()).split("."),o=s[r[0]];if(2==r.length&&(o=o[r[1]]),void 0!==o)return s;t="function"==typeof t?t():t,1==r.length?s[r[0]]=t:(!s[r[0]]||s[r[0]]instanceof Boolean||(s[r[0]]=new Boolean(s[r[0]])),s[r[0]][r[1]]=t),f([(t&&0!=t?"":"no-")+r.join("-")]),s._trigger(e,t)}return s}i._domPrefixes=m,d=l(p={}.hasOwnProperty,"undefined")||l(p.call,"undefined")?function(e,t){return t in e&&l(e.constructor.prototype[t],"undefined")}:function(e,t){return p.call(e,t)},i._l={},i.on=function(e,t){this._l[e]||(this._l[e]=[]),this._l[e].push(t),s.hasOwnProperty(e)&&setTimeout(function(){s._trigger(e,s[e])},0)},i._trigger=function(e,t){if(this._l[e]){var n=this._l[e];setTimeout(function(){var e;for(e=0;e<n.length;e++)(0,n[e])(t)},0),delete this._l[e]}},s._q.push(function(){i.addTest=h});var v="CSS"in e&&"supports"in e.CSS,g="supportsCSS"in e;function y(){return"function"!=typeof t.createElement?t.createElement(arguments[0]):c?t.createElementNS.call(t,"http://www.w3.org/2000/svg",arguments[0]):t.createElement.apply(t,arguments)}function C(e,n,r,o){var i,s,a,l,f="modernizr",d=y("div"),p=function(){var e=t.body;return e||((e=y(c?"svg":"body")).fake=!0),e}();if(parseInt(r,10))for(;r--;)(a=y("div")).id=o?o[r]:f+(r+1),d.appendChild(a);return(i=y("style")).type="text/css",i.id="s"+f,(p.fake?p:d).appendChild(i),p.appendChild(d),i.styleSheet?i.styleSheet.cssText=e:i.appendChild(t.createTextNode(e)),d.id=f,p.fake&&(p.style.background="",p.style.overflow="hidden",l=u.style.overflow,u.style.overflow="hidden",u.appendChild(p)),s=n(d,e),p.fake?(p.parentNode.removeChild(p),u.style.overflow=l,u.offsetHeight):d.parentNode.removeChild(d),!!s}s.addTest("supports",v||g);var S,b=(S=e.matchMedia||e.msMatchMedia)?function(e){var t=S(e);return t&&t.matches||!1}:function(t){var n=!1;return C("@media "+t+" { #modernizr { position: absolute; } }",function(t){n="absolute"==(e.getComputedStyle?e.getComputedStyle(t,null):t.currentStyle).position}),n};i.mq=b;var x=i.testStyles=C;s.addTest("touchevents",function(){var n;if("ontouchstart"in e||e.DocumentTouch&&t instanceof DocumentTouch)n=!0;else{var r=["@media (",a.join("touch-enabled),("),"heartz",")","{#modernizr{top:9px;position:absolute}}"].join("");x(r,function(e){n=9===e.offsetTop})}return n});var w=i._config.usePrefixes?"Moz O ms Webkit".split(" "):[];function E(e,t){return function(){return e.apply(t,arguments)}}i._cssomPrefixes=w;var _={elem:y("modernizr")};s._q.push(function(){delete _.elem});var T={style:_.elem.style};function z(e){return e.replace(/([A-Z])/g,function(e,t){return"-"+t.toLowerCase()}).replace(/^ms-/,"-ms-")}function P(t,r){var o=t.length;if("CSS"in e&&"supports"in e.CSS){for(;o--;)if(e.CSS.supports(z(t[o]),r))return!0;return!1}if("CSSSupportsRule"in e){for(var i=[];o--;)i.push("("+z(t[o])+":"+r+")");return C("@supports ("+(i=i.join(" or "))+") { #modernizr { position: absolute; } }",function(t){return"absolute"==function(t,n,r){var o;if("getComputedStyle"in e){o=getComputedStyle.call(e,t,n);var i=e.console;null!==o?r&&(o=o.getPropertyValue(r)):i&&i[i.error?"error":"log"].call(i,"getComputedStyle returning null, its possible modernizr test results are inaccurate")}else o=!n&&t.currentStyle&&t.currentStyle[r];return o}(t,null,"position")})}return n}function j(e,t,r,o){if(o=!l(o,"undefined")&&o,!l(r,"undefined")){var i=P(e,r);if(!l(i,"undefined"))return i}for(var s,a,u,c,f,d=["modernizr","tspan","samp"];!T.style&&d.length;)s=!0,T.modElem=y(d.shift()),T.style=T.modElem.style;function p(){s&&(delete T.style,delete T.modElem)}for(u=e.length,a=0;a<u;a++)if(c=e[a],f=T.style[c],~(""+c).indexOf("-")&&(c=c.replace(/([a-z])-([a-z])/g,function(e,t,n){return t+n.toUpperCase()}).replace(/^-/,"")),T.style[c]!==n){if(o||l(r,"undefined"))return p(),"pfx"!=t||c;try{T.style[c]=r}catch(e){}if(T.style[c]!=f)return p(),"pfx"!=t||c}return p(),!1}s._q.unshift(function(){delete T.style});i.testProp=function(e,t,r){return j([e],n,t,r)};function k(e,t,n,r,o){var i=e.charAt(0).toUpperCase()+e.slice(1),s=(e+" "+w.join(i+" ")+i).split(" ");return l(t,"string")||l(t,"undefined")?j(s,t,r,o):function(e,t,n){var r;for(var o in e)if(e[o]in t)return!1===n?e[o]:l(r=t[e[o]],"function")?E(r,n||t):r;return!1}(s=(e+" "+m.join(i+" ")+i).split(" "),t,n)}function N(e,t,r){return k(e,n,n,t,r)}i.testAllProps=k,i.testAllProps=N,s.addTest("flexbox",N("flexBasis","1px",!0)),s.addTest("flexboxlegacy",N("boxDirection","reverse",!0)),s.addTest("csstransforms",function(){return-1===navigator.userAgent.indexOf("Android 2.")&&N("transform","scale(1)",!0)}),s.addTest("csstransforms3d",function(){var e=!!N("perspective","1px",!0),t=s._config.usePrefixes;if(e&&(!t||"webkitPerspective"in u.style)){var n;s.supports?n="@supports (perspective: 1px)":(n="@media (transform-3d)",t&&(n+=",(-webkit-transform-3d)")),x("#modernizr{width:0;height:0}"+(n+="{#modernizr{width:7px;height:18px;margin:0;padding:0;border:0}}"),function(t){e=7===t.offsetWidth&&18===t.offsetHeight})}return e}),s.addTest("csstransitions",N("transition","all",!0)),function(){var e,t,n,i,a,u;for(var c in o)if(o.hasOwnProperty(c)){if(e=[],(t=o[c]).name&&(e.push(t.name.toLowerCase()),t.options&&t.options.aliases&&t.options.aliases.length))for(n=0;n<t.options.aliases.length;n++)e.push(t.options.aliases[n].toLowerCase());for(i=l(t.fn,"function")?t.fn():t.fn,a=0;a<e.length;a++)1===(u=e[a].split(".")).length?s[u[0]]=i:(!s[u[0]]||s[u[0]]instanceof Boolean||(s[u[0]]=new Boolean(s[u[0]])),s[u[0]][u[1]]=i),r.push((i?"":"no-")+u.join("-"))}}(),f(r),delete i.addTest,delete i.addAsyncTest;for(var M=0;M<s._q.length;M++)s._q[M]();e.Modernizr=s}(window,document);"use strict";Modernizr.addTest("ios8",function(){return!!(navigator.appVersion||"").match(/OS 8_(\d+)_?(\d+)? like Mac OS X/)}),Modernizr.addTest("ie",function(){return!!(navigator.appVersion||"").match(/(MSIE|Trident)/)});!function(t,e){for(var n in e)t[n]=e[n]}(window,function(t){var e={};function n(r){if(e[r])return e[r].exports;var o=e[r]={i:r,l:!1,exports:{}};return t[r].call(o.exports,o,o.exports,n),o.l=!0,o.exports}return n.m=t,n.c=e,n.d=function(t,e,r){n.o(t,e)||Object.defineProperty(t,e,{enumerable:!0,get:r})},n.r=function(t){"undefined"!=typeof Symbol&&Symbol.toStringTag&&Object.defineProperty(t,Symbol.toStringTag,{value:"Module"}),Object.defineProperty(t,"__esModule",{value:!0})},n.t=function(t,e){if(1&e&&(t=n(t)),8&e)return t;if(4&e&&"object"==typeof t&&t&&t.__esModule)return t;var r=Object.create(null);if(n.r(r),Object.defineProperty(r,"default",{enumerable:!0,value:t}),2&e&&"string"!=typeof t)for(var o in t)n.d(r,o,function(e){return t[e]}.bind(null,o));return r},n.n=function(t){var e=t&&t.__esModule?function(){return t.default}:function(){return t};return n.d(e,"a",e),e},n.o=function(t,e){return Object.prototype.hasOwnProperty.call(t,e)},n.p="",n(n.s=37)}([function(t,e){var n=t.exports="undefined"!=typeof window&&window.Math==Math?window:"undefined"!=typeof self&&self.Math==Math?self:Function("return this")();"number"==typeof __g&&(__g=n)},function(t,e){t.exports=function(t){return"object"==typeof t?null!==t:"function"==typeof t}},function(t,e,n){var r=n(10)("wks"),o=n(11),i=n(0).Symbol,u="function"==typeof i;(t.exports=function(t){return r[t]||(r[t]=u&&i[t]||(u?i:o)("Symbol."+t))}).store=r},function(t,e,n){var r=n(1);t.exports=function(t){if(!r(t))throw TypeError(t+" is not an object!");return t}},function(t,e){t.exports=function(t){try{return!!t()}catch(t){return!0}}},function(t,e){var n=t.exports={version:"2.6.11"};"number"==typeof __e&&(__e=n)},function(t,e,n){"use strict";var r,o,i=n(25),u=RegExp.prototype.exec,c=String.prototype.replace,a=u,l=(r=/a/,o=/b*/g,u.call(r,"a"),u.call(o,"a"),0!==r.lastIndex||0!==o.lastIndex),f=void 0!==/()??/.exec("")[1];(l||f)&&(a=function(t){var e,n,r,o,a=this;return f&&(n=new RegExp("^"+a.source+"$(?!\\s)",i.call(a))),l&&(e=a.lastIndex),r=u.call(a,t),l&&r&&(a.lastIndex=a.global?r.index+r[0].length:e),f&&r&&r.length>1&&c.call(r[0],n,function(){for(o=1;o<arguments.length-2;o++)void 0===arguments[o]&&(r[o]=void 0)}),r}),t.exports=a},function(t,e,n){var r=n(29),o=n(33);t.exports=n(8)?function(t,e,n){return r.f(t,e,o(1,n))}:function(t,e,n){return t[e]=n,t}},function(t,e,n){t.exports=!n(4)(function(){return 7!=Object.defineProperty({},"a",{get:function(){return 7}}).a})},function(t,e){var n={}.toString;t.exports=function(t){return n.call(t).slice(8,-1)}},function(t,e,n){var r=n(5),o=n(0),i=o["__core-js_shared__"]||(o["__core-js_shared__"]={});(t.exports=function(t,e){return i[t]||(i[t]=void 0!==e?e:{})})("versions",[]).push({version:r.version,mode:n(18)?"pure":"global",copyright:"© 2019 Denis Pushkarev (zloirock.ru)"})},function(t,e){var n=0,r=Math.random();t.exports=function(t){return"Symbol(".concat(void 0===t?"":t,")_",(++n+r).toString(36))}},function(t,e){t.exports=function(t){if("function"!=typeof t)throw TypeError(t+" is not a function!");return t}},function(t,e){var n=Math.ceil,r=Math.floor;t.exports=function(t){return isNaN(t=+t)?0:(t>0?r:n)(t)}},function(t,e){t.exports=function(t){if(null==t)throw TypeError("Can't call method on  "+t);return t}},function(t,e,n){var r=n(0),o=n(7),i=n(34),u=n(11)("src"),c=n(35),a=(""+c).split("toString");n(5).inspectSource=function(t){return c.call(t)},(t.exports=function(t,e,n,c){var l="function"==typeof n;l&&(i(n,"name")||o(n,"name",e)),t[e]!==n&&(l&&(i(n,u)||o(n,u,t[e]?""+t[e]:a.join(String(e)))),t===r?t[e]=n:c?t[e]?t[e]=n:o(t,e,n):(delete t[e],o(t,e,n)))})(Function.prototype,"toString",function(){return"function"==typeof this&&this[u]||c.call(this)})},function(t,e,n){"use strict";var r=n(17),o=n(3),i=n(19),u=n(20),c=n(22),a=n(23),l=n(6),f=n(4),s=Math.min,p=[].push,d=!f(function(){RegExp(4294967295,"y")});n(26)("split",2,function(t,e,n,f){var v;return v="c"=="abbc".split(/(b)*/)[1]||4!="test".split(/(?:)/,-1).length||2!="ab".split(/(?:ab)*/).length||4!=".".split(/(.?)(.?)/).length||".".split(/()()/).length>1||"".split(/.?/).length?function(t,e){var o=String(this);if(void 0===t&&0===e)return[];if(!r(t))return n.call(o,t,e);for(var i,u,c,a=[],f=(t.ignoreCase?"i":"")+(t.multiline?"m":"")+(t.unicode?"u":"")+(t.sticky?"y":""),s=0,d=void 0===e?4294967295:e>>>0,v=new RegExp(t.source,f+"g");(i=l.call(v,o))&&!((u=v.lastIndex)>s&&(a.push(o.slice(s,i.index)),i.length>1&&i.index<o.length&&p.apply(a,i.slice(1)),c=i[0].length,s=u,a.length>=d));)v.lastIndex===i.index&&v.lastIndex++;return s===o.length?!c&&v.test("")||a.push(""):a.push(o.slice(s)),a.length>d?a.slice(0,d):a}:"0".split(void 0,0).length?function(t,e){return void 0===t&&0===e?[]:n.call(this,t,e)}:n,[function(n,r){var o=t(this),i=null==n?void 0:n[e];return void 0!==i?i.call(n,o,r):v.call(String(o),n,r)},function(t,e){var r=f(v,t,this,e,v!==n);if(r.done)return r.value;var l=o(t),p=String(this),g=i(l,RegExp),h=l.unicode,y=(l.ignoreCase?"i":"")+(l.multiline?"m":"")+(l.unicode?"u":"")+(d?"y":"g"),x=new g(d?l:"^(?:"+l.source+")",y),m=void 0===e?4294967295:e>>>0;if(0===m)return[];if(0===p.length)return null===a(x,p)?[p]:[];for(var b=0,E=0,S=[];E<p.length;){x.lastIndex=d?E:0;var w,_=a(x,d?p:p.slice(E));if(null===_||(w=s(c(x.lastIndex+(d?0:E)),p.length))===b)E=u(p,E,h);else{if(S.push(p.slice(b,E)),S.length===m)return S;for(var j=1;j<=_.length-1;j++)if(S.push(_[j]),S.length===m)return S;E=b=w}}return S.push(p.slice(b)),S}]})},function(t,e,n){var r=n(1),o=n(9),i=n(2)("match");t.exports=function(t){var e;return r(t)&&(void 0!==(e=t[i])?!!e:"RegExp"==o(t))}},function(t,e){t.exports=!1},function(t,e,n){var r=n(3),o=n(12),i=n(2)("species");t.exports=function(t,e){var n,u=r(t).constructor;return void 0===u||null==(n=r(u)[i])?e:o(n)}},function(t,e,n){"use strict";var r=n(21)(!0);t.exports=function(t,e,n){return e+(n?r(t,e).length:1)}},function(t,e,n){var r=n(13),o=n(14);t.exports=function(t){return function(e,n){var i,u,c=String(o(e)),a=r(n),l=c.length;return a<0||a>=l?t?"":void 0:(i=c.charCodeAt(a))<55296||i>56319||a+1===l||(u=c.charCodeAt(a+1))<56320||u>57343?t?c.charAt(a):i:t?c.slice(a,a+2):u-56320+(i-55296<<10)+65536}}},function(t,e,n){var r=n(13),o=Math.min;t.exports=function(t){return t>0?o(r(t),9007199254740991):0}},function(t,e,n){"use strict";var r=n(24),o=RegExp.prototype.exec;t.exports=function(t,e){var n=t.exec;if("function"==typeof n){var i=n.call(t,e);if("object"!=typeof i)throw new TypeError("RegExp exec method returned something other than an Object or null");return i}if("RegExp"!==r(t))throw new TypeError("RegExp#exec called on incompatible receiver");return o.call(t,e)}},function(t,e,n){var r=n(9),o=n(2)("toStringTag"),i="Arguments"==r(function(){return arguments}());t.exports=function(t){var e,n,u;return void 0===t?"Undefined":null===t?"Null":"string"==typeof(n=function(t,e){try{return t[e]}catch(t){}}(e=Object(t),o))?n:i?r(e):"Object"==(u=r(e))&&"function"==typeof e.callee?"Arguments":u}},function(t,e,n){"use strict";var r=n(3);t.exports=function(){var t=r(this),e="";return t.global&&(e+="g"),t.ignoreCase&&(e+="i"),t.multiline&&(e+="m"),t.unicode&&(e+="u"),t.sticky&&(e+="y"),e}},function(t,e,n){"use strict";n(27);var r=n(15),o=n(7),i=n(4),u=n(14),c=n(2),a=n(6),l=c("species"),f=!i(function(){var t=/./;return t.exec=function(){var t=[];return t.groups={a:"7"},t},"7"!=="".replace(t,"$<a>")}),s=function(){var t=/(?:)/,e=t.exec;t.exec=function(){return e.apply(this,arguments)};var n="ab".split(t);return 2===n.length&&"a"===n[0]&&"b"===n[1]}();t.exports=function(t,e,n){var p=c(t),d=!i(function(){var e={};return e[p]=function(){return 7},7!=""[t](e)}),v=d?!i(function(){var e=!1,n=/a/;return n.exec=function(){return e=!0,null},"split"===t&&(n.constructor={},n.constructor[l]=function(){return n}),n[p](""),!e}):void 0;if(!d||!v||"replace"===t&&!f||"split"===t&&!s){var g=/./[p],h=n(u,p,""[t],function(t,e,n,r,o){return e.exec===a?d&&!o?{done:!0,value:g.call(e,n,r)}:{done:!0,value:t.call(n,e,r)}:{done:!1}}),y=h[0],x=h[1];r(String.prototype,t,y),o(RegExp.prototype,p,2==e?function(t,e){return x.call(t,this,e)}:function(t){return x.call(t,this)})}}},function(t,e,n){"use strict";var r=n(6);n(28)({target:"RegExp",proto:!0,forced:r!==/./.exec},{exec:r})},function(t,e,n){var r=n(0),o=n(5),i=n(7),u=n(15),c=n(36),a=function(t,e,n){var l,f,s,p,d=t&a.F,v=t&a.G,g=t&a.S,h=t&a.P,y=t&a.B,x=v?r:g?r[e]||(r[e]={}):(r[e]||{}).prototype,m=v?o:o[e]||(o[e]={}),b=m.prototype||(m.prototype={});for(l in v&&(n=e),n)s=((f=!d&&x&&void 0!==x[l])?x:n)[l],p=y&&f?c(s,r):h&&"function"==typeof s?c(Function.call,s):s,x&&u(x,l,s,t&a.U),m[l]!=s&&i(m,l,p),h&&b[l]!=s&&(b[l]=s)};r.core=o,a.F=1,a.G=2,a.S=4,a.P=8,a.B=16,a.W=32,a.U=64,a.R=128,t.exports=a},function(t,e,n){var r=n(3),o=n(30),i=n(32),u=Object.defineProperty;e.f=n(8)?Object.defineProperty:function(t,e,n){if(r(t),e=i(e,!0),r(n),o)try{return u(t,e,n)}catch(t){}if("get"in n||"set"in n)throw TypeError("Accessors not supported!");return"value"in n&&(t[e]=n.value),t}},function(t,e,n){t.exports=!n(8)&&!n(4)(function(){return 7!=Object.defineProperty(n(31)("div"),"a",{get:function(){return 7}}).a})},function(t,e,n){var r=n(1),o=n(0).document,i=r(o)&&r(o.createElement);t.exports=function(t){return i?o.createElement(t):{}}},function(t,e,n){var r=n(1);t.exports=function(t,e){if(!r(t))return t;var n,o;if(e&&"function"==typeof(n=t.toString)&&!r(o=n.call(t)))return o;if("function"==typeof(n=t.valueOf)&&!r(o=n.call(t)))return o;if(!e&&"function"==typeof(n=t.toString)&&!r(o=n.call(t)))return o;throw TypeError("Can't convert object to primitive value")}},function(t,e){t.exports=function(t,e){return{enumerable:!(1&t),configurable:!(2&t),writable:!(4&t),value:e}}},function(t,e){var n={}.hasOwnProperty;t.exports=function(t,e){return n.call(t,e)}},function(t,e,n){t.exports=n(10)("native-function-to-string",Function.toString)},function(t,e,n){var r=n(12);t.exports=function(t,e,n){if(r(t),void 0===e)return t;switch(n){case 1:return function(n){return t.call(e,n)};case 2:return function(n,r){return t.call(e,n,r)};case 3:return function(n,r,o){return t.call(e,n,r,o)}}return function(){return t.apply(e,arguments)}}},function(t,e,n){"use strict";n.r(e),n(16);var r=function(t){var e=t.split("/").pop(),n=function(t){var e;return"function"==typeof window.Event?e=new Event(t):document.createEvent&&(e=document.createEvent("Event")).initEvent(t,!0,!0),e}("".concat(e,":loaded"));window.dispatchEvent(n)},o=function(t,e){for(;t[e[0]];){var n=e.shift();t[n].executed||(t[n].callback(),t[n].executed=!0,r(n))}},i=function(){return"currentScript"in document},u=function t(e,n,i,u){var c=(e.target||e.srcElement).getAttribute("src");n[c].removeEventListener("load",t),n[c].setAttribute("data-loaded","true"),i[c]||(i[c]={executed:!0},r(c)),delete n[c],o(i,u)},c=function(t,e,n,r){var o=function(){var t=document.createElement("script");return t.setAttribute("data-loaded","false"),t.type="text/javascript",t.charset="utf-8",t.async=i(),t}();return o.addEventListener("load",function(t){u(t,e,n,r)}),e[t]=o,o.src=t,e[t]};function a(t){var e=t.target||t.srcElement;e.setAttribute("media","all"),e.removeEventListener("load",a)}var l=function(){var t=document.getElementById("deferred-styles");if(t){var e=document.createElement("div");e.innerHTML=t.textContent;for(var n=e.getElementsByTagName("link"),r=0;r<n.length;r+=1)n[r].setAttribute("media","gertcha"),n[r].addEventListener("load",a);document.body.appendChild(e),t.parentElement.removeChild(t)}};n.d(e,"addDependencyQueue",function(){return g}),n.d(e,"_init",function(){return x}),n.d(e,"hasCurrentScript",function(){return i});var f={},s=[],p={},d=document.getElementsByTagName("head")[0];function v(t){var e=document.currentScript||v.currentScript;if(e){var n=e&&e.getAttribute("src");f[n]||(f[n]={callback:t,executed:!1}),o(f,s)}}function g(t){for(var e=0,n=t.length;e<n;e+=1){var r=t[e];if(!f[r]&&!p[r]){s.push(r);var o=c(r,p,f,s);d.appendChild(o)}}}function h(t){for(var e=0;e<t.length;e+=1)t[e]&&g(JSON.parse(t[e].innerHTML))}function y(){h(document.body.querySelectorAll("script[data-dependencies=deferred]")),requestAnimationFrame(l)}function x(){"loading"===document.readyState?document.addEventListener("DOMContentLoaded",y):y()}i()||Object.defineProperty(v,"currentScript",{get:function(){return d.querySelectorAll("script[data-loaded=false]")[0]}}),h(d.querySelectorAll("script[data-dependencies=immediate]")),window.addEventListener("load",function(){h(document.body.querySelectorAll("script[data-dependencies=late]"))}),x(),window.gertcha=v,v.addDependencyQueue=g,e.default=v}]));window.dataLayer = [{'cookiePreferences': JSON.parse(document.getElementById('cookiePreferences').innerText),'env':'container-prd','gtm.start':Date.now(),'event':'gtm.js'}];</script>
  <style data-styled="active" data-styled-version="5.3.3"></style>
<script nonce="">bazadebezolkohpepadr="192571967"</script><script type="text/javascript" src="./tesco_html_brand_frozen_files/b7a69ef" nonce="" defer=""></script><script data-loaded="true" type="text/javascript" charset="utf-8" async="" src="./tesco_html_brand_frozen_files/UK-554ab7b42e.en-GB.js.download"></script><script data-loaded="true" type="text/javascript" charset="utf-8" async="" src="./tesco_html_brand_frozen_files/static-vendor.bundle.07a529d39fa55b5a4b98.js.download"></script><script data-loaded="true" type="text/javascript" charset="utf-8" async="" src="./tesco_html_brand_frozen_files/static-common.bundle.926c5e26d972ffce7b3f.js.download"></script><script data-loaded="true" type="text/javascript" charset="utf-8" async="" src="./tesco_html_brand_frozen_files/static-categories.bundle.64935db59419f99294a0.js.download"></script><script data-loaded="true" type="text/javascript" charset="utf-8" async="" src="./tesco_html_brand_frozen_files/gtm.js.download"></script><script data-loaded="true" type="text/javascript" charset="utf-8" async="" src="./tesco_html_brand_frozen_files/gpt.js.download"></script><meta http-equiv="origin-trial" content="Az6AfRvI8mo7yiW5fLfj04W21t0ig6aMsGYpIqMTaX60H+b0DkO1uDr+7BrzMcimWzv/X7SXR8jI+uvbV0IJlwYAAACFeyJvcmlnaW4iOiJodHRwczovL2RvdWJsZWNsaWNrLm5ldDo0NDMiLCJmZWF0dXJlIjoiUHJpdmFjeVNhbmRib3hBZHNBUElzIiwiZXhwaXJ5IjoxNjgwNjUyNzk5LCJpc1N1YmRvbWFpbiI6dHJ1ZSwiaXNUaGlyZFBhcnR5Ijp0cnVlfQ=="><meta http-equiv="origin-trial" content="A+USTya+tNvDPaxUgJooz+LaVk5hPoAxpLvSxjogX4Mk8awCTQ9iop6zJ9d5ldgU7WmHqBlnQB41LHHRFxoaBwoAAACLeyJvcmlnaW4iOiJodHRwczovL2dvb2dsZXN5bmRpY2F0aW9uLmNvbTo0NDMiLCJmZWF0dXJlIjoiUHJpdmFjeVNhbmRib3hBZHNBUElzIiwiZXhwaXJ5IjoxNjgwNjUyNzk5LCJpc1N1YmRvbWFpbiI6dHJ1ZSwiaXNUaGlyZFBhcnR5Ijp0cnVlfQ=="><meta http-equiv="origin-trial" content="A7FovoGr67TUBYbnY+Z0IKoJbbmRmB8fCyirUGHavNDtD91CiGyHHSA2hDG9r9T3NjUKFi6egL3RbgTwhhcVDwUAAACLeyJvcmlnaW4iOiJodHRwczovL2dvb2dsZXRhZ3NlcnZpY2VzLmNvbTo0NDMiLCJmZWF0dXJlIjoiUHJpdmFjeVNhbmRib3hBZHNBUElzIiwiZXhwaXJ5IjoxNjgwNjUyNzk5LCJpc1N1YmRvbWFpbiI6dHJ1ZSwiaXNUaGlyZFBhcnR5Ijp0cnVlfQ=="><script src="./tesco_html_brand_frozen_files/pubads_impl_2022111501.js.download" nonce="" async=""></script><script id="gtagScr" src="./tesco_html_brand_frozen_files/js"></script><script charset="utf-8" src="./tesco_html_brand_frozen_files/dynamic-home.bundle.a8f2468331d996c0d6b6.js.download"></script></head>
<body id="data-attributes" data-language="en-GB" data-page="spa.js" data-app-name="prd" data-assets="{&quot;\u002Fimages\u002FHP_newuser_1.png&quot;:&quot;\u002Fimages\u002FHP_newuser_1-49fe2a5008.png&quot;,&quot;\u002Fimages\u002FHP_newuser_2.png&quot;:&quot;\u002Fimages\u002FHP_newuser_2-8954c4520e.png&quot;,&quot;\u002Fimages\u002FHP_newuser_3.png&quot;:&quot;\u002Fimages\u002FHP_newuser_3-96bc33ae4d.png&quot;,&quot;\u002Fimages\u002FHP_newuser_browse.png&quot;:&quot;\u002Fimages\u002FHP_newuser_browse-16d489042d.png&quot;,&quot;\u002Fimages\u002FHP_newuser_div.png&quot;:&quot;\u002Fimages\u002FHP_newuser_div-524b95e70d.png&quot;,&quot;\u002Fimages\u002FHP_newuser_pay.png&quot;:&quot;\u002Fimages\u002FHP_newuser_pay-577f94bf07.png&quot;,&quot;\u002Fimages\u002FHP_newuser_slot.png&quot;:&quot;\u002Fimages\u002FHP_newuser_slot-635faa26be.png&quot;,&quot;\u002Fimages\u002Fapple_contextcards.png&quot;:&quot;\u002Fimages\u002Fapple_contextcards-505ee64a75.png&quot;,&quot;\u002Fimages\u002Fbarbecue.jpg&quot;:&quot;\u002Fimages\u002Fbarbecue-3dfdb51489.jpg&quot;,&quot;\u002Fimages\u002Fbasket_icon.png&quot;:&quot;\u002Fimages\u002Fbasket_icon-32a5b5366f.png&quot;,&quot;\u002Fimages\u002Fbasket_icon.svg&quot;:&quot;\u002Fimages\u002Fbasket_icon-d551d82ae9.svg&quot;,&quot;\u002Fimages\u002Fboil.jpg&quot;:&quot;\u002Fimages\u002Fboil-bb437ff173.jpg&quot;,&quot;\u002Fimages\u002Fboil_bag.jpg&quot;:&quot;\u002Fimages\u002Fboil_bag-cb1abb96a9.jpg&quot;,&quot;\u002Fimages\u002Fbook_collection.png&quot;:&quot;\u002Fimages\u002Fbook_collection-27c9b8a110.png&quot;,&quot;\u002Fimages\u002Fbroken_eggs.png&quot;:&quot;\u002Fimages\u002Fbroken_eggs-261bc9a1d5.png&quot;,&quot;\u002Fimages\u002Fcherries.jpg&quot;:&quot;\u002Fimages\u002Fcherries-a9aa59cd06.jpg&quot;,&quot;\u002Fimages\u002Fcoffee_1.jpg&quot;:&quot;\u002Fimages\u002Fcoffee_1-2aabb3766a.jpg&quot;,&quot;\u002Fimages\u002Fcoffee_2.jpg&quot;:&quot;\u002Fimages\u002Fcoffee_2-8446fc55d2.jpg&quot;,&quot;\u002Fimages\u002Fcoffee_3.jpg&quot;:&quot;\u002Fimages\u002Fcoffee_3-185849a734.jpg&quot;,&quot;\u002Fimages\u002Fcoffee_4.jpg&quot;:&quot;\u002Fimages\u002Fcoffee_4-45ee1672ac.jpg&quot;,&quot;\u002Fimages\u002Fcoffee_5.jpg&quot;:&quot;\u002Fimages\u002Fcoffee_5-610a6325be.jpg&quot;,&quot;\u002Fimages\u002Fcogs.png&quot;:&quot;\u002Fimages\u002Fcogs-57335b794c.png&quot;,&quot;\u002Fimages\u002Fcollection_header.png&quot;:&quot;\u002Fimages\u002Fcollection_header-7f3c9dd017.png&quot;,&quot;\u002Fimages\u002Fcollection_step1.jpg&quot;:&quot;\u002Fimages\u002Fcollection_step1-8b062e06d3.jpg&quot;,&quot;\u002Fimages\u002Fcollection_step2.jpg&quot;:&quot;\u002Fimages\u002Fcollection_step2-35aa5b664f.jpg&quot;,&quot;\u002Fimages\u002Fcollection_step3.jpg&quot;:&quot;\u002Fimages\u002Fcollection_step3-001c9c3a84.jpg&quot;,&quot;\u002Fimages\u002Fcollection_step4.jpg&quot;:&quot;\u002Fimages\u002Fcollection_step4-1b3c493b88.jpg&quot;,&quot;\u002Fimages\u002Fdbd-registered.png&quot;:&quot;\u002Fimages\u002Fdbd-registered-1b8c83e84f.png&quot;,&quot;\u002Fimages\u002Fdeep_fry.jpg&quot;:&quot;\u002Fimages\u002Fdeep_fry-59e4d19c3b.jpg&quot;,&quot;\u002Fimages\u002Fdefault-image.png&quot;:&quot;\u002Fimages\u002Fdefault-image-c2ed3e2419.png&quot;,&quot;\u002Fimages\u002Fdefrost.jpg&quot;:&quot;\u002Fimages\u002Fdefrost-755e6e640f.jpg&quot;,&quot;\u002Fimages\u002Fdelivery_header.png&quot;:&quot;\u002Fimages\u002Fdelivery_header-18b6f2faef.png&quot;,&quot;\u002Fimages\u002Fdirect-marketing.png&quot;:&quot;\u002Fimages\u002Fdirect-marketing-074cdccbb0.png&quot;,&quot;\u002Fimages\u002Fdolphin_friendly.jpg&quot;:&quot;\u002Fimages\u002Fdolphin_friendly-124c28bb1a.jpg&quot;,&quot;\u002Fimages\u002Feuro-promo-bubble.png&quot;:&quot;\u002Fimages\u002Feuro-promo-bubble-cc0b9919eb.png&quot;,&quot;\u002Fimages\u002Fgiab_book_collection.png&quot;:&quot;\u002Fimages\u002Fgiab_book_collection-27c9b8a110.png&quot;,&quot;\u002Fimages\u002Fgradient.png&quot;:&quot;\u002Fimages\u002Fgradient-197811737f.png&quot;,&quot;\u002Fimages\u002Fgreen-point.png&quot;:&quot;\u002Fimages\u002Fgreen-point-cf3ca5d09d.png&quot;,&quot;\u002Fimages\u002Fgreen-point_grey-bg.png&quot;:&quot;\u002Fimages\u002Fgreen-point_grey-bg-c861ebb31d.png&quot;,&quot;\u002Fimages\u002Fgrey-point.png&quot;:&quot;\u002Fimages\u002Fgrey-point-bd795b8979.png&quot;,&quot;\u002Fimages\u002Fgrey-point_grey-bg.png&quot;:&quot;\u002Fimages\u002Fgrey-point_grey-bg-31f632b2a8.png&quot;,&quot;\u002Fimages\u002Fgrill.jpg&quot;:&quot;\u002Fimages\u002Fgrill-0daa649260.jpg&quot;,&quot;\u002Fimages\u002Fheader-banner.jpg&quot;:&quot;\u002Fimages\u002Fheader-banner-6c69dbe105.jpg&quot;,&quot;\u002Fimages\u002Fhob.jpg&quot;:&quot;\u002Fimages\u002Fhob-a173911a57.jpg&quot;,&quot;\u002Fimages\u002Fhot_curry.jpg&quot;:&quot;\u002Fimages\u002Fhot_curry-f7593b9696.jpg&quot;,&quot;\u002Fimages\u002Fimage_tomato.png&quot;:&quot;\u002Fimages\u002Fimage_tomato-97d2cff0c0.png&quot;,&quot;\u002Fimages\u002Fimage_tomato@2x.png&quot;:&quot;\u002Fimages\u002Fimage_tomato@2x-0e16be613d.png&quot;,&quot;\u002Fimages\u002Finspirational-content\u002Ftray-bake.jpg&quot;:&quot;\u002Fimages\u002Finspirational-content\u002Ftray-bake-b63acc2dd0.jpg&quot;,&quot;\u002Fimages\u002Fkosher.jpg&quot;:&quot;\u002Fimages\u002Fkosher-ab0a67484e.jpg&quot;,&quot;\u002Fimages\u002Flogo-authorised-seller-medicines.jpg&quot;:&quot;\u002Fimages\u002Flogo-authorised-seller-medicines-73c1865e7c.jpg&quot;,&quot;\u002Fimages\u002Flow_fat.jpg&quot;:&quot;\u002Fimages\u002Flow_fat-c0b589aa82.jpg&quot;,&quot;\u002Fimages\u002Flow_gi.jpg&quot;:&quot;\u002Fimages\u002Flow_gi-0af81a4e2f.jpg&quot;,&quot;\u002Fimages\u002Flow_salt.jpg&quot;:&quot;\u002Fimages\u002Flow_salt-0ac4aeb027.jpg&quot;,&quot;\u002Fimages\u002Flow_saturates.jpg&quot;:&quot;\u002Fimages\u002Flow_saturates-443bfdad24.jpg&quot;,&quot;\u002Fimages\u002Fmanvan.png&quot;:&quot;\u002Fimages\u002Fmanvan-33ee5bc635.png&quot;,&quot;\u002Fimages\u002Fmature_cheese.jpg&quot;:&quot;\u002Fimages\u002Fmature_cheese-111779e7a3.jpg&quot;,&quot;\u002Fimages\u002Fmedicine.png&quot;:&quot;\u002Fimages\u002Fmedicine-1d03ae5ff9.png&quot;,&quot;\u002Fimages\u002Fmedium_cheese.jpg&quot;:&quot;\u002Fimages\u002Fmedium_cheese-b8727ad0e7.jpg&quot;,&quot;\u002Fimages\u002Fmedium_curry.jpg&quot;:&quot;\u002Fimages\u002Fmedium_curry-730c7027c8.jpg&quot;,&quot;\u002Fimages\u002Fmedium_gi.jpg&quot;:&quot;\u002Fimages\u002Fmedium_gi-4920aae03e.jpg&quot;,&quot;\u002Fimages\u002Fmicrowave.jpg&quot;:&quot;\u002Fimages\u002Fmicrowave-6cace97efc.jpg&quot;,&quot;\u002Fimages\u002Fmicrowave_bag.jpg&quot;:&quot;\u002Fimages\u002Fmicrowave_bag-4b61fb6e06.jpg&quot;,&quot;\u002Fimages\u002Fmicrowave_tray.jpg&quot;:&quot;\u002Fimages\u002Fmicrowave_tray-95a85d5c00.jpg&quot;,&quot;\u002Fimages\u002Fmild_cheese.jpg&quot;:&quot;\u002Fimages\u002Fmild_cheese-69c5c5542a.jpg&quot;,&quot;\u002Fimages\u002Fmild_curry.jpg&quot;:&quot;\u002Fimages\u002Fmild_curry-5943fbf8c7.jpg&quot;,&quot;\u002Fimages\u002Fmsc.jpg&quot;:&quot;\u002Fimages\u002Fmsc-bfcfc05378.jpg&quot;,&quot;\u002Fimages\u002Fno-image.jpg&quot;:&quot;\u002Fimages\u002Fno-image-af90cc3673.jpg&quot;,&quot;\u002Fimages\u002Forange-point.png&quot;:&quot;\u002Fimages\u002Forange-point-785bafd1d7.png&quot;,&quot;\u002Fimages\u002Forange-point_grey-bg.png&quot;:&quot;\u002Fimages\u002Forange-point_grey-bg-5c3d4e6b0a.png&quot;,&quot;\u002Fimages\u002Fout-of-catchment\u002Fblurred-desktop.jpg&quot;:&quot;\u002Fimages\u002Fout-of-catchment\u002Fblurred-desktop-6ff2f8ba47.jpg&quot;,&quot;\u002Fimages\u002Fout-of-catchment\u002Fblurred-mobile.jpg&quot;:&quot;\u002Fimages\u002Fout-of-catchment\u002Fblurred-mobile-63b83d8d0d.jpg&quot;,&quot;\u002Fimages\u002Fout-of-catchment\u002Fblurred-tablet.jpg&quot;:&quot;\u002Fimages\u002Fout-of-catchment\u002Fblurred-tablet-6f19611880.jpg&quot;,&quot;\u002Fimages\u002Foven.jpg&quot;:&quot;\u002Fimages\u002Foven-62af8dda97.jpg&quot;,&quot;\u002Fimages\u002Foven_frozen.jpg&quot;:&quot;\u002Fimages\u002Foven_frozen-11933107c8.jpg&quot;,&quot;\u002Fimages\u002Fperfect_cook_timer.jpg&quot;:&quot;\u002Fimages\u002Fperfect_cook_timer-08584d05eb.jpg&quot;,&quot;\u002Fimages\u002Fred_tractor.jpg&quot;:&quot;\u002Fimages\u002Fred_tractor-f62d366f99.jpg&quot;,&quot;\u002Fimages\u002Freduced_fat.jpg&quot;:&quot;\u002Fimages\u002Freduced_fat-a495f24be0.jpg&quot;,&quot;\u002Fimages\u002Freduced_salt.jpg&quot;:&quot;\u002Fimages\u002Freduced_salt-74d228ddbd.jpg&quot;,&quot;\u002Fimages\u002Freduced_saturates.jpg&quot;:&quot;\u002Fimages\u002Freduced_saturates-17ed36057e.jpg&quot;,&quot;\u002Fimages\u002Fsadphone.png&quot;:&quot;\u002Fimages\u002Fsadphone-bcfc997261.png&quot;,&quot;\u002Fimages\u002Fsamples\u002FTH-live-chat.png&quot;:&quot;\u002Fimages\u002Fsamples\u002FTH-live-chat-eb75bdacbb.png&quot;,&quot;\u002Fimages\u002Fsamples\u002Fbaby.jpg&quot;:&quot;\u002Fimages\u002Fsamples\u002Fbaby-e9d81c8545.jpg&quot;,&quot;\u002Fimages\u002Fsamples\u002Fbest-sellers.jpg&quot;:&quot;\u002Fimages\u002Fsamples\u002Fbest-sellers-d43a871886.jpg&quot;,&quot;\u002Fimages\u002Fsamples\u002Fbroccoli.jpg&quot;:&quot;\u002Fimages\u002Fsamples\u002Fbroccoli-fd53f37acb.jpg&quot;,&quot;\u002Fimages\u002Fsamples\u002Fclubcard-icon.png&quot;:&quot;\u002Fimages\u002Fsamples\u002Fclubcard-icon-6d0af67bae.png&quot;,&quot;\u002Fimages\u002Fsamples\u002Fdelivery.jpg&quot;:&quot;\u002Fimages\u002Fsamples\u002Fdelivery-d7f137b380.jpg&quot;,&quot;\u002Fimages\u002Fsamples\u002Fdrinks-large.jpg&quot;:&quot;\u002Fimages\u002Fsamples\u002Fdrinks-large-0e6b8dd8b8.jpg&quot;,&quot;\u002Fimages\u002Fsamples\u002Ffood-cupboard.jpg&quot;:&quot;\u002Fimages\u002Fsamples\u002Ffood-cupboard-db40bca55f.jpg&quot;,&quot;\u002Fimages\u002Fsamples\u002Ffresh-food.jpg&quot;:&quot;\u002Fimages\u002Fsamples\u002Ffresh-food-27d4db8d8c.jpg&quot;,&quot;\u002Fimages\u002Fsamples\u002Fguide-price.png&quot;:&quot;\u002Fimages\u002Fsamples\u002Fguide-price-e2bfd5d7ff.png&quot;,&quot;\u002Fimages\u002Fsamples\u002Fhealth-and-beauty.jpg&quot;:&quot;\u002Fimages\u002Fsamples\u002Fhealth-and-beauty-a0f002bb40.jpg&quot;,&quot;\u002Fimages\u002Fsamples\u002Fhealth-beauty-large.jpg&quot;:&quot;\u002Fimages\u002Fsamples\u002Fhealth-beauty-large-3d3ada94fd.jpg&quot;,&quot;\u002Fimages\u002Fsamples\u002Fhousehold.jpg&quot;:&quot;\u002Fimages\u002Fsamples\u002Fhousehold-bb49fd8eeb.jpg&quot;,&quot;\u002Fimages\u002Fsamples\u002Ficon-clickcollect.png&quot;:&quot;\u002Fimages\u002Fsamples\u002Ficon-clickcollect-5a9bf98524.png&quot;,&quot;\u002Fimages\u002Fsamples\u002Ficon-clickcollect.svg&quot;:&quot;\u002Fimages\u002Fsamples\u002Ficon-clickcollect-ebc1a8c432.svg&quot;,&quot;\u002Fimages\u002Fsamples\u002Fimage-unavailable-placeholder-300316.jpg&quot;:&quot;\u002Fimages\u002Fsamples\u002Fimage-unavailable-placeholder-300316-f5410830e5.jpg&quot;,&quot;\u002Fimages\u002Fsamples\u002Fimage-unavailable-placeholder-example.png&quot;:&quot;\u002Fimages\u002Fsamples\u002Fimage-unavailable-placeholder-example-2e0c3ec0c4.png&quot;,&quot;\u002Fimages\u002Fsamples\u002Flabel-icon-red.png&quot;:&quot;\u002Fimages\u002Fsamples\u002Flabel-icon-red-d68988b4e0.png&quot;,&quot;\u002Fimages\u002Fsamples\u002Flabel-icon.png&quot;:&quot;\u002Fimages\u002Fsamples\u002Flabel-icon-83ae1f30a5.png&quot;,&quot;\u002Fimages\u002Fsamples\u002Fman-with-basket.png&quot;:&quot;\u002Fimages\u002Fsamples\u002Fman-with-basket-8c8cccc39f.png&quot;,&quot;\u002Fimages\u002Fsamples\u002Forganic.jpg&quot;:&quot;\u002Fimages\u002Fsamples\u002Forganic-e63bae251c.jpg&quot;,&quot;\u002Fimages\u002Fsamples\u002Fpets.jpg&quot;:&quot;\u002Fimages\u002Fsamples\u002Fpets-e5182b3b78.jpg&quot;,&quot;\u002Fimages\u002Fsamples\u002Fpicnic.jpg&quot;:&quot;\u002Fimages\u002Fsamples\u002Fpicnic-3e487bcda8.jpg&quot;,&quot;\u002Fimages\u002Fsamples\u002Fping.png&quot;:&quot;\u002Fimages\u002Fsamples\u002Fping-ccfcd5b1ef.png&quot;,&quot;\u002Fimages\u002Fsamples\u002Fproducts.png&quot;:&quot;\u002Fimages\u002Fsamples\u002Fproducts-e08b0479a8.png&quot;,&quot;\u002Fimages\u002Fsamples\u002Fpromotions-large-tomatoes.jpg&quot;:&quot;\u002Fimages\u002Fsamples\u002Fpromotions-large-tomatoes-7986a30124.jpg&quot;,&quot;\u002Fimages\u002Fsamples\u002Fready-meals.jpg&quot;:&quot;\u002Fimages\u002Fsamples\u002Fready-meals-4a029e41c8.jpg&quot;,&quot;\u002Fimages\u002Fsamples\u002Fslider\u002FFreshMeat.jpg&quot;:&quot;\u002Fimages\u002Fsamples\u002Fslider\u002FFreshMeat-ad0a01af37.jpg&quot;,&quot;\u002Fimages\u002Fsamples\u002Fslider\u002FReadyMeal.jpg&quot;:&quot;\u002Fimages\u002Fsamples\u002Fslider\u002FReadyMeal-21043b14c8.jpg&quot;,&quot;\u002Fimages\u002Fsamples\u002Fslider\u002FYogurt.jpg&quot;:&quot;\u002Fimages\u002Fsamples\u002Fslider\u002FYogurt-7653a41d7d.jpg&quot;,&quot;\u002Fimages\u002Fsamples\u002Fslider\u002Fsalad.jpg&quot;:&quot;\u002Fimages\u002Fsamples\u002Fslider\u002Fsalad-021375c93c.jpg&quot;,&quot;\u002Fimages\u002Fsamples\u002Ftesco-brand.jpg&quot;:&quot;\u002Fimages\u002Fsamples\u002Ftesco-brand-59608c38d1.jpg&quot;,&quot;\u002Fimages\u002Fsamples\u002Ftruck-tesco-logo.png&quot;:&quot;\u002Fimages\u002Fsamples\u002Ftruck-tesco-logo-0302f48739.png&quot;,&quot;\u002Fimages\u002Fsamples\u002Fyellow_arrow_down.png&quot;:&quot;\u002Fimages\u002Fsamples\u002Fyellow_arrow_down-2e71d59753.png&quot;,&quot;\u002Fimages\u002Fshallow_fry.jpg&quot;:&quot;\u002Fimages\u002Fshallow_fry-b9e26b3bcf.jpg&quot;,&quot;\u002Fimages\u002Fsimmer.jpg&quot;:&quot;\u002Fimages\u002Fsimmer-79caa9fee4.jpg&quot;,&quot;\u002Fimages\u002Fslots-hub\u002Fapple_@2x.png&quot;:&quot;\u002Fimages\u002Fslots-hub\u002Fapple_@2x-673aebfddc.png&quot;,&quot;\u002Fimages\u002Fslots-hub\u002Fapple_normal.png&quot;:&quot;\u002Fimages\u002Fslots-hub\u002Fapple_normal-c2db227686.png&quot;,&quot;\u002Fimages\u002Fslots-hub\u002Fcollection_@2x.png&quot;:&quot;\u002Fimages\u002Fslots-hub\u002Fcollection_@2x-1e807b1ee0.png&quot;,&quot;\u002Fimages\u002Fslots-hub\u002Fcollection_normal.png&quot;:&quot;\u002Fimages\u002Fslots-hub\u002Fcollection_normal-26a196d0b5.png&quot;,&quot;\u002Fimages\u002Fslots-hub\u002Fdelivery_normal.png&quot;:&quot;\u002Fimages\u002Fslots-hub\u002Fdelivery_normal-a249611624.png&quot;,&quot;\u002Fimages\u002Fslots-hub\u002Fdelivery_van@2x.png&quot;:&quot;\u002Fimages\u002Fslots-hub\u002Fdelivery_van@2x-a47060a442.png&quot;,&quot;\u002Fimages\u002Fslots-hub\u002Ffree_trial.png&quot;:&quot;\u002Fimages\u002Fslots-hub\u002Ffree_trial-4209f25f2a.png&quot;,&quot;\u002Fimages\u002Fslots-hub\u002Ffree_trial_2x.png&quot;:&quot;\u002Fimages\u002Fslots-hub\u002Ffree_trial_2x-2ae4d3804c.png&quot;,&quot;\u002Fimages\u002Fslots-hub\u002Fie\u002Fdelivery_van@2x.png&quot;:&quot;\u002Fimages\u002Fslots-hub\u002Fie\u002Fdelivery_van@2x-6e7bf3e7ba.png&quot;,&quot;\u002Fimages\u002Fslots-hub\u002Fmotorcycle@2x.png&quot;:&quot;\u002Fimages\u002Fslots-hub\u002Fmotorcycle@2x-7eccc617aa.png&quot;,&quot;\u002Fimages\u002Fslots-hub\u002Fondemand-whoosh@2x.png&quot;:&quot;\u002Fimages\u002Fslots-hub\u002Fondemand-whoosh@2x-567b31e8e8.png&quot;,&quot;\u002Fimages\u002Fslots-hub\u002Fondemandcollection-whoosh@2x.png&quot;:&quot;\u002Fimages\u002Fslots-hub\u002Fondemandcollection-whoosh@2x-7e0ef87982.png&quot;,&quot;\u002Fimages\u002Fslots-hub\u002Fprice-free.png&quot;:&quot;\u002Fimages\u002Fslots-hub\u002Fprice-free-18ebd82c03.png&quot;,&quot;\u002Fimages\u002Fslots-hub\u002Fprice-from.png&quot;:&quot;\u002Fimages\u002Fslots-hub\u002Fprice-from-5e4a19c30f.png&quot;,&quot;\u002Fimages\u002Fsteam.jpg&quot;:&quot;\u002Fimages\u002Fsteam-734da45ed2.jpg&quot;,&quot;\u002Fimages\u002Fstir_fry.jpg&quot;:&quot;\u002Fimages\u002Fstir_fry-d490111a66.jpg&quot;,&quot;\u002Fimages\u002Fsuitable_for_home_freezing.jpg&quot;:&quot;\u002Fimages\u002Fsuitable_for_home_freezing-7278624a1a.jpg&quot;,&quot;\u002Fimages\u002Ftea_1.jpg&quot;:&quot;\u002Fimages\u002Ftea_1-f4e695c3b4.jpg&quot;,&quot;\u002Fimages\u002Ftea_2.jpg&quot;:&quot;\u002Fimages\u002Ftea_2-bbdc4c8abe.jpg&quot;,&quot;\u002Fimages\u002Ftea_3.jpg&quot;:&quot;\u002Fimages\u002Ftea_3-724adb9c61.jpg&quot;,&quot;\u002Fimages\u002Ftea_4.jpg&quot;:&quot;\u002Fimages\u002Ftea_4-c32f58cd7f.jpg&quot;,&quot;\u002Fimages\u002Ftea_5.jpg&quot;:&quot;\u002Fimages\u002Ftea_5-5b68628c35.jpg&quot;,&quot;\u002Fimages\u002Ftesco_logo.png&quot;:&quot;\u002Fimages\u002Ftesco_logo-7fdd0f8480.png&quot;,&quot;\u002Fimages\u002Ftoast.jpg&quot;:&quot;\u002Fimages\u002Ftoast-1a28be72db.jpg&quot;,&quot;\u002Fimages\u002Fvegan.jpg&quot;:&quot;\u002Fimages\u002Fvegan-7bf83082ad.jpg&quot;,&quot;\u002Fimages\u002Fvegetarian.jpg&quot;:&quot;\u002Fimages\u002Fvegetarian-8abf6db5ad.jpg&quot;,&quot;\u002Fimages\u002Fwaiting-room.jpg&quot;:&quot;\u002Fimages\u002Fwaiting-room-2e019bd025.jpg&quot;,&quot;\u002Fimages\u002Fwine_1.jpg&quot;:&quot;\u002Fimages\u002Fwine_1-65cb457a59.jpg&quot;,&quot;\u002Fimages\u002Fwine_2.jpg&quot;:&quot;\u002Fimages\u002Fwine_2-3bba8cd58a.jpg&quot;,&quot;\u002Fimages\u002Fwine_3.jpg&quot;:&quot;\u002Fimages\u002Fwine_3-69cf95bf91.jpg&quot;,&quot;\u002Fimages\u002Fwine_4.jpg&quot;:&quot;\u002Fimages\u002Fwine_4-3c04211129.jpg&quot;,&quot;\u002Fimages\u002Fwine_5.jpg&quot;:&quot;\u002Fimages\u002Fwine_5-d497b4f04e.jpg&quot;,&quot;\u002Fimages\u002Fwine_6.jpg&quot;:&quot;\u002Fimages\u002Fwine_6-182b494026.jpg&quot;,&quot;\u002Fimages\u002Fwine_7.jpg&quot;:&quot;\u002Fimages\u002Fwine_7-49b82728f3.jpg&quot;,&quot;\u002Fimages\u002Fwine_8.jpg&quot;:&quot;\u002Fimages\u002Fwine_8-01de558a33.jpg&quot;,&quot;\u002Fimages\u002Fwine_a.jpg&quot;:&quot;\u002Fimages\u002Fwine_a-981caeb691.jpg&quot;,&quot;\u002Fimages\u002Fwine_b.jpg&quot;:&quot;\u002Fimages\u002Fwine_b-31be5a1750.jpg&quot;,&quot;\u002Fimages\u002Fwine_c.jpg&quot;:&quot;\u002Fimages\u002Fwine_c-031a0b27eb.jpg&quot;,&quot;\u002Fimages\u002Fwine_d.jpg&quot;:&quot;\u002Fimages\u002Fwine_d-2488cb3701.jpg&quot;,&quot;\u002Fimages\u002Fwine_e.jpg&quot;:&quot;\u002Fimages\u002Fwine_e-613120eb78.jpg&quot;,&quot;\u002Fimages\u002Fxmas-buylist-modal\u002FChristmas-Food-Phase3-sides.jpg&quot;:&quot;\u002Fimages\u002Fxmas-buylist-modal\u002FChristmas-Food-Phase3-sides-a085cb55cb.jpg&quot;,&quot;\u002Fimages\u002Fxmas-buylist-modal\u002FChristmas-Food-Phase3-turkey.jpg&quot;:&quot;\u002Fimages\u002Fxmas-buylist-modal\u002FChristmas-Food-Phase3-turkey-dec4d2643f.jpg&quot;,&quot;\u002Fimages\u002Fxmas-buylist-modal\u002FCracklingGammonJointMapleBourbonGlaze.jpg&quot;:&quot;\u002Fimages\u002Fxmas-buylist-modal\u002FCracklingGammonJointMapleBourbonGlaze-7e260b6c21.jpg&quot;,&quot;\u002Fimages\u002Fxmas-buylist-modal\u002FFinestChocolateOrangeGingerCake_Option_3.jpg&quot;:&quot;\u002Fimages\u002Fxmas-buylist-modal\u002FFinestChocolateOrangeGingerCake_Option_3-520a64c607.jpg&quot;,&quot;\u002Fimages\u002Fxmas-buylist-modal\u002FFinestChristmasDinnerfor2.jpg&quot;:&quot;\u002Fimages\u002Fxmas-buylist-modal\u002FFinestChristmasDinnerfor2-01a3b10f08.jpg&quot;,&quot;\u002Fimages\u002Fxmas-buylist-modal\u002FTesco_Easy_Carve_Lamb_Shoulder_with_Wild_Garlic.jpg&quot;:&quot;\u002Fimages\u002Fxmas-buylist-modal\u002FTesco_Easy_Carve_Lamb_Shoulder_with_Wild_Garlic-ea6767c6e2.jpg&quot;,&quot;\u002Fscripts\u002Fforesee-config.js&quot;:&quot;\u002Fscripts\u002Fforesee-config-5f1688d2fc.js&quot;,&quot;\u002Fstyles\u002Ficons\u002Fsprites\u002Fpng\u002Fpayment-icons.png&quot;:&quot;\u002Fstyles\u002Ficons\u002Fsprites\u002Fpng\u002Fpayment-icons-afc1809efb.png&quot;,&quot;\u002Fstyles\u002Ficons\u002Fsprites\u002Fsvg\u002Fhazardous-icons.svg&quot;:&quot;\u002Fstyles\u002Ficons\u002Fsprites\u002Fsvg\u002Fhazardous-icons-f8a76d4f0d.svg&quot;}" data-device="{&quot;userAgent&quot;:&quot;Mozilla\u002F5.0 (Windows NT 10.0; Win64; x64) AppleWebKit\u002F537.36 (KHTML, like Gecko) Chrome\u002F107.0.0.0 Safari\u002F537.36&quot;,&quot;cutsMustard&quot;:true,&quot;showBrowserWarning&quot;:false,&quot;isStockAndroid&quot;:false,&quot;isOldAndroid&quot;:false,&quot;deviceType&quot;:&quot;desktop&quot;,&quot;browserType&quot;:&quot;Chrome&quot;,&quot;operatingSystem&quot;:&quot;Windows&quot;,&quot;operatingSystemMajorVersion&quot;:10,&quot;osName&quot;:&quot;Windows&quot;,&quot;osMajorVersion&quot;:&quot;10&quot;,&quot;browserVersion&quot;:&quot;107&quot;}" data-csrf-token="0WbpBJF9-cS-fAMl-ByHnl5hECj1JaZiBQ20" data-environment="container" data-features="{&quot;includeFulfilmentOptions&quot;:true,&quot;bypassOptimizelyAndUseFirstNonDefaultVariant&quot;:false,&quot;bypassOptimizelyAndUseDefaultVariant&quot;:false,&quot;GDPRCompliance&quot;:true,&quot;forceFallbackHomePageData&quot;:false,&quot;showSlotsHub&quot;:true,&quot;eventsPage&quot;:true,&quot;feedbackLinks&quot;:true,&quot;foresee&quot;:true,&quot;multiSearchEnabled&quot;:true,&quot;optimizelyEnabled&quot;:true,&quot;debugExperiments&quot;:false,&quot;useEmailWhitelist&quot;:true,&quot;useUpdatedServiceChargeLabels&quot;:true,&quot;allowMultipleAddresses&quot;:true,&quot;dfpProductList&quot;:true,&quot;showShelfLifeInfo&quot;:true,&quot;showPickerNotes&quot;:true,&quot;showLineItemSubstitutionPreference&quot;:true,&quot;enableSubstitutionPreferences&quot;:true,&quot;enableLifestyleAndDietaryProductFilters&quot;:true,&quot;enableRatingsReviewsSubmission&quot;:true,&quot;enableRatingsReviewsListing&quot;:true,&quot;enableVatInvoice&quot;:false,&quot;displayNewFulfilmentUI&quot;:true,&quot;enableWismo&quot;:true,&quot;enableLoginUsingMobileNumber&quot;:false,&quot;showFDOXMessaging&quot;:false,&quot;testDFPBanners&quot;:false,&quot;allowAmendSlot&quot;:true}" data-grocery-domain="www.tesco.com" data-base-path="groceries" data-icons-svg="/groceries/web-assets/styles/icons/data.svg/UK-9c7463c43f.css" data-logged-in-action="" data-region="UK" data-consumer="default" data-external-secure-domain="https://secure.tesco.com" data-timezone="Europe/London" data-user-details="{&quot;isAuthenticated&quot;:false,&quot;isRegistered&quot;:false,&quot;isFirstTimeBuyer&quot;:false,&quot;segments&quot;:[],&quot;atrc&quot;:&quot;f2bd100c-2ff5-43c4-b661-c566f00a1f75&quot;,&quot;storeId&quot;:&quot;3060&quot;,&quot;trkid&quot;:&quot;2ad4ceeb-2df5-436e-9960-9a539674b6aa&quot;}" class="">
<div id="content"><div><div class="content-wrapper  "><div id="sticky-bar-wrapper" class="styled__StickyBarWrapper-m9pl68-0 lirHUY sticky-bar-container"><div id="sticky-bar-cookie-wrapper" class="styled__StickyBarCookieWrapper-m9pl68-1 jQHqgy sticky-bar-ddl"><span></span></div></div><div class="header-wrapper"><nav id="skip-links" aria-label="Skip links"><div role="presentation"><ul class="base-components__BaseList-sc-1mosoyj-2 styled__List-dbleqk-0 hbeGIw kdUHwa styled__SkipToContentStyled-s7psqt-0 kzLKLf skip-to-content beans-skip-to-content__list"><li class="styled__ListItem-dbleqk-1 fhDYUg beans-skip-to-content__list-item"><a class="styled__Anchor-sc-1xbujuz-0 cwkdVr styled__StyledLink-dbleqk-2 jlOzJT beans-skip-to-content__link beans-link__anchor" href="https://www.tesco.com/groceries/en-GB/shop/frozen-food/all#main"><span class="styled__Text-sc-1xbujuz-1 ldbwMG beans-link__text">Skip to main content</span></a></li><li class="styled__ListItem-dbleqk-1 fhDYUg beans-skip-to-content__list-item"><a class="styled__Anchor-sc-1xbujuz-0 cwkdVr styled__StyledLink-dbleqk-2 jlOzJT beans-skip-to-content__link beans-link__anchor" href="https://www.tesco.com/groceries/en-GB/shop/frozen-food/all#search-input"><span class="styled__Text-sc-1xbujuz-1 ldbwMG beans-link__text">Skip to search</span></a></li><li class="styled__ListItem-dbleqk-1 fhDYUg beans-skip-to-content__list-item"><a class="styled__Anchor-sc-1xbujuz-0 cwkdVr styled__StyledLink-dbleqk-2 jlOzJT beans-skip-to-content__link beans-link__anchor" href="https://www.tesco.com/groceries/en-GB/shop/frozen-food/all#mini-trolley"><span class="styled__Text-sc-1xbujuz-1 ldbwMG beans-link__text">Skip to basket</span></a></li></ul></div></nav><nav aria-label="Account links" class="base-components__RootElement-sc-1mosoyj-1 styled__Container-nyybm8-0 kochV fGFLqh utility-header__StyledAppBar-iaq4c3-0 kbJIun utility-bar utility-bar-sticky beans-appbar__container" role="navigation"><div class="base-components__RootElement-sc-1mosoyj-1 styled-slwnqq-0 jptQqM klNHKd styled__StyledGrid-nyybm8-1 biNYOO beans-appbar__grid beans-grid__container"><div class="base-components__RootElement-sc-1mosoyj-1 styled-erqp9a-0 jptQqM eXOEcI styled__StyledRow-nyybm8-2 lmlFRV beans-appbar__row beans-grid__row"><div class="base-components__RootElement-sc-1mosoyj-1 styled-sc-1p7y193-0 jptQqM dToEom styled__StyledColumn-nyybm8-3 odkLa beans-appbar__column beans-grid__column"><ul aria-orientation="horizontal" class="base-components__BaseList-sc-1mosoyj-2 styled__UnorderedList-sc-1jzfemx-0 hbeGIw lfYWQr beans-appbar__menu-list beans-menu__menu-list" direction="leftToRight" orientation="horizontal" role="menubar" tabindex="-1"><li class="styled__ListItem-sc-7fugv7-0 jBBTTu beans-appbar__menu-item beans-menu__menu-item" orientation="horizontal" role="menuitem"><a class="styled__Anchor-sc-1xbujuz-0 bDhkHK beans-menu__menu-item-node beans-link__anchor" role="button" href="https://secure.tesco.com/account/en-GB/register?newReg=true&amp;from=https%3A%2F%2Fwww.tesco.com%2Fgroceries%2Fen-GB%2Fshop%2Ffresh-food%2Fchristmas-fresh-food%2Fall%3Fcount%3D48%26page%3D2" id="utility-header-registration-link" aria-current="false" aria-haspopup="false"><span class="styled__Text-sc-1xbujuz-1 ldbwMG beans-link__text">Register</span></a></li><li class="styled__ListItem-sc-7fugv7-0 jBBTTu beans-appbar__menu-item beans-menu__menu-item" orientation="horizontal" role="menuitem"><a class="styled__Anchor-sc-1xbujuz-0 bDhkHK beans-menu__menu-item-node beans-link__anchor" role="button" href="https://www.tesco.com/account/login/en-GB?from=https%3A%2F%2Fwww.tesco.com%2Fgroceries%2Fen-GB%2Fshop%2Ffresh-food%2Fchristmas-fresh-food%2Fall%3Fcount%3D48%26page%3D2" id="utility-header-login-link" aria-current="false" aria-haspopup="false"><span class="styled__Text-sc-1xbujuz-1 ldbwMG beans-link__text">Sign in</span></a></li><li class="styled__ListItem-sc-7fugv7-0 jBBTTu beans-appbar__menu-item beans-menu__menu-item" orientation="horizontal" role="menuitem" rel="help noopener"><a class="styled__Anchor-sc-1xbujuz-0 bDhkHK beans-menu__menu-item-node beans-link__anchor" role="button" href="https://www.tesco.com/help/contact/" id="utility-header-contact-us-link" rel="help noopener" aria-current="false" aria-haspopup="false"><span class="styled__Text-sc-1xbujuz-1 ldbwMG beans-link__text">Contact us</span></a></li><li class="styled__ListItem-sc-7fugv7-0 jBBTTu beans-appbar__menu-item beans-menu__menu-item" orientation="horizontal" role="menuitem" target="_blank" rel="help noopener"><a class="styled__Anchor-sc-1xbujuz-0 bDhkHK beans-menu__menu-item-node beans-link__anchor" role="button" href="https://www.tesco.com/groceries/en-GB/help/" id="utility-header-help-link" target="_blank" rel="help noopener" aria-current="false" aria-haspopup="false"><span class="styled__Text-sc-1xbujuz-1 ldbwMG beans-link__text">Help</span></a></li></ul></div></div></div></nav><div class="brand-header-wrapper"><header class="brand-header brand-header--sticky brand-header--with-search brand-header--multi-search-enabled"><div class="brand-header__main-column"><div class="brand-header__main"><div class="brand-header__nav-button"><a aria-controls="nav" aria-haspopup="true" aria-expanded="false" role="button" data-auto="burger-menu-icon" class="icon-burger_menu_icon" href="https://www.tesco.com/groceries/en-GB/shop/frozen-food/all#nav"><span class="visually-hidden">Open navigation</span></a></div><div class="brand-header__logo"><a href="https://www.tesco.com/groceries/en-GB/" class="brand-logo-link  pull-left" title="Go to homepage"><svg class="beans-dynamic-logo__logo beans-tesco-logo__svg" preserveAspectRatio="xMinYMax meet" viewBox="0 0 121 35" xmlns="http://www.w3.org/2000/svg"><title>Tesco Home</title><defs><path d="M.218 6.389h23.973V.366H.218v6.023z" id="tesco-logo-a"></path><path d="M.376 6.389h23.973V.366H.376z" id="tesco-logo-c"></path><path d="M.11 6.389h23.972V.366H.11v6.023z" id="tesco-logo-e"></path><path d="M.267 6.389H24.24V.366H.267v6.023z" id="tesco-logo-g"></path><path d="M0 6.389h23.973V.366H0v6.023z" id="tesco-logo-i"></path></defs><g fill="none" fill-rule="evenodd"><path d="M84.647 0c2.538 0 4.735.31 6.5.777v5.405c-1.734-1.77-3.776-2.889-6.47-2.889-4.92 0-8.201 3.449-8.201 8.047 0 4.598 3.28 8.046 8.202 8.046 2.693 0 4.735-1.118 6.469-2.889v5.406c-1.765.466-3.962.807-6.5.807-8.512 0-14.671-4.256-14.671-11.37 0-7.115 6.16-11.34 14.67-11.34zM60.474 8.823c4.24.59 7.768 2.082 7.768 6.71 0 5.438-5.138 7.177-10.678 7.147-3.869-.032-7.15-.404-9.564-1.368v-4.877c3.436 2.237 6.964 2.951 9.564 2.951 2.693 0 5.17-.652 5.17-2.702s-2.291-2.548-6.996-3.263C51.683 12.8 48 11.06 47.968 7.052 47.939 1.647 53.046 0 57.936 0c3.158 0 6.222.373 9.038 1.305v5.25c-2.352-2.081-5.85-3.262-9.285-3.262-2.322 0-4.52.746-4.52 2.486 0 2.174 3.25 2.485 7.306 3.044zM37.136 18.92c2.507 0 6.685-.59 8.326-2.05v5.343H27.665c.866-1.025 1.02-1.709 1.02-3.79V4.256c0-2.081-.154-2.765-1.02-3.79h16.868V5.81c-1.64-1.46-5.819-2.05-8.326-2.05h-1.98v5.778h1.454c1.424 0 3.621-.062 5.076-.59v4.287c-1.455-.528-3.652-.59-5.076-.59h-1.455v6.275h2.91zM.984.466h24.42V5.81c-1.733-1.46-5.416-2.05-9.346-2.05v14.57c0 2.175.185 2.765 1.021 3.883h-7.77c.837-1.118 1.022-1.709 1.022-3.883V3.76c-3.93 0-7.614.59-9.347 2.05V.466zM106.48 19.386c-4.426 0-7.304-3.666-7.304-8.046 0-4.412 2.878-8.047 7.305-8.047 4.425 0 7.304 3.635 7.304 8.047 0 4.38-2.879 8.046-7.304 8.046m0-19.386C97.69 0 92.676 5.126 92.676 11.34c0 6.182 5.014 11.34 13.805 11.34 8.79 0 13.804-5.158 13.804-11.34 0-6.214-5.014-11.34-13.804-11.34" fill="#ee1c2e"></path><g transform="translate(95.9 27.755)"><mask fill="#fff" id="tesco-logo-b"><use xlink:href="#tesco-logo-a"></use></mask><path d="M9.37.366h14.747a.08.08 0 0 1 .04.01l.004.001a.055.055 0 0 1 .01.008c.028.028.03.085-.013.126a.153.153 0 0 1-.037.025l-.026.012c-1.713.784-4.008 3.173-4.008 3.173-1.715 1.636-3.001 2.668-5.744 2.668H.283C.24 6.39.22 6.35.217 6.31c0 0 0 .002 0 0a.09.09 0 0 1 .03-.066.422.422 0 0 1 .044-.032C1.835 5.346 4.14 2.948 4.14 2.948 5.084 1.828 6.969.366 9.37.366" fill="#00539f" mask="url(#tesco-logo-b)"></path></g><g transform="translate(71.713 27.755)"><mask fill="#fff" id="tesco-logo-d"><use xlink:href="#tesco-logo-c"></use></mask><path d="M9.527.366h14.748a.08.08 0 0 1 .04.01l.003.001a.055.055 0 0 1 .01.008c.029.028.031.085-.013.126a.153.153 0 0 1-.036.025l-.026.012c-1.714.784-4.008 3.173-4.008 3.173C18.529 5.357 17.244 6.39 14.5 6.39H.44c-.04 0-.062-.039-.064-.08 0 0 0 .002 0 0a.09.09 0 0 1 .03-.066.422.422 0 0 1 .044-.032c1.543-.865 3.847-3.263 3.847-3.263.944-1.12 2.83-2.582 5.23-2.582" fill="#00539f" mask="url(#tesco-logo-d)"></path></g><g transform="translate(47.95 27.755)"><mask fill="#fff" id="tesco-logo-f"><use xlink:href="#tesco-logo-e"></use></mask><path d="M9.26.366h14.748a.08.08 0 0 1 .04.01l.004.001a.055.055 0 0 1 .01.008c.028.028.03.085-.013.126a.153.153 0 0 1-.036.025l-.027.012c-1.713.784-4.008 3.173-4.008 3.173-1.715 1.636-3.001 2.668-5.744 2.668H.174c-.042 0-.063-.039-.065-.08 0 0 0 .002 0 0a.09.09 0 0 1 .03-.066.471.471 0 0 1 .044-.032c1.543-.865 3.848-3.263 3.848-3.263C4.975 1.828 6.86.366 9.261.366" fill="#00539f" mask="url(#tesco-logo-f)"></path></g><g transform="translate(23.763 27.755)"><mask fill="#fff" id="tesco-logo-h"><use xlink:href="#tesco-logo-g"></use></mask><path d="M9.418.366h14.747a.08.08 0 0 1 .04.01l.004.001a.055.055 0 0 1 .01.008c.029.028.031.085-.013.126a.153.153 0 0 1-.036.025l-.026.012c-1.714.784-4.008 3.173-4.008 3.173-1.716 1.636-3.002 2.668-5.745 2.668H.331c-.04 0-.062-.039-.064-.08 0 0 0 .002 0 0a.09.09 0 0 1 .03-.066.422.422 0 0 1 .044-.032c1.543-.865 3.847-3.263 3.847-3.263.944-1.12 2.83-2.582 5.23-2.582" fill="#00539f" mask="url(#tesco-logo-h)"></path></g><g transform="translate(0 27.755)"><mask fill="#fff" id="tesco-logo-j"><use xlink:href="#tesco-logo-i"></use></mask><path d="M9.152.366h14.747a.08.08 0 0 1 .04.01l.004.001a.055.055 0 0 1 .01.008c.028.028.03.085-.013.126a.153.153 0 0 1-.036.025l-.027.012c-1.713.784-4.008 3.173-4.008 3.173-1.715 1.636-3.001 2.668-5.744 2.668H.065C.022 6.39.001 6.35 0 6.31c0 0 0 .002 0 0a.09.09 0 0 1 .03-.066.422.422 0 0 1 .044-.032c1.543-.865 3.848-3.263 3.848-3.263C4.866 1.828 6.75.366 9.152.366" fill="#00539f" mask="url(#tesco-logo-j)"></path></g></g></svg><span class="visually-hidden">Go to homepage</span></a></div><div class="brand-header__guide-price"><button aria-expanded="true" name="hide search" title="hide search" class="brand-header__search-toggle icon-search noselect"></button><a href="https://www.tesco.com/account/login/en-GB?from=https%3A%2F%2Fwww.tesco.com%2Fgroceries%2Fen-GB%2Ftrolley" rel="nofollow" title="Basket"><div class="header-guide-price" data-product-count="0"><div class="header-guide-price--container main-container"><span class="icon-cart"><span class="visually-hidden">Basket</span></span></div><div class="header-guide-price--container status-container"><span class="header-guide-price--spinner"><span class="visually-hidden"></span></span></div></div></a></div></div><div class="brand-header__search" id="brand-header-toggleable"><div class="search-bar search-bar--multi-search-enabled"><form action="https://www.tesco.com/groceries/en-GB/search" method="get" novalidate="" role="search" id="search-form"><label class="obscure" for="search-input">Search</label><input autocapitalize="off" autocomplete="off" autocorrect="off" class="search-bar__input" data-auto="search-input" id="search-input" name="query" placeholder="Search" spellcheck="false" type="search" value=""><button type="submit" class="search-bar__submit icon-search-white">Search</button><span class="icon-search-faded"></span><input name="_csrf" type="hidden" value="0WbpBJF9-cS-fAMl-ByHnl5hECj1JaZiBQ20"></form><a href="https://www.tesco.com/groceries/en-GB/multi-search" class="search-bar__multi-search-link link--chevron" data-auto="multisearch-link">Search with a list of items&nbsp;<span class="icon icon-chevron_right"></span></a></div></div><div class="brand-header__navigation"><nav class="navigation" data-auto="navigation" aria-label="Grocery navigation"><ul class="navigation__nav-items" role="menubar" aria-label="Primary navigation"><li class="nav-item" role="none"><a href="https://www.tesco.com/groceries/en-GB/shop" class="nav-item__link nav-item__link--active" data-auto="nav-item-link" role="menuitem">Groceries<span class="nav-item__chevron"></span></a></li><li class="nav-item" role="none"><a href="https://www.tesco.com/account/login/en-GB?from=https%3A%2F%2Fwww.tesco.com%2Fgroceries%2Fen-GB%2Ffavorites" class="nav-item__link" data-auto="nav-item-link" role="menuitem">My Favourites</a></li><li class="nav-item" role="none"><a href="https://realfood.tesco.com/" class="nav-item__link" data-auto="nav-item-link" role="menuitem" target="_blank">Recipes</a></li><li class="nav-item" role="none"><a href="https://www.tesco.com/groceries/en-GB/promotions" class="nav-item__link" data-auto="nav-item-link" role="menuitem">Special Offers</a></li><li class="nav-item" role="none"><a href="https://www.tesco.com/groceries/en-GB/zone/christmas?icid=topnav_Christmas" class="nav-item__link" data-auto="nav-item-link" role="menuitem">Christmas</a></li><li class="nav-item" role="none"><a href="https://www.tesco.com/DeliverySaver/" class="nav-item__link" data-auto="nav-item-link" role="menuitem" target="_blank">Delivery Saver</a></li></ul></nav></div></div></header><div class="brand-header__spacer"></div><div aria-hidden="true" class="overlay" style=""></div><div class="brand-header__backdrop"></div></div></div><div role="main" id="main" class="has-trolley main"><div class="main__content"><div><div class="results-page"><div id="product-list" class="page-container"><div id="top"></div><div class="product-list-view has-trolley"><div class="breadcrumbs"><div class="breadcrumbs__content"><nav aria-label="breadcrumb" class="base-components__RootElement-sc-1mosoyj-1 styled__Container-sc-41vmr7-0 jptQqM kytuvg beans-breadcrumb__container"><ol class="base-components__BaseList-sc-1mosoyj-2 styled__OrderedList-sc-41vmr7-2 hbeGIw cKlfks beans-breadcrumb__list"><li class="styled__ListItem-sc-41vmr7-3 dtpjwz beans-breadcrumb__list-item"><div class="styled__Item-sc-41vmr7-4 hpBsje beans-breadcrumb__item"><a href="https://www.tesco.com/groceries/en-GB/" aria-label="Home" class="styled__Anchor-o58r6z-0 bowhrC beans-breadcrumb__list-item-link beans-link__anchor"><svg aria-hidden="true" class="styled__SVG-xxa4wh-1 hQMCqc beans-link__icon beans-icon__svg" height="22" preserveAspectRatio="xMinYMax meet" viewBox="0 1 20 22" width="20" xmlns="http://www.w3.org/2000/svg" color="currentColor"><path d="M10 1.5L1.5 8.25V20.5h6v-8h5v8h6V8.25z" fill="none" stroke="currentColor"></path></svg></a></div></li><li class="styled__ListItem-sc-41vmr7-3 dtpjwz beans-breadcrumb__list-item"><div class="styled__Item-sc-41vmr7-4 hpBsje beans-breadcrumb__item"><svg aria-hidden="true" class="styled__SVG-xxa4wh-1 hQMCqc styled__Separator-sc-41vmr7-5 gRdlR beans-breadcrumb__seprator beans-icon__svg" height="20" preserveAspectRatio="xMinYMax meet" stroke="#666666" viewBox="-1 0 12 20" width="12" xmlns="http://www.w3.org/2000/svg" color="currentColor"><path d="M1.312 1.348L10.276 10l-8.964 8.644" fill="none" stroke="#666666"></path></svg><a class="styled__Anchor-sc-1xbujuz-0 cwkdVr beans-breadcrumb__list-item-link beans-link__anchor"><span class="styled__Text-sc-1xbujuz-1 ldbwMG beans-link__text">Frozen Food</span></a></div></li></ol></nav></div></div><div class="results-dfp results__dfp-panel"><div class="dfp-panel-wrapper content-area"><div class="ui-panel"><div class="styled__StyledDfpBanner-sc-15jm57a-0 cHkFiQ dfp-banner" id="dfp-banner-5990114082097778" data-google-query-id="CIGAyv7bxvsCFVKAhQodcXoJxw" style="display: none;"><div id="google_ads_iframe_/8326/grocery/frozen-food_0__container__" style="border: 0pt none;"></div></div></div></div></div><div class="heading-label" id="results"><h1 class="heading query">Frozen Food</h1></div><div class="product-list-container " data-auto="product-list-container"><div class="product-filter fancy-filter"><div class="sort-and-filter"><div class="new-filter-by show-options"><div class="items-count__filter-caption"><div class="pagination__items-displayed" data-auto="product-bin-count" role="status">Showing <strong>1 to 48</strong> of <strong>1064 items</strong><span class="visually-hidden">sorted by Relevance</span></div><div class="show-more-less__link"><a href="https://www.tesco.com/groceries/en-GB/shop/frozen-food/all?page=1&amp;count=24" rel="nofollow">Show 24 per page</a></div></div><div class="sort-and-filter-by-container"><div class="filter-by-container" data-auto="filter-by-container"><span class="filter-by-section-label">Filter by:</span><ul class="filter-by__selector-wrapper"><li class="new-selector filter-option__container" id="new-selector" data-auto="filter-option" data-auto-selected="false"><div class="checkbox" data-auto="checkbox"><input id="filter-option--new-selector-5444445" name="filter-option--new-selector-5444445" type="checkbox"><label class="checkbox-label" for="filter-option--new-selector-5444445" title="New"><a class="filter-option--link" href="https://www.tesco.com/groceries/en-GB/shop/frozen-food/all?viewAll=new&amp;new=new"><span class="checkbox-square checkbox-square-linked"></span><span class="checkbox-check icon-tick-white"></span><span class="visually-hidden">Filter by</span><span class="filter-label--line--inline">New</span><span class="filter-label--line--inline">&nbsp;(96)</span></a></label></div></li><li class="promotions-selector filter-option__container" id="promotions-selector" data-auto="filter-option" data-auto-selected="false"><div class="checkbox" data-auto="checkbox"><input id="filter-option--promotions-selector-3723795" name="filter-option--promotions-selector-3723795" type="checkbox"><label class="checkbox-label" for="filter-option--promotions-selector-3723795" title="Special Offers"><a class="filter-option--link" href="https://www.tesco.com/groceries/en-GB/shop/frozen-food/all?viewAll=promotion&amp;promotion=offers"><span class="checkbox-square checkbox-square-linked"></span><span class="checkbox-check icon-tick-white"></span><span class="visually-hidden">Filter by</span><span class="filter-label--line--inline">Special Offers</span><span class="filter-label--line--inline">&nbsp;(205)</span></a></label></div></li></ul><ul class="selects-row grid"><li data-auto="filter-categories"><div class="filter-select__FilterSelectContainer-x4zufj-0 iRBCDW filter-select-container filter-categories"><button aria-controls="filter-categories" aria-expanded="false" class="button-text filter-select" data-auto="filter-categories-select"><span class="filter-select--label specific-filter-label">17 Categories</span><span class="icon icon-header_down_triangle"></span></button></div><div aria-hidden="true" class="filter-options-container smooth-top-left" id="filter-categories" data-auto="filter-categories-dropdown"><div class="filter-options"><ul aria-label="17 Categories"><li class="current-filters" data-auto="department"><ul><li class="filter-option__container" id="Christmas Frozen Food" data-auto="filter-option" data-auto-selected="false"><div class="checkbox" data-auto="checkbox"><input id="filter-option--Christmas-Frozen-Food-1610249" name="filter-option--Christmas-Frozen-Food-1610249" type="checkbox"><label class="checkbox-label" for="filter-option--Christmas-Frozen-Food-1610249" title="Christmas Frozen Food"><a class="filter-option--link" href="https://www.tesco.com/groceries/en-GB/shop/frozen-food/all?department=Christmas%20Frozen%20Food&amp;viewAll=department"><span class="checkbox-square checkbox-square-linked"></span><span class="checkbox-check icon-tick-white"></span><span class="visually-hidden">Filter by</span><span class="filter-label--line--block">Christmas Frozen</span><span class="filter-label--line--inline filter-label--line--truncate">Food</span><span class="filter-label--line--inline">&nbsp;(117)</span></a></label></div></li><li class="filter-option__container" id="Frozen Vegetables &amp; Herbs" data-auto="filter-option" data-auto-selected="false"><div class="checkbox" data-auto="checkbox"><input id="filter-option--Frozen-Vegetables-Herbs-3009078" name="filter-option--Frozen-Vegetables-Herbs-3009078" type="checkbox"><label class="checkbox-label" for="filter-option--Frozen-Vegetables-Herbs-3009078" title="Frozen Vegetables &amp; Herbs"><a class="filter-option--link" href="https://www.tesco.com/groceries/en-GB/shop/frozen-food/all?department=Frozen%20Vegetables%20%26%20Herbs&amp;viewAll=department"><span class="checkbox-square checkbox-square-linked"></span><span class="checkbox-check icon-tick-white"></span><span class="visually-hidden">Filter by</span><span class="filter-label--line--block">Frozen Vegetables</span><span class="filter-label--line--inline filter-label--line--truncate">&amp; Herbs</span><span class="filter-label--line--inline">&nbsp;(78)</span></a></label></div></li><li class="filter-option__container" id="Frozen Chips, Onion Rings, Potatoes &amp; Rice" data-auto="filter-option" data-auto-selected="false"><div class="checkbox" data-auto="checkbox"><input id="filter-option--Frozen-Chips,-Onion-Rings,-Potatoes-Rice-7632075" name="filter-option--Frozen-Chips,-Onion-Rings,-Potatoes-Rice-7632075" type="checkbox"><label class="checkbox-label" for="filter-option--Frozen-Chips,-Onion-Rings,-Potatoes-Rice-7632075" title="Frozen Chips, Onion Rings, Potatoes &amp; Rice"><a class="filter-option--link" href="https://www.tesco.com/groceries/en-GB/shop/frozen-food/all?department=Frozen%20Chips%2C%20Onion%20Rings%2C%20Potatoes%20%26%20Rice&amp;viewAll=department"><span class="checkbox-square checkbox-square-linked"></span><span class="checkbox-check icon-tick-white"></span><span class="visually-hidden">Filter by</span><span class="filter-label--line--block">Frozen Chips,</span><span class="filter-label--line--inline filter-label--line--truncate">Onion Rings, Potatoes &amp; Rice</span><span class="filter-label--line--inline">&nbsp;(97)</span></a></label></div></li><li class="filter-option__container" id="Frozen Meat &amp; Poultry" data-auto="filter-option" data-auto-selected="false"><div class="checkbox" data-auto="checkbox"><input id="filter-option--Frozen-Meat-Poultry-9379002" name="filter-option--Frozen-Meat-Poultry-9379002" type="checkbox"><label class="checkbox-label" for="filter-option--Frozen-Meat-Poultry-9379002" title="Frozen Meat &amp; Poultry"><a class="filter-option--link" href="https://www.tesco.com/groceries/en-GB/shop/frozen-food/all?department=Frozen%20Meat%20%26%20Poultry&amp;viewAll=department"><span class="checkbox-square checkbox-square-linked"></span><span class="checkbox-check icon-tick-white"></span><span class="visually-hidden">Filter by</span><span class="filter-label--line--block">Frozen Meat &amp;</span><span class="filter-label--line--inline filter-label--line--truncate">Poultry</span><span class="filter-label--line--inline">&nbsp;(134)</span></a></label></div></li><li class="filter-option__container" id="Frozen Fish &amp; Seafood" data-auto="filter-option" data-auto-selected="false"><div class="checkbox" data-auto="checkbox"><input id="filter-option--Frozen-Fish-Seafood-9485223" name="filter-option--Frozen-Fish-Seafood-9485223" type="checkbox"><label class="checkbox-label" for="filter-option--Frozen-Fish-Seafood-9485223" title="Frozen Fish &amp; Seafood"><a class="filter-option--link" href="https://www.tesco.com/groceries/en-GB/shop/frozen-food/all?department=Frozen%20Fish%20%26%20Seafood&amp;viewAll=department"><span class="checkbox-square checkbox-square-linked"></span><span class="checkbox-check icon-tick-white"></span><span class="visually-hidden">Filter by</span><span class="filter-label--line--block">Frozen Fish &amp;</span><span class="filter-label--line--inline filter-label--line--truncate">Seafood</span><span class="filter-label--line--inline">&nbsp;(121)</span></a></label></div></li><li class="filter-option__container" id="Frozen Party Food &amp; Sausage Rolls" data-auto="filter-option" data-auto-selected="false"><div class="checkbox" data-auto="checkbox"><input id="filter-option--Frozen-Party-Food-Sausage-Rolls-9660634" name="filter-option--Frozen-Party-Food-Sausage-Rolls-9660634" type="checkbox"><label class="checkbox-label" for="filter-option--Frozen-Party-Food-Sausage-Rolls-9660634" title="Frozen Party Food &amp; Sausage Rolls"><a class="filter-option--link" href="https://www.tesco.com/groceries/en-GB/shop/frozen-food/all?department=Frozen%20Party%20Food%20%26%20Sausage%20Rolls&amp;viewAll=department"><span class="checkbox-square checkbox-square-linked"></span><span class="checkbox-check icon-tick-white"></span><span class="visually-hidden">Filter by</span><span class="filter-label--line--block">Frozen Party Food</span><span class="filter-label--line--inline filter-label--line--truncate">&amp; Sausage Rolls</span><span class="filter-label--line--inline">&nbsp;(44)</span></a></label></div></li><li class="filter-option__container" id="Frozen Pies" data-auto="filter-option" data-auto-selected="false"><div class="checkbox" data-auto="checkbox"><input id="filter-option--Frozen-Pies-9175522" name="filter-option--Frozen-Pies-9175522" type="checkbox"><label class="checkbox-label" for="filter-option--Frozen-Pies-9175522" title="Frozen Pies"><a class="filter-option--link" href="https://www.tesco.com/groceries/en-GB/shop/frozen-food/all?department=Frozen%20Pies&amp;viewAll=department"><span class="checkbox-square checkbox-square-linked"></span><span class="checkbox-check icon-tick-white"></span><span class="visually-hidden">Filter by</span><span class="filter-label--line--inline">Frozen Pies</span><span class="filter-label--line--inline">&nbsp;(33)</span></a></label></div></li><li class="filter-option__container" id="Frozen Pizza &amp; Garlic Bread" data-auto="filter-option" data-auto-selected="false"><div class="checkbox" data-auto="checkbox"><input id="filter-option--Frozen-Pizza-Garlic-Bread-378443" name="filter-option--Frozen-Pizza-Garlic-Bread-378443" type="checkbox"><label class="checkbox-label" for="filter-option--Frozen-Pizza-Garlic-Bread-378443" title="Frozen Pizza &amp; Garlic Bread"><a class="filter-option--link" href="https://www.tesco.com/groceries/en-GB/shop/frozen-food/all?department=Frozen%20Pizza%20%26%20Garlic%20Bread&amp;viewAll=department"><span class="checkbox-square checkbox-square-linked"></span><span class="checkbox-check icon-tick-white"></span><span class="visually-hidden">Filter by</span><span class="filter-label--line--block">Frozen Pizza &amp;</span><span class="filter-label--line--inline filter-label--line--truncate">Garlic Bread</span><span class="filter-label--line--inline">&nbsp;(84)</span></a></label></div></li><li class="filter-option__container" id="Frozen Ready Meals" data-auto="filter-option" data-auto-selected="false"><div class="checkbox" data-auto="checkbox"><input id="filter-option--Frozen-Ready-Meals-3330028" name="filter-option--Frozen-Ready-Meals-3330028" type="checkbox"><label class="checkbox-label" for="filter-option--Frozen-Ready-Meals-3330028" title="Frozen Ready Meals"><a class="filter-option--link" href="https://www.tesco.com/groceries/en-GB/shop/frozen-food/all?department=Frozen%20Ready%20Meals&amp;viewAll=department"><span class="checkbox-square checkbox-square-linked"></span><span class="checkbox-check icon-tick-white"></span><span class="visually-hidden">Filter by</span><span class="filter-label--line--block">Frozen Ready</span><span class="filter-label--line--inline filter-label--line--truncate">Meals</span><span class="filter-label--line--inline">&nbsp;(111)</span></a></label></div></li><li class="filter-option__container" id="Frozen Yorkshire Puddings &amp; Stuffing" data-auto="filter-option" data-auto-selected="false"><div class="checkbox" data-auto="checkbox"><input id="filter-option--Frozen-Yorkshire-Puddings-Stuffing-462783" name="filter-option--Frozen-Yorkshire-Puddings-Stuffing-462783" type="checkbox"><label class="checkbox-label" for="filter-option--Frozen-Yorkshire-Puddings-Stuffing-462783" title="Frozen Yorkshire Puddings &amp; Stuffing"><a class="filter-option--link" href="https://www.tesco.com/groceries/en-GB/shop/frozen-food/all?department=Frozen%20Yorkshire%20Puddings%20%26%20Stuffing&amp;viewAll=department"><span class="checkbox-square checkbox-square-linked"></span><span class="checkbox-check icon-tick-white"></span><span class="visually-hidden">Filter by</span><span class="filter-label--line--block">Frozen Yorkshire</span><span class="filter-label--line--inline filter-label--line--truncate">Puddings &amp; Stuffing</span><span class="filter-label--line--inline">&nbsp;(10)</span></a></label></div></li><li class="filter-option__container" id="Frozen Breakfast, Fruit &amp; Pastry" data-auto="filter-option" data-auto-selected="false"><div class="checkbox" data-auto="checkbox"><input id="filter-option--Frozen-Breakfast,-Fruit-Pastry-3041053" name="filter-option--Frozen-Breakfast,-Fruit-Pastry-3041053" type="checkbox"><label class="checkbox-label" for="filter-option--Frozen-Breakfast,-Fruit-Pastry-3041053" title="Frozen Breakfast, Fruit &amp; Pastry"><a class="filter-option--link" href="https://www.tesco.com/groceries/en-GB/shop/frozen-food/all?department=Frozen%20Breakfast%2C%20Fruit%20%26%20Pastry&amp;viewAll=department"><span class="checkbox-square checkbox-square-linked"></span><span class="checkbox-check icon-tick-white"></span><span class="visually-hidden">Filter by</span><span class="filter-label--line--block">Frozen Breakfast,</span><span class="filter-label--line--inline filter-label--line--truncate">Fruit &amp; Pastry</span><span class="filter-label--line--inline">&nbsp;(35)</span></a></label></div></li><li class="filter-option__container" id="Frozen Vegetarian &amp; Vegan" data-auto="filter-option" data-auto-selected="false"><div class="checkbox" data-auto="checkbox"><input id="filter-option--Frozen-Vegetarian-Vegan-42183" name="filter-option--Frozen-Vegetarian-Vegan-42183" type="checkbox"><label class="checkbox-label" for="filter-option--Frozen-Vegetarian-Vegan-42183" title="Frozen Vegetarian &amp; Vegan"><a class="filter-option--link" href="https://www.tesco.com/groceries/en-GB/shop/frozen-food/all?department=Frozen%20Vegetarian%20%26%20Vegan&amp;viewAll=department"><span class="checkbox-square checkbox-square-linked"></span><span class="checkbox-check icon-tick-white"></span><span class="visually-hidden">Filter by</span><span class="filter-label--line--block">Frozen Vegetarian</span><span class="filter-label--line--inline filter-label--line--truncate">&amp; Vegan</span><span class="filter-label--line--inline">&nbsp;(138)</span></a></label></div></li><li class="more-filters--container"><button class="button-text more-filters">More categories<span class="icon icon-header_down_triangle expand-icon"></span></button></li><li class="more-filters--container hidden"><button class="button-text more-filters">Fewer categories<span class="icon icon-header_down_triangle contract-icon"></span></button></li></ul></li></ul></div></div></li><li data-auto="filter-brands"><div class="filter-select__FilterSelectContainer-x4zufj-0 iRBCDW filter-select-container filter-brands"><button aria-controls="filter-brands" aria-expanded="true" class="button-text filter-select filter-options-open" data-auto="filter-brands-select"><span class="filter-select--label specific-filter-label">120 Brands</span><span class="icon icon-header_down_triangle"></span></button></div><div aria-hidden="false" class="filter-options-container open" id="filter-brands" data-auto="filter-brands-dropdown"><div class="filter-options"><ul aria-label="120 Brands"><li class="current-filters" data-auto="brand"><ul><li class="filter-option__container" id="Tesco" data-auto="filter-option" data-auto-selected="false"><div class="checkbox" data-auto="checkbox"><input id="filter-option--Tesco-9020779" name="filter-option--Tesco-9020779" type="checkbox"><label class="checkbox-label" for="filter-option--Tesco-9020779" title="Tesco"><a class="filter-option--link" href="https://www.tesco.com/groceries/en-GB/shop/frozen-food/all?brand=Tesco&amp;viewAll=brand"><span class="checkbox-square checkbox-square-linked"></span><span class="checkbox-check icon-tick-white"></span><span class="visually-hidden">Filter by</span><span class="filter-label--line--inline">Tesco</span><span class="filter-label--line--inline">&nbsp;(337)</span></a></label></div></li><li class="filter-option__container" id="Birds Eye" data-auto="filter-option" data-auto-selected="false"><div class="checkbox" data-auto="checkbox"><input id="filter-option--Birds-Eye-7788541" name="filter-option--Birds-Eye-7788541" type="checkbox"><label class="checkbox-label" for="filter-option--Birds-Eye-7788541" title="Birds Eye"><a class="filter-option--link" href="https://www.tesco.com/groceries/en-GB/shop/frozen-food/all?brand=Birds%20Eye&amp;viewAll=brand"><span class="checkbox-square checkbox-square-linked"></span><span class="checkbox-check icon-tick-white"></span><span class="visually-hidden">Filter by</span><span class="filter-label--line--inline">Birds Eye</span><span class="filter-label--line--inline">&nbsp;(90)</span></a></label></div></li><li class="filter-option__container" id="Tesco Finest" data-auto="filter-option" data-auto-selected="false"><div class="checkbox" data-auto="checkbox"><input id="filter-option--Tesco-Finest-6911306" name="filter-option--Tesco-Finest-6911306" type="checkbox"><label class="checkbox-label" for="filter-option--Tesco-Finest-6911306" title="Tesco Finest"><a class="filter-option--link" href="https://www.tesco.com/groceries/en-GB/shop/frozen-food/all?brand=Tesco%20Finest&amp;viewAll=brand"><span class="checkbox-square checkbox-square-linked"></span><span class="checkbox-check icon-tick-white"></span><span class="visually-hidden">Filter by</span><span class="filter-label--line--inline">Tesco Finest</span><span class="filter-label--line--inline">&nbsp;(42)</span></a></label></div></li><li class="filter-option__container" id="Youngs" data-auto="filter-option" data-auto-selected="false"><div class="checkbox" data-auto="checkbox"><input id="filter-option--Youngs-1523468" name="filter-option--Youngs-1523468" type="checkbox"><label class="checkbox-label" for="filter-option--Youngs-1523468" title="Youngs"><a class="filter-option--link" href="https://www.tesco.com/groceries/en-GB/shop/frozen-food/all?brand=Youngs&amp;viewAll=brand"><span class="checkbox-square checkbox-square-linked"></span><span class="checkbox-check icon-tick-white"></span><span class="visually-hidden">Filter by</span><span class="filter-label--line--inline">Youngs</span><span class="filter-label--line--inline">&nbsp;(31)</span></a></label></div></li><li class="filter-option__container" id="Mccain" data-auto="filter-option" data-auto-selected="false"><div class="checkbox" data-auto="checkbox"><input id="filter-option--Mccain-930675" name="filter-option--Mccain-930675" type="checkbox"><label class="checkbox-label" for="filter-option--Mccain-930675" title="Mccain"><a class="filter-option--link" href="https://www.tesco.com/groceries/en-GB/shop/frozen-food/all?brand=Mccain&amp;viewAll=brand"><span class="checkbox-square checkbox-square-linked"></span><span class="checkbox-check icon-tick-white"></span><span class="visually-hidden">Filter by</span><span class="filter-label--line--inline">Mccain</span><span class="filter-label--line--inline">&nbsp;(30)</span></a></label></div></li><li class="filter-option__container" id="Hearty Food Co." data-auto="filter-option" data-auto-selected="false"><div class="checkbox" data-auto="checkbox"><input id="filter-option--Hearty-Food-Co.-8152692" name="filter-option--Hearty-Food-Co.-8152692" type="checkbox"><label class="checkbox-label" for="filter-option--Hearty-Food-Co.-8152692" title="Hearty Food Co."><a class="filter-option--link" href="https://www.tesco.com/groceries/en-GB/shop/frozen-food/all?brand=Hearty%20Food%20Co.&amp;viewAll=brand"><span class="checkbox-square checkbox-square-linked"></span><span class="checkbox-check icon-tick-white"></span><span class="visually-hidden">Filter by</span><span class="filter-label--line--block">Hearty Food</span><span class="filter-label--line--inline filter-label--line--truncate">Co.</span><span class="filter-label--line--inline">&nbsp;(25)</span></a></label></div></li><li class="filter-option__container" id="Quorn" data-auto="filter-option" data-auto-selected="false"><div class="checkbox" data-auto="checkbox"><input id="filter-option--Quorn-5873778" name="filter-option--Quorn-5873778" type="checkbox"><label class="checkbox-label" for="filter-option--Quorn-5873778" title="Quorn"><a class="filter-option--link" href="https://www.tesco.com/groceries/en-GB/shop/frozen-food/all?brand=Quorn&amp;viewAll=brand"><span class="checkbox-square checkbox-square-linked"></span><span class="checkbox-check icon-tick-white"></span><span class="visually-hidden">Filter by</span><span class="filter-label--line--inline">Quorn</span><span class="filter-label--line--inline">&nbsp;(25)</span></a></label></div></li><li class="filter-option__container" id="Ben &amp; Jerry&#39;s" data-auto="filter-option" data-auto-selected="false"><div class="checkbox" data-auto="checkbox"><input id="filter-option--Ben-Jerry&#39;s-7157413" name="filter-option--Ben-Jerry&#39;s-7157413" type="checkbox"><label class="checkbox-label" for="filter-option--Ben-Jerry&#39;s-7157413" title="Ben &amp; Jerry&#39;s"><a class="filter-option--link" href="https://www.tesco.com/groceries/en-GB/shop/frozen-food/all?brand=Ben%20%26%20Jerry%27s&amp;viewAll=brand"><span class="checkbox-square checkbox-square-linked"></span><span class="checkbox-check icon-tick-white"></span><span class="visually-hidden">Filter by</span><span class="filter-label--line--inline">Ben &amp; Jerry's</span><span class="filter-label--line--inline">&nbsp;(24)</span></a></label></div></li><li class="filter-option__container" id="Magnum" data-auto="filter-option" data-auto-selected="false"><div class="checkbox" data-auto="checkbox"><input id="filter-option--Magnum-153368" name="filter-option--Magnum-153368" type="checkbox"><label class="checkbox-label" for="filter-option--Magnum-153368" title="Magnum"><a class="filter-option--link" href="https://www.tesco.com/groceries/en-GB/shop/frozen-food/all?brand=Magnum&amp;viewAll=brand"><span class="checkbox-square checkbox-square-linked"></span><span class="checkbox-check icon-tick-white"></span><span class="visually-hidden">Filter by</span><span class="filter-label--line--inline">Magnum</span><span class="filter-label--line--inline">&nbsp;(21)</span></a></label></div></li><li class="filter-option__container" id="Chicago Town" data-auto="filter-option" data-auto-selected="false"><div class="checkbox" data-auto="checkbox"><input id="filter-option--Chicago-Town-132267" name="filter-option--Chicago-Town-132267" type="checkbox"><label class="checkbox-label" for="filter-option--Chicago-Town-132267" title="Chicago Town"><a class="filter-option--link" href="https://www.tesco.com/groceries/en-GB/shop/frozen-food/all?brand=Chicago%20Town&amp;viewAll=brand"><span class="checkbox-square checkbox-square-linked"></span><span class="checkbox-check icon-tick-white"></span><span class="visually-hidden">Filter by</span><span class="filter-label--line--inline">Chicago Town</span><span class="filter-label--line--inline">&nbsp;(20)</span></a></label></div></li><li class="filter-option__container" id="Aunt Bessie&#39;s" data-auto="filter-option" data-auto-selected="false"><div class="checkbox" data-auto="checkbox"><input id="filter-option--Aunt-Bessie&#39;s-7065155" name="filter-option--Aunt-Bessie&#39;s-7065155" type="checkbox"><label class="checkbox-label" for="filter-option--Aunt-Bessie&#39;s-7065155" title="Aunt Bessie&#39;s"><a class="filter-option--link" href="https://www.tesco.com/groceries/en-GB/shop/frozen-food/all?brand=Aunt%20Bessie%27s&amp;viewAll=brand"><span class="checkbox-square checkbox-square-linked"></span><span class="checkbox-check icon-tick-white"></span><span class="visually-hidden">Filter by</span><span class="filter-label--line--inline">Aunt Bessie's</span><span class="filter-label--line--inline">&nbsp;(17)</span></a></label></div></li><li class="filter-option__container" id="Haagen-Dazs" data-auto="filter-option" data-auto-selected="false"><div class="checkbox" data-auto="checkbox"><input id="filter-option--Haagen-Dazs-7363315" name="filter-option--Haagen-Dazs-7363315" type="checkbox"><label class="checkbox-label" for="filter-option--Haagen-Dazs-7363315" title="Haagen-Dazs"><a class="filter-option--link" href="https://www.tesco.com/groceries/en-GB/shop/frozen-food/all?brand=Haagen-Dazs&amp;viewAll=brand"><span class="checkbox-square checkbox-square-linked"></span><span class="checkbox-check icon-tick-white"></span><span class="visually-hidden">Filter by</span><span class="filter-label--line--inline">Haagen-Dazs</span><span class="filter-label--line--inline">&nbsp;(17)</span></a></label></div></li><li class="filter-option__container" id="Tesco Plant Chef" data-auto="filter-option" data-auto-selected="false"><div class="checkbox" data-auto="checkbox"><input id="filter-option--Tesco-Plant-Chef-1032930" name="filter-option--Tesco-Plant-Chef-1032930" type="checkbox"><label class="checkbox-label" for="filter-option--Tesco-Plant-Chef-1032930" title="Tesco Plant Chef"><a class="filter-option--link" href="https://www.tesco.com/groceries/en-GB/shop/frozen-food/all?brand=Tesco%20Plant%20Chef&amp;viewAll=brand"><span class="checkbox-square checkbox-square-linked"></span><span class="checkbox-check icon-tick-white"></span><span class="visually-hidden">Filter by</span><span class="filter-label--line--block">Tesco Plant</span><span class="filter-label--line--inline filter-label--line--truncate">Chef</span><span class="filter-label--line--inline">&nbsp;(15)</span></a></label></div></li><li class="filter-option__container" id="Goodfella&#39;s" data-auto="filter-option" data-auto-selected="false"><div class="checkbox" data-auto="checkbox"><input id="filter-option--Goodfella&#39;s-3508850" name="filter-option--Goodfella&#39;s-3508850" type="checkbox"><label class="checkbox-label" for="filter-option--Goodfella&#39;s-3508850" title="Goodfella&#39;s"><a class="filter-option--link" href="https://www.tesco.com/groceries/en-GB/shop/frozen-food/all?brand=Goodfella%27s&amp;viewAll=brand"><span class="checkbox-square checkbox-square-linked"></span><span class="checkbox-check icon-tick-white"></span><span class="visually-hidden">Filter by</span><span class="filter-label--line--inline">Goodfella's</span><span class="filter-label--line--inline">&nbsp;(13)</span></a></label></div></li><li class="filter-option__container" id="Free From" data-auto="filter-option" data-auto-selected="false"><div class="checkbox" data-auto="checkbox"><input id="filter-option--Free-From-5245529" name="filter-option--Free-From-5245529" type="checkbox"><label class="checkbox-label" for="filter-option--Free-From-5245529" title="Free From"><a class="filter-option--link" href="https://www.tesco.com/groceries/en-GB/shop/frozen-food/all?brand=Free%20From&amp;viewAll=brand"><span class="checkbox-square checkbox-square-linked"></span><span class="checkbox-check icon-tick-white"></span><span class="visually-hidden">Filter by</span><span class="filter-label--line--inline">Free From</span><span class="filter-label--line--inline">&nbsp;(12)</span></a></label></div></li><li class="filter-option__container" id="Cadbury" data-auto="filter-option" data-auto-selected="false"><div class="checkbox" data-auto="checkbox"><input id="filter-option--Cadbury-2155529" name="filter-option--Cadbury-2155529" type="checkbox"><label class="checkbox-label" for="filter-option--Cadbury-2155529" title="Cadbury"><a class="filter-option--link" href="https://www.tesco.com/groceries/en-GB/shop/frozen-food/all?brand=Cadbury&amp;viewAll=brand"><span class="checkbox-square checkbox-square-linked"></span><span class="checkbox-check icon-tick-white"></span><span class="visually-hidden">Filter by</span><span class="filter-label--line--inline">Cadbury</span><span class="filter-label--line--inline">&nbsp;(11)</span></a></label></div></li><li class="filter-option__container" id="Halo Top" data-auto="filter-option" data-auto-selected="false"><div class="checkbox" data-auto="checkbox"><input id="filter-option--Halo-Top-1729747" name="filter-option--Halo-Top-1729747" type="checkbox"><label class="checkbox-label" for="filter-option--Halo-Top-1729747" title="Halo Top"><a class="filter-option--link" href="https://www.tesco.com/groceries/en-GB/shop/frozen-food/all?brand=Halo%20Top&amp;viewAll=brand"><span class="checkbox-square checkbox-square-linked"></span><span class="checkbox-check icon-tick-white"></span><span class="visually-hidden">Filter by</span><span class="filter-label--line--inline">Halo Top</span><span class="filter-label--line--inline">&nbsp;(11)</span></a></label></div></li><li class="filter-option__container" id="Zizzi" data-auto="filter-option" data-auto-selected="false"><div class="checkbox" data-auto="checkbox"><input id="filter-option--Zizzi-347679" name="filter-option--Zizzi-347679" type="checkbox"><label class="checkbox-label" for="filter-option--Zizzi-347679" title="Zizzi"><a class="filter-option--link" href="https://www.tesco.com/groceries/en-GB/shop/frozen-food/all?brand=Zizzi&amp;viewAll=brand"><span class="checkbox-square checkbox-square-linked"></span><span class="checkbox-check icon-tick-white"></span><span class="visually-hidden">Filter by</span><span class="filter-label--line--inline">Zizzi</span><span class="filter-label--line--inline">&nbsp;(11)</span></a></label></div></li><li class="filter-option__container" id="Itsu Grocery" data-auto="filter-option" data-auto-selected="false"><div class="checkbox" data-auto="checkbox"><input id="filter-option--Itsu-Grocery-768745" name="filter-option--Itsu-Grocery-768745" type="checkbox"><label class="checkbox-label" for="filter-option--Itsu-Grocery-768745" title="Itsu Grocery"><a class="filter-option--link" href="https://www.tesco.com/groceries/en-GB/shop/frozen-food/all?brand=Itsu%20Grocery&amp;viewAll=brand"><span class="checkbox-square checkbox-square-linked"></span><span class="checkbox-check icon-tick-white"></span><span class="visually-hidden">Filter by</span><span class="filter-label--line--inline">Itsu Grocery</span><span class="filter-label--line--inline">&nbsp;(9)</span></a></label></div></li><li class="filter-option__container" id="Wicked Kitchen" data-auto="filter-option" data-auto-selected="false"><div class="checkbox" data-auto="checkbox"><input id="filter-option--Wicked-Kitchen-2102258" name="filter-option--Wicked-Kitchen-2102258" type="checkbox"><label class="checkbox-label" for="filter-option--Wicked-Kitchen-2102258" title="Wicked Kitchen"><a class="filter-option--link" href="https://www.tesco.com/groceries/en-GB/shop/frozen-food/all?brand=Wicked%20Kitchen&amp;viewAll=brand"><span class="checkbox-square checkbox-square-linked"></span><span class="checkbox-check icon-tick-white"></span><span class="visually-hidden">Filter by</span><span class="filter-label--line--inline">Wicked Kitchen</span><span class="filter-label--line--inline">&nbsp;(9)</span></a></label></div></li><li class="filter-option__container" id="Strong Roots" data-auto="filter-option" data-auto-selected="false"><div class="checkbox" data-auto="checkbox"><input id="filter-option--Strong-Roots-895840" name="filter-option--Strong-Roots-895840" type="checkbox"><label class="checkbox-label" for="filter-option--Strong-Roots-895840" title="Strong Roots"><a class="filter-option--link" href="https://www.tesco.com/groceries/en-GB/shop/frozen-food/all?brand=Strong%20Roots&amp;viewAll=brand"><span class="checkbox-square checkbox-square-linked"></span><span class="checkbox-check icon-tick-white"></span><span class="visually-hidden">Filter by</span><span class="filter-label--line--inline">Strong Roots</span><span class="filter-label--line--inline">&nbsp;(8)</span></a></label></div></li><li class="filter-option__container" id="Carte D&#39;or" data-auto="filter-option" data-auto-selected="false"><div class="checkbox" data-auto="checkbox"><input id="filter-option--Carte-D&#39;or-9460360" name="filter-option--Carte-D&#39;or-9460360" type="checkbox"><label class="checkbox-label" for="filter-option--Carte-D&#39;or-9460360" title="Carte D&#39;or"><a class="filter-option--link" href="https://www.tesco.com/groceries/en-GB/shop/frozen-food/all?brand=Carte%20D%27or&amp;viewAll=brand"><span class="checkbox-square checkbox-square-linked"></span><span class="checkbox-check icon-tick-white"></span><span class="visually-hidden">Filter by</span><span class="filter-label--line--inline">Carte D'or</span><span class="filter-label--line--inline">&nbsp;(7)</span></a></label></div></li><li class="filter-option__container" id="Dr. Oetker" data-auto="filter-option" data-auto-selected="false"><div class="checkbox" data-auto="checkbox"><input id="filter-option--Dr.-Oetker-9225891" name="filter-option--Dr.-Oetker-9225891" type="checkbox"><label class="checkbox-label" for="filter-option--Dr.-Oetker-9225891" title="Dr. Oetker"><a class="filter-option--link" href="https://www.tesco.com/groceries/en-GB/shop/frozen-food/all?brand=Dr.%20Oetker&amp;viewAll=brand"><span class="checkbox-square checkbox-square-linked"></span><span class="checkbox-check icon-tick-white"></span><span class="visually-hidden">Filter by</span><span class="filter-label--line--inline">Dr. Oetker</span><span class="filter-label--line--inline">&nbsp;(7)</span></a></label></div></li><li class="filter-option__container" id="Kirstys" data-auto="filter-option" data-auto-selected="false"><div class="checkbox" data-auto="checkbox"><input id="filter-option--Kirstys-3528692" name="filter-option--Kirstys-3528692" type="checkbox"><label class="checkbox-label" for="filter-option--Kirstys-3528692" title="Kirstys"><a class="filter-option--link" href="https://www.tesco.com/groceries/en-GB/shop/frozen-food/all?brand=Kirstys&amp;viewAll=brand"><span class="checkbox-square checkbox-square-linked"></span><span class="checkbox-check icon-tick-white"></span><span class="visually-hidden">Filter by</span><span class="filter-label--line--inline">Kirstys</span><span class="filter-label--line--inline">&nbsp;(7)</span></a></label></div></li><li class="filter-option__container" id="Nuii" data-auto="filter-option" data-auto-selected="false"><div class="checkbox" data-auto="checkbox"><input id="filter-option--Nuii-8120924" name="filter-option--Nuii-8120924" type="checkbox"><label class="checkbox-label" for="filter-option--Nuii-8120924" title="Nuii"><a class="filter-option--link" href="https://www.tesco.com/groceries/en-GB/shop/frozen-food/all?brand=Nuii&amp;viewAll=brand"><span class="checkbox-square checkbox-square-linked"></span><span class="checkbox-check icon-tick-white"></span><span class="visually-hidden">Filter by</span><span class="filter-label--line--inline">Nuii</span><span class="filter-label--line--inline">&nbsp;(7)</span></a></label></div></li><li class="filter-option__container" id="Richmond" data-auto="filter-option" data-auto-selected="false"><div class="checkbox" data-auto="checkbox"><input id="filter-option--Richmond-9600463" name="filter-option--Richmond-9600463" type="checkbox"><label class="checkbox-label" for="filter-option--Richmond-9600463" title="Richmond"><a class="filter-option--link" href="https://www.tesco.com/groceries/en-GB/shop/frozen-food/all?brand=Richmond&amp;viewAll=brand"><span class="checkbox-square checkbox-square-linked"></span><span class="checkbox-check icon-tick-white"></span><span class="visually-hidden">Filter by</span><span class="filter-label--line--inline">Richmond</span><span class="filter-label--line--inline">&nbsp;(7)</span></a></label></div></li><li class="filter-option__container" id="Walls" data-auto="filter-option" data-auto-selected="false"><div class="checkbox" data-auto="checkbox"><input id="filter-option--Walls-4127806" name="filter-option--Walls-4127806" type="checkbox"><label class="checkbox-label" for="filter-option--Walls-4127806" title="Walls"><a class="filter-option--link" href="https://www.tesco.com/groceries/en-GB/shop/frozen-food/all?brand=Walls&amp;viewAll=brand"><span class="checkbox-square checkbox-square-linked"></span><span class="checkbox-check icon-tick-white"></span><span class="visually-hidden">Filter by</span><span class="filter-label--line--inline">Walls</span><span class="filter-label--line--inline">&nbsp;(7)</span></a></label></div></li><li class="filter-option__container" id="Cornetto" data-auto="filter-option" data-auto-selected="false"><div class="checkbox" data-auto="checkbox"><input id="filter-option--Cornetto-8424043" name="filter-option--Cornetto-8424043" type="checkbox"><label class="checkbox-label" for="filter-option--Cornetto-8424043" title="Cornetto"><a class="filter-option--link" href="https://www.tesco.com/groceries/en-GB/shop/frozen-food/all?brand=Cornetto&amp;viewAll=brand"><span class="checkbox-square checkbox-square-linked"></span><span class="checkbox-check icon-tick-white"></span><span class="visually-hidden">Filter by</span><span class="filter-label--line--inline">Cornetto</span><span class="filter-label--line--inline">&nbsp;(6)</span></a></label></div></li><li class="filter-option__container" id="Linda Mccartney" data-auto="filter-option" data-auto-selected="false"><div class="checkbox" data-auto="checkbox"><input id="filter-option--Linda-Mccartney-620194" name="filter-option--Linda-Mccartney-620194" type="checkbox"><label class="checkbox-label" for="filter-option--Linda-Mccartney-620194" title="Linda Mccartney"><a class="filter-option--link" href="https://www.tesco.com/groceries/en-GB/shop/frozen-food/all?brand=Linda%20Mccartney&amp;viewAll=brand"><span class="checkbox-square checkbox-square-linked"></span><span class="checkbox-check icon-tick-white"></span><span class="visually-hidden">Filter by</span><span class="filter-label--line--block">Linda</span><span class="filter-label--line--inline filter-label--line--truncate">Mccartney</span><span class="filter-label--line--inline">&nbsp;(6)</span></a></label></div></li><li class="filter-option__container" id="Pret A Manger" data-auto="filter-option" data-auto-selected="false"><div class="checkbox" data-auto="checkbox"><input id="filter-option--Pret-A-Manger-9955071" name="filter-option--Pret-A-Manger-9955071" type="checkbox"><label class="checkbox-label" for="filter-option--Pret-A-Manger-9955071" title="Pret A Manger"><a class="filter-option--link" href="https://www.tesco.com/groceries/en-GB/shop/frozen-food/all?brand=Pret%20A%20Manger&amp;viewAll=brand"><span class="checkbox-square checkbox-square-linked"></span><span class="checkbox-check icon-tick-white"></span><span class="visually-hidden">Filter by</span><span class="filter-label--line--inline">Pret A Manger</span><span class="filter-label--line--inline">&nbsp;(6)</span></a></label></div></li><li class="filter-option__container" id="Snacksters" data-auto="filter-option" data-auto-selected="false"><div class="checkbox" data-auto="checkbox"><input id="filter-option--Snacksters-5740378" name="filter-option--Snacksters-5740378" type="checkbox"><label class="checkbox-label" for="filter-option--Snacksters-5740378" title="Snacksters"><a class="filter-option--link" href="https://www.tesco.com/groceries/en-GB/shop/frozen-food/all?brand=Snacksters&amp;viewAll=brand"><span class="checkbox-square checkbox-square-linked"></span><span class="checkbox-check icon-tick-white"></span><span class="visually-hidden">Filter by</span><span class="filter-label--line--inline">Snacksters</span><span class="filter-label--line--inline">&nbsp;(6)</span></a></label></div></li><li class="filter-option__container" id="Doughlicious" data-auto="filter-option" data-auto-selected="false"><div class="checkbox" data-auto="checkbox"><input id="filter-option--Doughlicious-590482" name="filter-option--Doughlicious-590482" type="checkbox"><label class="checkbox-label" for="filter-option--Doughlicious-590482" title="Doughlicious"><a class="filter-option--link" href="https://www.tesco.com/groceries/en-GB/shop/frozen-food/all?brand=Doughlicious&amp;viewAll=brand"><span class="checkbox-square checkbox-square-linked"></span><span class="checkbox-check icon-tick-white"></span><span class="visually-hidden">Filter by</span><span class="filter-label--line--inline">Doughlicious</span><span class="filter-label--line--inline">&nbsp;(5)</span></a></label></div></li><li class="filter-option__container" id="English Cheesecake Company Ltd" data-auto="filter-option" data-auto-selected="false"><div class="checkbox" data-auto="checkbox"><input id="filter-option--English-Cheesecake-Company-Ltd-1761876" name="filter-option--English-Cheesecake-Company-Ltd-1761876" type="checkbox"><label class="checkbox-label" for="filter-option--English-Cheesecake-Company-Ltd-1761876" title="English Cheesecake Company Ltd"><a class="filter-option--link" href="https://www.tesco.com/groceries/en-GB/shop/frozen-food/all?brand=English%20Cheesecake%20Company%20Ltd&amp;viewAll=brand"><span class="checkbox-square checkbox-square-linked"></span><span class="checkbox-check icon-tick-white"></span><span class="visually-hidden">Filter by</span><span class="filter-label--line--block">English Cheesecake</span><span class="filter-label--line--inline filter-label--line--truncate">Company Ltd</span><span class="filter-label--line--inline">&nbsp;(5)</span></a></label></div></li><li class="filter-option__container" id="Heinz" data-auto="filter-option" data-auto-selected="false"><div class="checkbox" data-auto="checkbox"><input id="filter-option--Heinz-4724436" name="filter-option--Heinz-4724436" type="checkbox"><label class="checkbox-label" for="filter-option--Heinz-4724436" title="Heinz"><a class="filter-option--link" href="https://www.tesco.com/groceries/en-GB/shop/frozen-food/all?brand=Heinz&amp;viewAll=brand"><span class="checkbox-square checkbox-square-linked"></span><span class="checkbox-check icon-tick-white"></span><span class="visually-hidden">Filter by</span><span class="filter-label--line--inline">Heinz</span><span class="filter-label--line--inline">&nbsp;(5)</span></a></label></div></li><li class="filter-option__container" id="Kelly&#39;s" data-auto="filter-option" data-auto-selected="false"><div class="checkbox" data-auto="checkbox"><input id="filter-option--Kelly&#39;s-7851446" name="filter-option--Kelly&#39;s-7851446" type="checkbox"><label class="checkbox-label" for="filter-option--Kelly&#39;s-7851446" title="Kelly&#39;s"><a class="filter-option--link" href="https://www.tesco.com/groceries/en-GB/shop/frozen-food/all?brand=Kelly%27s&amp;viewAll=brand"><span class="checkbox-square checkbox-square-linked"></span><span class="checkbox-check icon-tick-white"></span><span class="visually-hidden">Filter by</span><span class="filter-label--line--inline">Kelly's</span><span class="filter-label--line--inline">&nbsp;(5)</span></a></label></div></li><li class="filter-option__container" id="Little Moons" data-auto="filter-option" data-auto-selected="false"><div class="checkbox" data-auto="checkbox"><input id="filter-option--Little-Moons-8495514" name="filter-option--Little-Moons-8495514" type="checkbox"><label class="checkbox-label" for="filter-option--Little-Moons-8495514" title="Little Moons"><a class="filter-option--link" href="https://www.tesco.com/groceries/en-GB/shop/frozen-food/all?brand=Little%20Moons&amp;viewAll=brand"><span class="checkbox-square checkbox-square-linked"></span><span class="checkbox-check icon-tick-white"></span><span class="visually-hidden">Filter by</span><span class="filter-label--line--inline">Little Moons</span><span class="filter-label--line--inline">&nbsp;(5)</span></a></label></div></li><li class="filter-option__container" id="Ms Mollys" data-auto="filter-option" data-auto-selected="false"><div class="checkbox" data-auto="checkbox"><input id="filter-option--Ms-Mollys-9060960" name="filter-option--Ms-Mollys-9060960" type="checkbox"><label class="checkbox-label" for="filter-option--Ms-Mollys-9060960" title="Ms Mollys"><a class="filter-option--link" href="https://www.tesco.com/groceries/en-GB/shop/frozen-food/all?brand=Ms%20Mollys&amp;viewAll=brand"><span class="checkbox-square checkbox-square-linked"></span><span class="checkbox-check icon-tick-white"></span><span class="visually-hidden">Filter by</span><span class="filter-label--line--inline">Ms Mollys</span><span class="filter-label--line--inline">&nbsp;(5)</span></a></label></div></li><li class="filter-option__container" id="Oppo" data-auto="filter-option" data-auto-selected="false"><div class="checkbox" data-auto="checkbox"><input id="filter-option--Oppo-8047029" name="filter-option--Oppo-8047029" type="checkbox"><label class="checkbox-label" for="filter-option--Oppo-8047029" title="Oppo"><a class="filter-option--link" href="https://www.tesco.com/groceries/en-GB/shop/frozen-food/all?brand=Oppo&amp;viewAll=brand"><span class="checkbox-square checkbox-square-linked"></span><span class="checkbox-check icon-tick-white"></span><span class="visually-hidden">Filter by</span><span class="filter-label--line--inline">Oppo</span><span class="filter-label--line--inline">&nbsp;(5)</span></a></label></div></li><li class="filter-option__container" id="Pukka" data-auto="filter-option" data-auto-selected="false"><div class="checkbox" data-auto="checkbox"><input id="filter-option--Pukka-4910398" name="filter-option--Pukka-4910398" type="checkbox"><label class="checkbox-label" for="filter-option--Pukka-4910398" title="Pukka"><a class="filter-option--link" href="https://www.tesco.com/groceries/en-GB/shop/frozen-food/all?brand=Pukka&amp;viewAll=brand"><span class="checkbox-square checkbox-square-linked"></span><span class="checkbox-check icon-tick-white"></span><span class="visually-hidden">Filter by</span><span class="filter-label--line--inline">Pukka</span><span class="filter-label--line--inline">&nbsp;(5)</span></a></label></div></li><li class="filter-option__container" id="Tesco Beautifully Balanced" data-auto="filter-option" data-auto-selected="false"><div class="checkbox" data-auto="checkbox"><input id="filter-option--Tesco-Beautifully-Balanced-1209237" name="filter-option--Tesco-Beautifully-Balanced-1209237" type="checkbox"><label class="checkbox-label" for="filter-option--Tesco-Beautifully-Balanced-1209237" title="Tesco Beautifully Balanced"><a class="filter-option--link" href="https://www.tesco.com/groceries/en-GB/shop/frozen-food/all?brand=Tesco%20Beautifully%20Balanced&amp;viewAll=brand"><span class="checkbox-square checkbox-square-linked"></span><span class="checkbox-check icon-tick-white"></span><span class="visually-hidden">Filter by</span><span class="filter-label--line--block">Tesco Beautifully</span><span class="filter-label--line--inline filter-label--line--truncate">Balanced</span><span class="filter-label--line--inline">&nbsp;(5)</span></a></label></div></li><li class="filter-option__container" id="The Tofoo Co" data-auto="filter-option" data-auto-selected="false"><div class="checkbox" data-auto="checkbox"><input id="filter-option--The-Tofoo-Co-5819262" name="filter-option--The-Tofoo-Co-5819262" type="checkbox"><label class="checkbox-label" for="filter-option--The-Tofoo-Co-5819262" title="The Tofoo Co"><a class="filter-option--link" href="https://www.tesco.com/groceries/en-GB/shop/frozen-food/all?brand=The%20Tofoo%20Co&amp;viewAll=brand"><span class="checkbox-square checkbox-square-linked"></span><span class="checkbox-check icon-tick-white"></span><span class="visually-hidden">Filter by</span><span class="filter-label--line--inline">The Tofoo Co</span><span class="filter-label--line--inline">&nbsp;(5)</span></a></label></div></li><li class="filter-option__container" id="Acre Lane Farmho" data-auto="filter-option" data-auto-selected="false"><div class="checkbox" data-auto="checkbox"><input id="filter-option--Acre-Lane-Farmho-4068137" name="filter-option--Acre-Lane-Farmho-4068137" type="checkbox"><label class="checkbox-label" for="filter-option--Acre-Lane-Farmho-4068137" title="Acre Lane Farmho"><a class="filter-option--link" href="https://www.tesco.com/groceries/en-GB/shop/frozen-food/all?brand=Acre%20Lane%20Farmho&amp;viewAll=brand"><span class="checkbox-square checkbox-square-linked"></span><span class="checkbox-check icon-tick-white"></span><span class="visually-hidden">Filter by</span><span class="filter-label--line--block">Acre Lane</span><span class="filter-label--line--inline filter-label--line--truncate">Farmho</span><span class="filter-label--line--inline">&nbsp;(4)</span></a></label></div></li><li class="filter-option__container" id="Beyond" data-auto="filter-option" data-auto-selected="false"><div class="checkbox" data-auto="checkbox"><input id="filter-option--Beyond-7782187" name="filter-option--Beyond-7782187" type="checkbox"><label class="checkbox-label" for="filter-option--Beyond-7782187" title="Beyond"><a class="filter-option--link" href="https://www.tesco.com/groceries/en-GB/shop/frozen-food/all?brand=Beyond&amp;viewAll=brand"><span class="checkbox-square checkbox-square-linked"></span><span class="checkbox-check icon-tick-white"></span><span class="visually-hidden">Filter by</span><span class="filter-label--line--inline">Beyond</span><span class="filter-label--line--inline">&nbsp;(4)</span></a></label></div></li><li class="filter-option__container" id="Brew City" data-auto="filter-option" data-auto-selected="false"><div class="checkbox" data-auto="checkbox"><input id="filter-option--Brew-City-4010381" name="filter-option--Brew-City-4010381" type="checkbox"><label class="checkbox-label" for="filter-option--Brew-City-4010381" title="Brew City"><a class="filter-option--link" href="https://www.tesco.com/groceries/en-GB/shop/frozen-food/all?brand=Brew%20City&amp;viewAll=brand"><span class="checkbox-square checkbox-square-linked"></span><span class="checkbox-check icon-tick-white"></span><span class="visually-hidden">Filter by</span><span class="filter-label--line--inline">Brew City</span><span class="filter-label--line--inline">&nbsp;(4)</span></a></label></div></li><li class="filter-option__container" id="Butchers Choice" data-auto="filter-option" data-auto-selected="false"><div class="checkbox" data-auto="checkbox"><input id="filter-option--Butchers-Choice-5550949" name="filter-option--Butchers-Choice-5550949" type="checkbox"><label class="checkbox-label" for="filter-option--Butchers-Choice-5550949" title="Butchers Choice"><a class="filter-option--link" href="https://www.tesco.com/groceries/en-GB/shop/frozen-food/all?brand=Butchers%20Choice&amp;viewAll=brand"><span class="checkbox-square checkbox-square-linked"></span><span class="checkbox-check icon-tick-white"></span><span class="visually-hidden">Filter by</span><span class="filter-label--line--block">Butchers</span><span class="filter-label--line--inline filter-label--line--truncate">Choice</span><span class="filter-label--line--inline">&nbsp;(4)</span></a></label></div></li><li class="filter-option__container" id="Ella&#39;s Kitchen" data-auto="filter-option" data-auto-selected="false"><div class="checkbox" data-auto="checkbox"><input id="filter-option--Ella&#39;s-Kitchen-5995726" name="filter-option--Ella&#39;s-Kitchen-5995726" type="checkbox"><label class="checkbox-label" for="filter-option--Ella&#39;s-Kitchen-5995726" title="Ella&#39;s Kitchen"><a class="filter-option--link" href="https://www.tesco.com/groceries/en-GB/shop/frozen-food/all?brand=Ella%27s%20Kitchen&amp;viewAll=brand"><span class="checkbox-square checkbox-square-linked"></span><span class="checkbox-check icon-tick-white"></span><span class="visually-hidden">Filter by</span><span class="filter-label--line--inline">Ella's Kitchen</span><span class="filter-label--line--inline">&nbsp;(4)</span></a></label></div></li><li class="filter-option__container" id="Extreme" data-auto="filter-option" data-auto-selected="false"><div class="checkbox" data-auto="checkbox"><input id="filter-option--Extreme-8519127" name="filter-option--Extreme-8519127" type="checkbox"><label class="checkbox-label" for="filter-option--Extreme-8519127" title="Extreme"><a class="filter-option--link" href="https://www.tesco.com/groceries/en-GB/shop/frozen-food/all?brand=Extreme&amp;viewAll=brand"><span class="checkbox-square checkbox-square-linked"></span><span class="checkbox-check icon-tick-white"></span><span class="visually-hidden">Filter by</span><span class="filter-label--line--inline">Extreme</span><span class="filter-label--line--inline">&nbsp;(4)</span></a></label></div></li><li class="filter-option__container" id="Itsu" data-auto="filter-option" data-auto-selected="false"><div class="checkbox" data-auto="checkbox"><input id="filter-option--Itsu-7495351" name="filter-option--Itsu-7495351" type="checkbox"><label class="checkbox-label" for="filter-option--Itsu-7495351" title="Itsu"><a class="filter-option--link" href="https://www.tesco.com/groceries/en-GB/shop/frozen-food/all?brand=Itsu&amp;viewAll=brand"><span class="checkbox-square checkbox-square-linked"></span><span class="checkbox-check icon-tick-white"></span><span class="visually-hidden">Filter by</span><span class="filter-label--line--inline">Itsu</span><span class="filter-label--line--inline">&nbsp;(4)</span></a></label></div></li><li class="filter-option__container" id="Lotus" data-auto="filter-option" data-auto-selected="false"><div class="checkbox" data-auto="checkbox"><input id="filter-option--Lotus-4234088" name="filter-option--Lotus-4234088" type="checkbox"><label class="checkbox-label" for="filter-option--Lotus-4234088" title="Lotus"><a class="filter-option--link" href="https://www.tesco.com/groceries/en-GB/shop/frozen-food/all?brand=Lotus&amp;viewAll=brand"><span class="checkbox-square checkbox-square-linked"></span><span class="checkbox-check icon-tick-white"></span><span class="visually-hidden">Filter by</span><span class="filter-label--line--inline">Lotus</span><span class="filter-label--line--inline">&nbsp;(4)</span></a></label></div></li><li class="filter-option__container" id="Northern Dough" data-auto="filter-option" data-auto-selected="false"><div class="checkbox" data-auto="checkbox"><input id="filter-option--Northern-Dough-1694331" name="filter-option--Northern-Dough-1694331" type="checkbox"><label class="checkbox-label" for="filter-option--Northern-Dough-1694331" title="Northern Dough"><a class="filter-option--link" href="https://www.tesco.com/groceries/en-GB/shop/frozen-food/all?brand=Northern%20Dough&amp;viewAll=brand"><span class="checkbox-square checkbox-square-linked"></span><span class="checkbox-check icon-tick-white"></span><span class="visually-hidden">Filter by</span><span class="filter-label--line--inline">Northern Dough</span><span class="filter-label--line--inline">&nbsp;(4)</span></a></label></div></li><li class="filter-option__container" id="Oreo" data-auto="filter-option" data-auto-selected="false"><div class="checkbox" data-auto="checkbox"><input id="filter-option--Oreo-475071" name="filter-option--Oreo-475071" type="checkbox"><label class="checkbox-label" for="filter-option--Oreo-475071" title="Oreo"><a class="filter-option--link" href="https://www.tesco.com/groceries/en-GB/shop/frozen-food/all?brand=Oreo&amp;viewAll=brand"><span class="checkbox-square checkbox-square-linked"></span><span class="checkbox-check icon-tick-white"></span><span class="visually-hidden">Filter by</span><span class="filter-label--line--inline">Oreo</span><span class="filter-label--line--inline">&nbsp;(4)</span></a></label></div></li><li class="filter-option__container" id="Rowntrees" data-auto="filter-option" data-auto-selected="false"><div class="checkbox" data-auto="checkbox"><input id="filter-option--Rowntrees-2399444" name="filter-option--Rowntrees-2399444" type="checkbox"><label class="checkbox-label" for="filter-option--Rowntrees-2399444" title="Rowntrees"><a class="filter-option--link" href="https://www.tesco.com/groceries/en-GB/shop/frozen-food/all?brand=Rowntrees&amp;viewAll=brand"><span class="checkbox-square checkbox-square-linked"></span><span class="checkbox-check icon-tick-white"></span><span class="visually-hidden">Filter by</span><span class="filter-label--line--inline">Rowntrees</span><span class="filter-label--line--inline">&nbsp;(4)</span></a></label></div></li><li class="filter-option__container" id="The Gym Kitchen" data-auto="filter-option" data-auto-selected="false"><div class="checkbox" data-auto="checkbox"><input id="filter-option--The-Gym-Kitchen-2253068" name="filter-option--The-Gym-Kitchen-2253068" type="checkbox"><label class="checkbox-label" for="filter-option--The-Gym-Kitchen-2253068" title="The Gym Kitchen"><a class="filter-option--link" href="https://www.tesco.com/groceries/en-GB/shop/frozen-food/all?brand=The%20Gym%20Kitchen&amp;viewAll=brand"><span class="checkbox-square checkbox-square-linked"></span><span class="checkbox-check icon-tick-white"></span><span class="visually-hidden">Filter by</span><span class="filter-label--line--block">The Gym</span><span class="filter-label--line--inline filter-label--line--truncate">Kitchen</span><span class="filter-label--line--inline">&nbsp;(4)</span></a></label></div></li><li class="filter-option__container" id="The Ice Co" data-auto="filter-option" data-auto-selected="false"><div class="checkbox" data-auto="checkbox"><input id="filter-option--The-Ice-Co-1678624" name="filter-option--The-Ice-Co-1678624" type="checkbox"><label class="checkbox-label" for="filter-option--The-Ice-Co-1678624" title="The Ice Co"><a class="filter-option--link" href="https://www.tesco.com/groceries/en-GB/shop/frozen-food/all?brand=The%20Ice%20Co&amp;viewAll=brand"><span class="checkbox-square checkbox-square-linked"></span><span class="checkbox-check icon-tick-white"></span><span class="visually-hidden">Filter by</span><span class="filter-label--line--inline">The Ice Co</span><span class="filter-label--line--inline">&nbsp;(4)</span></a></label></div></li><li class="filter-option__container" id="Vegetarian Butch" data-auto="filter-option" data-auto-selected="false"><div class="checkbox" data-auto="checkbox"><input id="filter-option--Vegetarian-Butch-1635411" name="filter-option--Vegetarian-Butch-1635411" type="checkbox"><label class="checkbox-label" for="filter-option--Vegetarian-Butch-1635411" title="Vegetarian Butch"><a class="filter-option--link" href="https://www.tesco.com/groceries/en-GB/shop/frozen-food/all?brand=Vegetarian%20Butch&amp;viewAll=brand"><span class="checkbox-square checkbox-square-linked"></span><span class="checkbox-check icon-tick-white"></span><span class="visually-hidden">Filter by</span><span class="filter-label--line--block">Vegetarian</span><span class="filter-label--line--inline filter-label--line--truncate">Butch</span><span class="filter-label--line--inline">&nbsp;(4)</span></a></label></div></li><li class="filter-option__container" id="Annabel Karmel" data-auto="filter-option" data-auto-selected="false"><div class="checkbox" data-auto="checkbox"><input id="filter-option--Annabel-Karmel-2071864" name="filter-option--Annabel-Karmel-2071864" type="checkbox"><label class="checkbox-label" for="filter-option--Annabel-Karmel-2071864" title="Annabel Karmel"><a class="filter-option--link" href="https://www.tesco.com/groceries/en-GB/shop/frozen-food/all?brand=Annabel%20Karmel&amp;viewAll=brand"><span class="checkbox-square checkbox-square-linked"></span><span class="checkbox-check icon-tick-white"></span><span class="visually-hidden">Filter by</span><span class="filter-label--line--inline">Annabel Karmel</span><span class="filter-label--line--inline">&nbsp;(3)</span></a></label></div></li><li class="filter-option__container" id="Bernard Matthews" data-auto="filter-option" data-auto-selected="false"><div class="checkbox" data-auto="checkbox"><input id="filter-option--Bernard-Matthews-1199949" name="filter-option--Bernard-Matthews-1199949" type="checkbox"><label class="checkbox-label" for="filter-option--Bernard-Matthews-1199949" title="Bernard Matthews"><a class="filter-option--link" href="https://www.tesco.com/groceries/en-GB/shop/frozen-food/all?brand=Bernard%20Matthews&amp;viewAll=brand"><span class="checkbox-square checkbox-square-linked"></span><span class="checkbox-check icon-tick-white"></span><span class="visually-hidden">Filter by</span><span class="filter-label--line--block">Bernard</span><span class="filter-label--line--inline filter-label--line--truncate">Matthews</span><span class="filter-label--line--inline">&nbsp;(3)</span></a></label></div></li><li class="filter-option__container" id="Cofresh" data-auto="filter-option" data-auto-selected="false"><div class="checkbox" data-auto="checkbox"><input id="filter-option--Cofresh-8522174" name="filter-option--Cofresh-8522174" type="checkbox"><label class="checkbox-label" for="filter-option--Cofresh-8522174" title="Cofresh"><a class="filter-option--link" href="https://www.tesco.com/groceries/en-GB/shop/frozen-food/all?brand=Cofresh&amp;viewAll=brand"><span class="checkbox-square checkbox-square-linked"></span><span class="checkbox-check icon-tick-white"></span><span class="visually-hidden">Filter by</span><span class="filter-label--line--inline">Cofresh</span><span class="filter-label--line--inline">&nbsp;(3)</span></a></label></div></li><li class="filter-option__container" id="Crosta &amp; Mollica" data-auto="filter-option" data-auto-selected="false"><div class="checkbox" data-auto="checkbox"><input id="filter-option--Crosta-Mollica-3530604" name="filter-option--Crosta-Mollica-3530604" type="checkbox"><label class="checkbox-label" for="filter-option--Crosta-Mollica-3530604" title="Crosta &amp; Mollica"><a class="filter-option--link" href="https://www.tesco.com/groceries/en-GB/shop/frozen-food/all?brand=Crosta%20%26%20Mollica&amp;viewAll=brand"><span class="checkbox-square checkbox-square-linked"></span><span class="checkbox-check icon-tick-white"></span><span class="visually-hidden">Filter by</span><span class="filter-label--line--block">Crosta &amp;</span><span class="filter-label--line--inline filter-label--line--truncate">Mollica</span><span class="filter-label--line--inline">&nbsp;(3)</span></a></label></div></li><li class="filter-option__container" id="Del Monte" data-auto="filter-option" data-auto-selected="false"><div class="checkbox" data-auto="checkbox"><input id="filter-option--Del-Monte-7382627" name="filter-option--Del-Monte-7382627" type="checkbox"><label class="checkbox-label" for="filter-option--Del-Monte-7382627" title="Del Monte"><a class="filter-option--link" href="https://www.tesco.com/groceries/en-GB/shop/frozen-food/all?brand=Del%20Monte&amp;viewAll=brand"><span class="checkbox-square checkbox-square-linked"></span><span class="checkbox-check icon-tick-white"></span><span class="visually-hidden">Filter by</span><span class="filter-label--line--inline">Del Monte</span><span class="filter-label--line--inline">&nbsp;(3)</span></a></label></div></li><li class="filter-option__container" id="Gosh" data-auto="filter-option" data-auto-selected="false"><div class="checkbox" data-auto="checkbox"><input id="filter-option--Gosh-8317122" name="filter-option--Gosh-8317122" type="checkbox"><label class="checkbox-label" for="filter-option--Gosh-8317122" title="Gosh"><a class="filter-option--link" href="https://www.tesco.com/groceries/en-GB/shop/frozen-food/all?brand=Gosh&amp;viewAll=brand"><span class="checkbox-square checkbox-square-linked"></span><span class="checkbox-check icon-tick-white"></span><span class="visually-hidden">Filter by</span><span class="filter-label--line--inline">Gosh</span><span class="filter-label--line--inline">&nbsp;(3)</span></a></label></div></li><li class="filter-option__container" id="Growers Harvest" data-auto="filter-option" data-auto-selected="false"><div class="checkbox" data-auto="checkbox"><input id="filter-option--Growers-Harvest-2373513" name="filter-option--Growers-Harvest-2373513" type="checkbox"><label class="checkbox-label" for="filter-option--Growers-Harvest-2373513" title="Growers Harvest"><a class="filter-option--link" href="https://www.tesco.com/groceries/en-GB/shop/frozen-food/all?brand=Growers%20Harvest&amp;viewAll=brand"><span class="checkbox-square checkbox-square-linked"></span><span class="checkbox-check icon-tick-white"></span><span class="visually-hidden">Filter by</span><span class="filter-label--line--block">Growers</span><span class="filter-label--line--inline filter-label--line--truncate">Harvest</span><span class="filter-label--line--inline">&nbsp;(3)</span></a></label></div></li><li class="filter-option__container" id="Holland&#39;s" data-auto="filter-option" data-auto-selected="false"><div class="checkbox" data-auto="checkbox"><input id="filter-option--Holland&#39;s-7672211" name="filter-option--Holland&#39;s-7672211" type="checkbox"><label class="checkbox-label" for="filter-option--Holland&#39;s-7672211" title="Holland&#39;s"><a class="filter-option--link" href="https://www.tesco.com/groceries/en-GB/shop/frozen-food/all?brand=Holland%27s&amp;viewAll=brand"><span class="checkbox-square checkbox-square-linked"></span><span class="checkbox-check icon-tick-white"></span><span class="visually-hidden">Filter by</span><span class="filter-label--line--inline">Holland's</span><span class="filter-label--line--inline">&nbsp;(3)</span></a></label></div></li><li class="filter-option__container" id="Nestle" data-auto="filter-option" data-auto-selected="false"><div class="checkbox" data-auto="checkbox"><input id="filter-option--Nestle-6761749" name="filter-option--Nestle-6761749" type="checkbox"><label class="checkbox-label" for="filter-option--Nestle-6761749" title="Nestle"><a class="filter-option--link" href="https://www.tesco.com/groceries/en-GB/shop/frozen-food/all?brand=Nestle&amp;viewAll=brand"><span class="checkbox-square checkbox-square-linked"></span><span class="checkbox-check icon-tick-white"></span><span class="visually-hidden">Filter by</span><span class="filter-label--line--inline">Nestle</span><span class="filter-label--line--inline">&nbsp;(3)</span></a></label></div></li><li class="filter-option__container" id="Oumph" data-auto="filter-option" data-auto-selected="false"><div class="checkbox" data-auto="checkbox"><input id="filter-option--Oumph-7876483" name="filter-option--Oumph-7876483" type="checkbox"><label class="checkbox-label" for="filter-option--Oumph-7876483" title="Oumph"><a class="filter-option--link" href="https://www.tesco.com/groceries/en-GB/shop/frozen-food/all?brand=Oumph&amp;viewAll=brand"><span class="checkbox-square checkbox-square-linked"></span><span class="checkbox-check icon-tick-white"></span><span class="visually-hidden">Filter by</span><span class="filter-label--line--inline">Oumph</span><span class="filter-label--line--inline">&nbsp;(3)</span></a></label></div></li><li class="filter-option__container" id="Rowntree&#39;s" data-auto="filter-option" data-auto-selected="false"><div class="checkbox" data-auto="checkbox"><input id="filter-option--Rowntree&#39;s-5085480" name="filter-option--Rowntree&#39;s-5085480" type="checkbox"><label class="checkbox-label" for="filter-option--Rowntree&#39;s-5085480" title="Rowntree&#39;s"><a class="filter-option--link" href="https://www.tesco.com/groceries/en-GB/shop/frozen-food/all?brand=Rowntree%27s&amp;viewAll=brand"><span class="checkbox-square checkbox-square-linked"></span><span class="checkbox-check icon-tick-white"></span><span class="visually-hidden">Filter by</span><span class="filter-label--line--inline">Rowntree's</span><span class="filter-label--line--inline">&nbsp;(3)</span></a></label></div></li><li class="filter-option__container" id="Vfc" data-auto="filter-option" data-auto-selected="false"><div class="checkbox" data-auto="checkbox"><input id="filter-option--Vfc-7617068" name="filter-option--Vfc-7617068" type="checkbox"><label class="checkbox-label" for="filter-option--Vfc-7617068" title="Vfc"><a class="filter-option--link" href="https://www.tesco.com/groceries/en-GB/shop/frozen-food/all?brand=Vfc&amp;viewAll=brand"><span class="checkbox-square checkbox-square-linked"></span><span class="checkbox-check icon-tick-white"></span><span class="visually-hidden">Filter by</span><span class="filter-label--line--inline">Vfc</span><span class="filter-label--line--inline">&nbsp;(3)</span></a></label></div></li><li class="filter-option__container" id="Wall&#39;s" data-auto="filter-option" data-auto-selected="false"><div class="checkbox" data-auto="checkbox"><input id="filter-option--Wall&#39;s-4621361" name="filter-option--Wall&#39;s-4621361" type="checkbox"><label class="checkbox-label" for="filter-option--Wall&#39;s-4621361" title="Wall&#39;s"><a class="filter-option--link" href="https://www.tesco.com/groceries/en-GB/shop/frozen-food/all?brand=Wall%27s&amp;viewAll=brand"><span class="checkbox-square checkbox-square-linked"></span><span class="checkbox-check icon-tick-white"></span><span class="visually-hidden">Filter by</span><span class="filter-label--line--inline">Wall's</span><span class="filter-label--line--inline">&nbsp;(3)</span></a></label></div></li><li class="filter-option__container" id="Whitby Seafoods" data-auto="filter-option" data-auto-selected="false"><div class="checkbox" data-auto="checkbox"><input id="filter-option--Whitby-Seafoods-9433426" name="filter-option--Whitby-Seafoods-9433426" type="checkbox"><label class="checkbox-label" for="filter-option--Whitby-Seafoods-9433426" title="Whitby Seafoods"><a class="filter-option--link" href="https://www.tesco.com/groceries/en-GB/shop/frozen-food/all?brand=Whitby%20Seafoods&amp;viewAll=brand"><span class="checkbox-square checkbox-square-linked"></span><span class="checkbox-check icon-tick-white"></span><span class="visually-hidden">Filter by</span><span class="filter-label--line--block">Whitby</span><span class="filter-label--line--inline filter-label--line--truncate">Seafoods</span><span class="filter-label--line--inline">&nbsp;(3)</span></a></label></div></li><li class="filter-option__container" id="Acre Lane Kitchen" data-auto="filter-option" data-auto-selected="false"><div class="checkbox" data-auto="checkbox"><input id="filter-option--Acre-Lane-Kitchen-7432982" name="filter-option--Acre-Lane-Kitchen-7432982" type="checkbox"><label class="checkbox-label" for="filter-option--Acre-Lane-Kitchen-7432982" title="Acre Lane Kitchen"><a class="filter-option--link" href="https://www.tesco.com/groceries/en-GB/shop/frozen-food/all?brand=Acre%20Lane%20Kitchen&amp;viewAll=brand"><span class="checkbox-square checkbox-square-linked"></span><span class="checkbox-check icon-tick-white"></span><span class="visually-hidden">Filter by</span><span class="filter-label--line--block">Acre Lane</span><span class="filter-label--line--inline filter-label--line--truncate">Kitchen</span><span class="filter-label--line--inline">&nbsp;(2)</span></a></label></div></li><li class="filter-option__container" id="Bay Fishmongers" data-auto="filter-option" data-auto-selected="false"><div class="checkbox" data-auto="checkbox"><input id="filter-option--Bay-Fishmongers-6930870" name="filter-option--Bay-Fishmongers-6930870" type="checkbox"><label class="checkbox-label" for="filter-option--Bay-Fishmongers-6930870" title="Bay Fishmongers"><a class="filter-option--link" href="https://www.tesco.com/groceries/en-GB/shop/frozen-food/all?brand=Bay%20Fishmongers&amp;viewAll=brand"><span class="checkbox-square checkbox-square-linked"></span><span class="checkbox-check icon-tick-white"></span><span class="visually-hidden">Filter by</span><span class="filter-label--line--block">Bay</span><span class="filter-label--line--inline filter-label--line--truncate">Fishmongers</span><span class="filter-label--line--inline">&nbsp;(2)</span></a></label></div></li><li class="filter-option__container" id="Big Prawn Co." data-auto="filter-option" data-auto-selected="false"><div class="checkbox" data-auto="checkbox"><input id="filter-option--Big-Prawn-Co.-6452092" name="filter-option--Big-Prawn-Co.-6452092" type="checkbox"><label class="checkbox-label" for="filter-option--Big-Prawn-Co.-6452092" title="Big Prawn Co."><a class="filter-option--link" href="https://www.tesco.com/groceries/en-GB/shop/frozen-food/all?brand=Big%20Prawn%20Co.&amp;viewAll=brand"><span class="checkbox-square checkbox-square-linked"></span><span class="checkbox-check icon-tick-white"></span><span class="visually-hidden">Filter by</span><span class="filter-label--line--inline">Big Prawn Co.</span><span class="filter-label--line--inline">&nbsp;(2)</span></a></label></div></li><li class="filter-option__container" id="Coconut Collabor" data-auto="filter-option" data-auto-selected="false"><div class="checkbox" data-auto="checkbox"><input id="filter-option--Coconut-Collabor-3852318" name="filter-option--Coconut-Collabor-3852318" type="checkbox"><label class="checkbox-label" for="filter-option--Coconut-Collabor-3852318" title="Coconut Collabor"><a class="filter-option--link" href="https://www.tesco.com/groceries/en-GB/shop/frozen-food/all?brand=Coconut%20Collabor&amp;viewAll=brand"><span class="checkbox-square checkbox-square-linked"></span><span class="checkbox-check icon-tick-white"></span><span class="visually-hidden">Filter by</span><span class="filter-label--line--block">Coconut</span><span class="filter-label--line--inline filter-label--line--truncate">Collabor</span><span class="filter-label--line--inline">&nbsp;(2)</span></a></label></div></li><li class="filter-option__container" id="Dopsu" data-auto="filter-option" data-auto-selected="false"><div class="checkbox" data-auto="checkbox"><input id="filter-option--Dopsu-6564297" name="filter-option--Dopsu-6564297" type="checkbox"><label class="checkbox-label" for="filter-option--Dopsu-6564297" title="Dopsu"><a class="filter-option--link" href="https://www.tesco.com/groceries/en-GB/shop/frozen-food/all?brand=Dopsu&amp;viewAll=brand"><span class="checkbox-square checkbox-square-linked"></span><span class="checkbox-check icon-tick-white"></span><span class="visually-hidden">Filter by</span><span class="filter-label--line--inline">Dopsu</span><span class="filter-label--line--inline">&nbsp;(2)</span></a></label></div></li><li class="filter-option__container" id="Fry&#39;s" data-auto="filter-option" data-auto-selected="false"><div class="checkbox" data-auto="checkbox"><input id="filter-option--Fry&#39;s-1899954" name="filter-option--Fry&#39;s-1899954" type="checkbox"><label class="checkbox-label" for="filter-option--Fry&#39;s-1899954" title="Fry&#39;s"><a class="filter-option--link" href="https://www.tesco.com/groceries/en-GB/shop/frozen-food/all?brand=Fry%27s&amp;viewAll=brand"><span class="checkbox-square checkbox-square-linked"></span><span class="checkbox-check icon-tick-white"></span><span class="visually-hidden">Filter by</span><span class="filter-label--line--inline">Fry's</span><span class="filter-label--line--inline">&nbsp;(2)</span></a></label></div></li><li class="filter-option__container" id="Genius" data-auto="filter-option" data-auto-selected="false"><div class="checkbox" data-auto="checkbox"><input id="filter-option--Genius-8442924" name="filter-option--Genius-8442924" type="checkbox"><label class="checkbox-label" for="filter-option--Genius-8442924" title="Genius"><a class="filter-option--link" href="https://www.tesco.com/groceries/en-GB/shop/frozen-food/all?brand=Genius&amp;viewAll=brand"><span class="checkbox-square checkbox-square-linked"></span><span class="checkbox-check icon-tick-white"></span><span class="visually-hidden">Filter by</span><span class="filter-label--line--inline">Genius</span><span class="filter-label--line--inline">&nbsp;(2)</span></a></label></div></li><li class="filter-option__container" id="Goodfellas" data-auto="filter-option" data-auto-selected="false"><div class="checkbox" data-auto="checkbox"><input id="filter-option--Goodfellas-3846956" name="filter-option--Goodfellas-3846956" type="checkbox"><label class="checkbox-label" for="filter-option--Goodfellas-3846956" title="Goodfellas"><a class="filter-option--link" href="https://www.tesco.com/groceries/en-GB/shop/frozen-food/all?brand=Goodfellas&amp;viewAll=brand"><span class="checkbox-square checkbox-square-linked"></span><span class="checkbox-check icon-tick-white"></span><span class="visually-hidden">Filter by</span><span class="filter-label--line--inline">Goodfellas</span><span class="filter-label--line--inline">&nbsp;(2)</span></a></label></div></li><li class="filter-option__container" id="Goodlife" data-auto="filter-option" data-auto-selected="false"><div class="checkbox" data-auto="checkbox"><input id="filter-option--Goodlife-5514590" name="filter-option--Goodlife-5514590" type="checkbox"><label class="checkbox-label" for="filter-option--Goodlife-5514590" title="Goodlife"><a class="filter-option--link" href="https://www.tesco.com/groceries/en-GB/shop/frozen-food/all?brand=Goodlife&amp;viewAll=brand"><span class="checkbox-square checkbox-square-linked"></span><span class="checkbox-check icon-tick-white"></span><span class="visually-hidden">Filter by</span><span class="filter-label--line--inline">Goodlife</span><span class="filter-label--line--inline">&nbsp;(2)</span></a></label></div></li><li class="filter-option__container" id="Hollands" data-auto="filter-option" data-auto-selected="false"><div class="checkbox" data-auto="checkbox"><input id="filter-option--Hollands-1315202" name="filter-option--Hollands-1315202" type="checkbox"><label class="checkbox-label" for="filter-option--Hollands-1315202" title="Hollands"><a class="filter-option--link" href="https://www.tesco.com/groceries/en-GB/shop/frozen-food/all?brand=Hollands&amp;viewAll=brand"><span class="checkbox-square checkbox-square-linked"></span><span class="checkbox-check icon-tick-white"></span><span class="visually-hidden">Filter by</span><span class="filter-label--line--inline">Hollands</span><span class="filter-label--line--inline">&nbsp;(2)</span></a></label></div></li><li class="filter-option__container" id="Jus-Rol" data-auto="filter-option" data-auto-selected="false"><div class="checkbox" data-auto="checkbox"><input id="filter-option--Jus-Rol-2540949" name="filter-option--Jus-Rol-2540949" type="checkbox"><label class="checkbox-label" for="filter-option--Jus-Rol-2540949" title="Jus-Rol"><a class="filter-option--link" href="https://www.tesco.com/groceries/en-GB/shop/frozen-food/all?brand=Jus-Rol&amp;viewAll=brand"><span class="checkbox-square checkbox-square-linked"></span><span class="checkbox-check icon-tick-white"></span><span class="visually-hidden">Filter by</span><span class="filter-label--line--inline">Jus-Rol</span><span class="filter-label--line--inline">&nbsp;(2)</span></a></label></div></li><li class="filter-option__container" id="Lewis Capaldi" data-auto="filter-option" data-auto-selected="false"><div class="checkbox" data-auto="checkbox"><input id="filter-option--Lewis-Capaldi-6208304" name="filter-option--Lewis-Capaldi-6208304" type="checkbox"><label class="checkbox-label" for="filter-option--Lewis-Capaldi-6208304" title="Lewis Capaldi"><a class="filter-option--link" href="https://www.tesco.com/groceries/en-GB/shop/frozen-food/all?brand=Lewis%20Capaldi&amp;viewAll=brand"><span class="checkbox-square checkbox-square-linked"></span><span class="checkbox-check icon-tick-white"></span><span class="visually-hidden">Filter by</span><span class="filter-label--line--inline">Lewis Capaldi</span><span class="filter-label--line--inline">&nbsp;(2)</span></a></label></div></li><li class="filter-option__container" id="Local Jude&#39;s Ice" data-auto="filter-option" data-auto-selected="false"><div class="checkbox" data-auto="checkbox"><input id="filter-option--Local-Jude&#39;s-Ice-1037038" name="filter-option--Local-Jude&#39;s-Ice-1037038" type="checkbox"><label class="checkbox-label" for="filter-option--Local-Jude&#39;s-Ice-1037038" title="Local Jude&#39;s Ice"><a class="filter-option--link" href="https://www.tesco.com/groceries/en-GB/shop/frozen-food/all?brand=Local%20Jude%27s%20Ice&amp;viewAll=brand"><span class="checkbox-square checkbox-square-linked"></span><span class="checkbox-check icon-tick-white"></span><span class="visually-hidden">Filter by</span><span class="filter-label--line--block">Local Jude's</span><span class="filter-label--line--inline filter-label--line--truncate">Ice</span><span class="filter-label--line--inline">&nbsp;(2)</span></a></label></div></li><li class="filter-option__container" id="Mighty" data-auto="filter-option" data-auto-selected="false"><div class="checkbox" data-auto="checkbox"><input id="filter-option--Mighty-390809" name="filter-option--Mighty-390809" type="checkbox"><label class="checkbox-label" for="filter-option--Mighty-390809" title="Mighty"><a class="filter-option--link" href="https://www.tesco.com/groceries/en-GB/shop/frozen-food/all?brand=Mighty&amp;viewAll=brand"><span class="checkbox-square checkbox-square-linked"></span><span class="checkbox-check icon-tick-white"></span><span class="visually-hidden">Filter by</span><span class="filter-label--line--inline">Mighty</span><span class="filter-label--line--inline">&nbsp;(2)</span></a></label></div></li><li class="filter-option__container" id="Pukka Pies" data-auto="filter-option" data-auto-selected="false"><div class="checkbox" data-auto="checkbox"><input id="filter-option--Pukka-Pies-9958229" name="filter-option--Pukka-Pies-9958229" type="checkbox"><label class="checkbox-label" for="filter-option--Pukka-Pies-9958229" title="Pukka Pies"><a class="filter-option--link" href="https://www.tesco.com/groceries/en-GB/shop/frozen-food/all?brand=Pukka%20Pies&amp;viewAll=brand"><span class="checkbox-square checkbox-square-linked"></span><span class="checkbox-check icon-tick-white"></span><span class="visually-hidden">Filter by</span><span class="filter-label--line--inline">Pukka Pies</span><span class="filter-label--line--inline">&nbsp;(2)</span></a></label></div></li><li class="filter-option__container" id="Pukka-Pies" data-auto="filter-option" data-auto-selected="false"><div class="checkbox" data-auto="checkbox"><input id="filter-option--Pukka-Pies-3931063" name="filter-option--Pukka-Pies-3931063" type="checkbox"><label class="checkbox-label" for="filter-option--Pukka-Pies-3931063" title="Pukka-Pies"><a class="filter-option--link" href="https://www.tesco.com/groceries/en-GB/shop/frozen-food/all?brand=Pukka-Pies&amp;viewAll=brand"><span class="checkbox-square checkbox-square-linked"></span><span class="checkbox-check icon-tick-white"></span><span class="visually-hidden">Filter by</span><span class="filter-label--line--inline">Pukka-Pies</span><span class="filter-label--line--inline">&nbsp;(2)</span></a></label></div></li><li class="filter-option__container" id="Solero" data-auto="filter-option" data-auto-selected="false"><div class="checkbox" data-auto="checkbox"><input id="filter-option--Solero-6044153" name="filter-option--Solero-6044153" type="checkbox"><label class="checkbox-label" for="filter-option--Solero-6044153" title="Solero"><a class="filter-option--link" href="https://www.tesco.com/groceries/en-GB/shop/frozen-food/all?brand=Solero&amp;viewAll=brand"><span class="checkbox-square checkbox-square-linked"></span><span class="checkbox-check icon-tick-white"></span><span class="visually-hidden">Filter by</span><span class="filter-label--line--inline">Solero</span><span class="filter-label--line--inline">&nbsp;(2)</span></a></label></div></li><li class="filter-option__container" id="Soupologie" data-auto="filter-option" data-auto-selected="false"><div class="checkbox" data-auto="checkbox"><input id="filter-option--Soupologie-8310354" name="filter-option--Soupologie-8310354" type="checkbox"><label class="checkbox-label" for="filter-option--Soupologie-8310354" title="Soupologie"><a class="filter-option--link" href="https://www.tesco.com/groceries/en-GB/shop/frozen-food/all?brand=Soupologie&amp;viewAll=brand"><span class="checkbox-square checkbox-square-linked"></span><span class="checkbox-check icon-tick-white"></span><span class="visually-hidden">Filter by</span><span class="filter-label--line--inline">Soupologie</span><span class="filter-label--line--inline">&nbsp;(2)</span></a></label></div></li><li class="filter-option__container" id="Swedish Glace" data-auto="filter-option" data-auto-selected="false"><div class="checkbox" data-auto="checkbox"><input id="filter-option--Swedish-Glace-5145733" name="filter-option--Swedish-Glace-5145733" type="checkbox"><label class="checkbox-label" for="filter-option--Swedish-Glace-5145733" title="Swedish Glace"><a class="filter-option--link" href="https://www.tesco.com/groceries/en-GB/shop/frozen-food/all?brand=Swedish%20Glace&amp;viewAll=brand"><span class="checkbox-square checkbox-square-linked"></span><span class="checkbox-check icon-tick-white"></span><span class="visually-hidden">Filter by</span><span class="filter-label--line--inline">Swedish Glace</span><span class="filter-label--line--inline">&nbsp;(2)</span></a></label></div></li><li class="filter-option__container" id="Tesco Home" data-auto="filter-option" data-auto-selected="false"><div class="checkbox" data-auto="checkbox"><input id="filter-option--Tesco-Home-5331180" name="filter-option--Tesco-Home-5331180" type="checkbox"><label class="checkbox-label" for="filter-option--Tesco-Home-5331180" title="Tesco Home"><a class="filter-option--link" href="https://www.tesco.com/groceries/en-GB/shop/frozen-food/all?brand=Tesco%20Home&amp;viewAll=brand"><span class="checkbox-square checkbox-square-linked"></span><span class="checkbox-check icon-tick-white"></span><span class="visually-hidden">Filter by</span><span class="filter-label--line--inline">Tesco Home</span><span class="filter-label--line--inline">&nbsp;(2)</span></a></label></div></li><li class="filter-option__container" id="Twister" data-auto="filter-option" data-auto-selected="false"><div class="checkbox" data-auto="checkbox"><input id="filter-option--Twister-1973319" name="filter-option--Twister-1973319" type="checkbox"><label class="checkbox-label" for="filter-option--Twister-1973319" title="Twister"><a class="filter-option--link" href="https://www.tesco.com/groceries/en-GB/shop/frozen-food/all?brand=Twister&amp;viewAll=brand"><span class="checkbox-square checkbox-square-linked"></span><span class="checkbox-check icon-tick-white"></span><span class="visually-hidden">Filter by</span><span class="filter-label--line--inline">Twister</span><span class="filter-label--line--inline">&nbsp;(2)</span></a></label></div></li><li class="filter-option__container" id="Americana" data-auto="filter-option" data-auto-selected="false"><div class="checkbox" data-auto="checkbox"><input id="filter-option--Americana-7420845" name="filter-option--Americana-7420845" type="checkbox"><label class="checkbox-label" for="filter-option--Americana-7420845" title="Americana"><a class="filter-option--link" href="https://www.tesco.com/groceries/en-GB/shop/frozen-food/all?brand=Americana&amp;viewAll=brand"><span class="checkbox-square checkbox-square-linked"></span><span class="checkbox-check icon-tick-white"></span><span class="visually-hidden">Filter by</span><span class="filter-label--line--inline">Americana</span><span class="filter-label--line--inline">&nbsp;(1)</span></a></label></div></li><li class="filter-option__container" id="Baileys" data-auto="filter-option" data-auto-selected="false"><div class="checkbox" data-auto="checkbox"><input id="filter-option--Baileys-2563786" name="filter-option--Baileys-2563786" type="checkbox"><label class="checkbox-label" for="filter-option--Baileys-2563786" title="Baileys"><a class="filter-option--link" href="https://www.tesco.com/groceries/en-GB/shop/frozen-food/all?brand=Baileys&amp;viewAll=brand"><span class="checkbox-square checkbox-square-linked"></span><span class="checkbox-check icon-tick-white"></span><span class="visually-hidden">Filter by</span><span class="filter-label--line--inline">Baileys</span><span class="filter-label--line--inline">&nbsp;(1)</span></a></label></div></li><li class="filter-option__container" id="Bannisters Farm" data-auto="filter-option" data-auto-selected="false"><div class="checkbox" data-auto="checkbox"><input id="filter-option--Bannisters-Farm-9793494" name="filter-option--Bannisters-Farm-9793494" type="checkbox"><label class="checkbox-label" for="filter-option--Bannisters-Farm-9793494" title="Bannisters Farm"><a class="filter-option--link" href="https://www.tesco.com/groceries/en-GB/shop/frozen-food/all?brand=Bannisters%20Farm&amp;viewAll=brand"><span class="checkbox-square checkbox-square-linked"></span><span class="checkbox-check icon-tick-white"></span><span class="visually-hidden">Filter by</span><span class="filter-label--line--block">Bannisters</span><span class="filter-label--line--inline filter-label--line--truncate">Farm</span><span class="filter-label--line--inline">&nbsp;(1)</span></a></label></div></li><li class="filter-option__container" id="Country Style" data-auto="filter-option" data-auto-selected="false"><div class="checkbox" data-auto="checkbox"><input id="filter-option--Country-Style-5890907" name="filter-option--Country-Style-5890907" type="checkbox"><label class="checkbox-label" for="filter-option--Country-Style-5890907" title="Country Style"><a class="filter-option--link" href="https://www.tesco.com/groceries/en-GB/shop/frozen-food/all?brand=Country%20Style&amp;viewAll=brand"><span class="checkbox-square checkbox-square-linked"></span><span class="checkbox-check icon-tick-white"></span><span class="visually-hidden">Filter by</span><span class="filter-label--line--inline">Country Style</span><span class="filter-label--line--inline">&nbsp;(1)</span></a></label></div></li><li class="filter-option__container" id="Cranberry Foods" data-auto="filter-option" data-auto-selected="false"><div class="checkbox" data-auto="checkbox"><input id="filter-option--Cranberry-Foods-2214197" name="filter-option--Cranberry-Foods-2214197" type="checkbox"><label class="checkbox-label" for="filter-option--Cranberry-Foods-2214197" title="Cranberry Foods"><a class="filter-option--link" href="https://www.tesco.com/groceries/en-GB/shop/frozen-food/all?brand=Cranberry%20Foods&amp;viewAll=brand"><span class="checkbox-square checkbox-square-linked"></span><span class="checkbox-check icon-tick-white"></span><span class="visually-hidden">Filter by</span><span class="filter-label--line--block">Cranberry</span><span class="filter-label--line--inline filter-label--line--truncate">Foods</span><span class="filter-label--line--inline">&nbsp;(1)</span></a></label></div></li><li class="filter-option__container" id="Denby" data-auto="filter-option" data-auto-selected="false"><div class="checkbox" data-auto="checkbox"><input id="filter-option--Denby-9081374" name="filter-option--Denby-9081374" type="checkbox"><label class="checkbox-label" for="filter-option--Denby-9081374" title="Denby"><a class="filter-option--link" href="https://www.tesco.com/groceries/en-GB/shop/frozen-food/all?brand=Denby&amp;viewAll=brand"><span class="checkbox-square checkbox-square-linked"></span><span class="checkbox-check icon-tick-white"></span><span class="visually-hidden">Filter by</span><span class="filter-label--line--inline">Denby</span><span class="filter-label--line--inline">&nbsp;(1)</span></a></label></div></li><li class="filter-option__container" id="Dr Schar" data-auto="filter-option" data-auto-selected="false"><div class="checkbox" data-auto="checkbox"><input id="filter-option--Dr-Schar-5773726" name="filter-option--Dr-Schar-5773726" type="checkbox"><label class="checkbox-label" for="filter-option--Dr-Schar-5773726" title="Dr Schar"><a class="filter-option--link" href="https://www.tesco.com/groceries/en-GB/shop/frozen-food/all?brand=Dr%20Schar&amp;viewAll=brand"><span class="checkbox-square checkbox-square-linked"></span><span class="checkbox-check icon-tick-white"></span><span class="visually-hidden">Filter by</span><span class="filter-label--line--inline">Dr Schar</span><span class="filter-label--line--inline">&nbsp;(1)</span></a></label></div></li><li class="filter-option__container" id="Easibake" data-auto="filter-option" data-auto-selected="false"><div class="checkbox" data-auto="checkbox"><input id="filter-option--Easibake-8664779" name="filter-option--Easibake-8664779" type="checkbox"><label class="checkbox-label" for="filter-option--Easibake-8664779" title="Easibake"><a class="filter-option--link" href="https://www.tesco.com/groceries/en-GB/shop/frozen-food/all?brand=Easibake&amp;viewAll=brand"><span class="checkbox-square checkbox-square-linked"></span><span class="checkbox-check icon-tick-white"></span><span class="visually-hidden">Filter by</span><span class="filter-label--line--inline">Easibake</span><span class="filter-label--line--inline">&nbsp;(1)</span></a></label></div></li><li class="filter-option__container" id="Fries To Go" data-auto="filter-option" data-auto-selected="false"><div class="checkbox" data-auto="checkbox"><input id="filter-option--Fries-To-Go-6635690" name="filter-option--Fries-To-Go-6635690" type="checkbox"><label class="checkbox-label" for="filter-option--Fries-To-Go-6635690" title="Fries To Go"><a class="filter-option--link" href="https://www.tesco.com/groceries/en-GB/shop/frozen-food/all?brand=Fries%20To%20Go&amp;viewAll=brand"><span class="checkbox-square checkbox-square-linked"></span><span class="checkbox-check icon-tick-white"></span><span class="visually-hidden">Filter by</span><span class="filter-label--line--inline">Fries To Go</span><span class="filter-label--line--inline">&nbsp;(1)</span></a></label></div></li><li class="filter-option__container" id="Frys Family Food" data-auto="filter-option" data-auto-selected="false"><div class="checkbox" data-auto="checkbox"><input id="filter-option--Frys-Family-Food-3306952" name="filter-option--Frys-Family-Food-3306952" type="checkbox"><label class="checkbox-label" for="filter-option--Frys-Family-Food-3306952" title="Frys Family Food"><a class="filter-option--link" href="https://www.tesco.com/groceries/en-GB/shop/frozen-food/all?brand=Frys%20Family%20Food&amp;viewAll=brand"><span class="checkbox-square checkbox-square-linked"></span><span class="checkbox-check icon-tick-white"></span><span class="visually-hidden">Filter by</span><span class="filter-label--line--block">Frys Family</span><span class="filter-label--line--inline filter-label--line--truncate">Food</span><span class="filter-label--line--inline">&nbsp;(1)</span></a></label></div></li><li class="filter-option__container" id="Gressingham" data-auto="filter-option" data-auto-selected="false"><div class="checkbox" data-auto="checkbox"><input id="filter-option--Gressingham-5249397" name="filter-option--Gressingham-5249397" type="checkbox"><label class="checkbox-label" for="filter-option--Gressingham-5249397" title="Gressingham"><a class="filter-option--link" href="https://www.tesco.com/groceries/en-GB/shop/frozen-food/all?brand=Gressingham&amp;viewAll=brand"><span class="checkbox-square checkbox-square-linked"></span><span class="checkbox-check icon-tick-white"></span><span class="visually-hidden">Filter by</span><span class="filter-label--line--inline">Gressingham</span><span class="filter-label--line--inline">&nbsp;(1)</span></a></label></div></li><li class="filter-option__container" id="Heat &amp; Enjoy" data-auto="filter-option" data-auto-selected="false"><div class="checkbox" data-auto="checkbox"><input id="filter-option--Heat-Enjoy-8818102" name="filter-option--Heat-Enjoy-8818102" type="checkbox"><label class="checkbox-label" for="filter-option--Heat-Enjoy-8818102" title="Heat &amp; Enjoy"><a class="filter-option--link" href="https://www.tesco.com/groceries/en-GB/shop/frozen-food/all?brand=Heat%20%26%20Enjoy&amp;viewAll=brand"><span class="checkbox-square checkbox-square-linked"></span><span class="checkbox-check icon-tick-white"></span><span class="visually-hidden">Filter by</span><span class="filter-label--line--inline">Heat &amp; Enjoy</span><span class="filter-label--line--inline">&nbsp;(1)</span></a></label></div></li><li class="filter-option__container" id="Joseph Joseph" data-auto="filter-option" data-auto-selected="false"><div class="checkbox" data-auto="checkbox"><input id="filter-option--Joseph-Joseph-2183177" name="filter-option--Joseph-Joseph-2183177" type="checkbox"><label class="checkbox-label" for="filter-option--Joseph-Joseph-2183177" title="Joseph Joseph"><a class="filter-option--link" href="https://www.tesco.com/groceries/en-GB/shop/frozen-food/all?brand=Joseph%20Joseph&amp;viewAll=brand"><span class="checkbox-square checkbox-square-linked"></span><span class="checkbox-check icon-tick-white"></span><span class="visually-hidden">Filter by</span><span class="filter-label--line--inline">Joseph Joseph</span><span class="filter-label--line--inline">&nbsp;(1)</span></a></label></div></li><li class="filter-option__container" id="Kerry" data-auto="filter-option" data-auto-selected="false"><div class="checkbox" data-auto="checkbox"><input id="filter-option--Kerry-140208" name="filter-option--Kerry-140208" type="checkbox"><label class="checkbox-label" for="filter-option--Kerry-140208" title="Kerry"><a class="filter-option--link" href="https://www.tesco.com/groceries/en-GB/shop/frozen-food/all?brand=Kerry&amp;viewAll=brand"><span class="checkbox-square checkbox-square-linked"></span><span class="checkbox-check icon-tick-white"></span><span class="visually-hidden">Filter by</span><span class="filter-label--line--inline">Kerry</span><span class="filter-label--line--inline">&nbsp;(1)</span></a></label></div></li><li class="filter-option__container" id="Mackies" data-auto="filter-option" data-auto-selected="false"><div class="checkbox" data-auto="checkbox"><input id="filter-option--Mackies-5829514" name="filter-option--Mackies-5829514" type="checkbox"><label class="checkbox-label" for="filter-option--Mackies-5829514" title="Mackies"><a class="filter-option--link" href="https://www.tesco.com/groceries/en-GB/shop/frozen-food/all?brand=Mackies&amp;viewAll=brand"><span class="checkbox-square checkbox-square-linked"></span><span class="checkbox-check icon-tick-white"></span><span class="visually-hidden">Filter by</span><span class="filter-label--line--inline">Mackies</span><span class="filter-label--line--inline">&nbsp;(1)</span></a></label></div></li><li class="filter-option__container" id="Malton Food Co." data-auto="filter-option" data-auto-selected="false"><div class="checkbox" data-auto="checkbox"><input id="filter-option--Malton-Food-Co.-7045379" name="filter-option--Malton-Food-Co.-7045379" type="checkbox"><label class="checkbox-label" for="filter-option--Malton-Food-Co.-7045379" title="Malton Food Co."><a class="filter-option--link" href="https://www.tesco.com/groceries/en-GB/shop/frozen-food/all?brand=Malton%20Food%20Co.&amp;viewAll=brand"><span class="checkbox-square checkbox-square-linked"></span><span class="checkbox-check icon-tick-white"></span><span class="visually-hidden">Filter by</span><span class="filter-label--line--block">Malton Food</span><span class="filter-label--line--inline filter-label--line--truncate">Co.</span><span class="filter-label--line--inline">&nbsp;(1)</span></a></label></div></li><li class="filter-option__container" id="Mansby St. Kitchen" data-auto="filter-option" data-auto-selected="false"><div class="checkbox" data-auto="checkbox"><input id="filter-option--Mansby-St.-Kitchen-9948590" name="filter-option--Mansby-St.-Kitchen-9948590" type="checkbox"><label class="checkbox-label" for="filter-option--Mansby-St.-Kitchen-9948590" title="Mansby St. Kitchen"><a class="filter-option--link" href="https://www.tesco.com/groceries/en-GB/shop/frozen-food/all?brand=Mansby%20St.%20Kitchen&amp;viewAll=brand"><span class="checkbox-square checkbox-square-linked"></span><span class="checkbox-check icon-tick-white"></span><span class="visually-hidden">Filter by</span><span class="filter-label--line--block">Mansby St.</span><span class="filter-label--line--inline filter-label--line--truncate">Kitchen</span><span class="filter-label--line--inline">&nbsp;(1)</span></a></label></div></li><li class="filter-option__container" id="Mars" data-auto="filter-option" data-auto-selected="false"><div class="checkbox" data-auto="checkbox"><input id="filter-option--Mars-3216051" name="filter-option--Mars-3216051" type="checkbox"><label class="checkbox-label" for="filter-option--Mars-3216051" title="Mars"><a class="filter-option--link" href="https://www.tesco.com/groceries/en-GB/shop/frozen-food/all?brand=Mars&amp;viewAll=brand"><span class="checkbox-square checkbox-square-linked"></span><span class="checkbox-check icon-tick-white"></span><span class="visually-hidden">Filter by</span><span class="filter-label--line--inline">Mars</span><span class="filter-label--line--inline">&nbsp;(1)</span></a></label></div></li><li class="filter-option__container" id="Mr Brain&#39;s" data-auto="filter-option" data-auto-selected="false"><div class="checkbox" data-auto="checkbox"><input id="filter-option--Mr-Brain&#39;s-6248065" name="filter-option--Mr-Brain&#39;s-6248065" type="checkbox"><label class="checkbox-label" for="filter-option--Mr-Brain&#39;s-6248065" title="Mr Brain&#39;s"><a class="filter-option--link" href="https://www.tesco.com/groceries/en-GB/shop/frozen-food/all?brand=Mr%20Brain%27s&amp;viewAll=brand"><span class="checkbox-square checkbox-square-linked"></span><span class="checkbox-check icon-tick-white"></span><span class="visually-hidden">Filter by</span><span class="filter-label--line--inline">Mr Brain's</span><span class="filter-label--line--inline">&nbsp;(1)</span></a></label></div></li><li class="filter-option__container" id="Mr Prawn" data-auto="filter-option" data-auto-selected="false"><div class="checkbox" data-auto="checkbox"><input id="filter-option--Mr-Prawn-3139644" name="filter-option--Mr-Prawn-3139644" type="checkbox"><label class="checkbox-label" for="filter-option--Mr-Prawn-3139644" title="Mr Prawn"><a class="filter-option--link" href="https://www.tesco.com/groceries/en-GB/shop/frozen-food/all?brand=Mr%20Prawn&amp;viewAll=brand"><span class="checkbox-square checkbox-square-linked"></span><span class="checkbox-check icon-tick-white"></span><span class="visually-hidden">Filter by</span><span class="filter-label--line--inline">Mr Prawn</span><span class="filter-label--line--inline">&nbsp;(1)</span></a></label></div></li><li class="filter-option__container" id="Poppies" data-auto="filter-option" data-auto-selected="false"><div class="checkbox" data-auto="checkbox"><input id="filter-option--Poppies-9268235" name="filter-option--Poppies-9268235" type="checkbox"><label class="checkbox-label" for="filter-option--Poppies-9268235" title="Poppies"><a class="filter-option--link" href="https://www.tesco.com/groceries/en-GB/shop/frozen-food/all?brand=Poppies&amp;viewAll=brand"><span class="checkbox-square checkbox-square-linked"></span><span class="checkbox-check icon-tick-white"></span><span class="visually-hidden">Filter by</span><span class="filter-label--line--inline">Poppies</span><span class="filter-label--line--inline">&nbsp;(1)</span></a></label></div></li><li class="filter-option__container" id="R Whites" data-auto="filter-option" data-auto-selected="false"><div class="checkbox" data-auto="checkbox"><input id="filter-option--R-Whites-505054" name="filter-option--R-Whites-505054" type="checkbox"><label class="checkbox-label" for="filter-option--R-Whites-505054" title="R Whites"><a class="filter-option--link" href="https://www.tesco.com/groceries/en-GB/shop/frozen-food/all?brand=R%20Whites&amp;viewAll=brand"><span class="checkbox-square checkbox-square-linked"></span><span class="checkbox-check icon-tick-white"></span><span class="visually-hidden">Filter by</span><span class="filter-label--line--inline">R Whites</span><span class="filter-label--line--inline">&nbsp;(1)</span></a></label></div></li><li class="filter-option__container" id="Real Yrshire Pudding" data-auto="filter-option" data-auto-selected="false"><div class="checkbox" data-auto="checkbox"><input id="filter-option--Real-Yrshire-Pudding-6656125" name="filter-option--Real-Yrshire-Pudding-6656125" type="checkbox"><label class="checkbox-label" for="filter-option--Real-Yrshire-Pudding-6656125" title="Real Yrshire Pudding"><a class="filter-option--link" href="https://www.tesco.com/groceries/en-GB/shop/frozen-food/all?brand=Real%20Yrshire%20Pudding&amp;viewAll=brand"><span class="checkbox-square checkbox-square-linked"></span><span class="checkbox-check icon-tick-white"></span><span class="visually-hidden">Filter by</span><span class="filter-label--line--block">Real Yrshire</span><span class="filter-label--line--inline filter-label--line--truncate">Pudding</span><span class="filter-label--line--inline">&nbsp;(1)</span></a></label></div></li><li class="filter-option__container" id="Shana" data-auto="filter-option" data-auto-selected="false"><div class="checkbox" data-auto="checkbox"><input id="filter-option--Shana-1072957" name="filter-option--Shana-1072957" type="checkbox"><label class="checkbox-label" for="filter-option--Shana-1072957" title="Shana"><a class="filter-option--link" href="https://www.tesco.com/groceries/en-GB/shop/frozen-food/all?brand=Shana&amp;viewAll=brand"><span class="checkbox-square checkbox-square-linked"></span><span class="checkbox-check icon-tick-white"></span><span class="visually-hidden">Filter by</span><span class="filter-label--line--inline">Shana</span><span class="filter-label--line--inline">&nbsp;(1)</span></a></label></div></li><li class="filter-option__container" id="Smorgasbord" data-auto="filter-option" data-auto-selected="false"><div class="checkbox" data-auto="checkbox"><input id="filter-option--Smorgasbord-5192155" name="filter-option--Smorgasbord-5192155" type="checkbox"><label class="checkbox-label" for="filter-option--Smorgasbord-5192155" title="Smorgasbord"><a class="filter-option--link" href="https://www.tesco.com/groceries/en-GB/shop/frozen-food/all?brand=Smorgasbord&amp;viewAll=brand"><span class="checkbox-square checkbox-square-linked"></span><span class="checkbox-check icon-tick-white"></span><span class="visually-hidden">Filter by</span><span class="filter-label--line--inline">Smorgasbord</span><span class="filter-label--line--inline">&nbsp;(1)</span></a></label></div></li><li class="filter-option__container" id="Snickers" data-auto="filter-option" data-auto-selected="false"><div class="checkbox" data-auto="checkbox"><input id="filter-option--Snickers-4974998" name="filter-option--Snickers-4974998" type="checkbox"><label class="checkbox-label" for="filter-option--Snickers-4974998" title="Snickers"><a class="filter-option--link" href="https://www.tesco.com/groceries/en-GB/shop/frozen-food/all?brand=Snickers&amp;viewAll=brand"><span class="checkbox-square checkbox-square-linked"></span><span class="checkbox-check icon-tick-white"></span><span class="visually-hidden">Filter by</span><span class="filter-label--line--inline">Snickers</span><span class="filter-label--line--inline">&nbsp;(1)</span></a></label></div></li><li class="filter-option__container" id="Tenderstem" data-auto="filter-option" data-auto-selected="false"><div class="checkbox" data-auto="checkbox"><input id="filter-option--Tenderstem-4674013" name="filter-option--Tenderstem-4674013" type="checkbox"><label class="checkbox-label" for="filter-option--Tenderstem-4674013" title="Tenderstem"><a class="filter-option--link" href="https://www.tesco.com/groceries/en-GB/shop/frozen-food/all?brand=Tenderstem&amp;viewAll=brand"><span class="checkbox-square checkbox-square-linked"></span><span class="checkbox-check icon-tick-white"></span><span class="visually-hidden">Filter by</span><span class="filter-label--line--inline">Tenderstem</span><span class="filter-label--line--inline">&nbsp;(1)</span></a></label></div></li><li class="filter-option__container" id="Tesco Calorie Controlled" data-auto="filter-option" data-auto-selected="false"><div class="checkbox" data-auto="checkbox"><input id="filter-option--Tesco-Calorie-Controlled-3675808" name="filter-option--Tesco-Calorie-Controlled-3675808" type="checkbox"><label class="checkbox-label" for="filter-option--Tesco-Calorie-Controlled-3675808" title="Tesco Calorie Controlled"><a class="filter-option--link" href="https://www.tesco.com/groceries/en-GB/shop/frozen-food/all?brand=Tesco%20Calorie%20Controlled&amp;viewAll=brand"><span class="checkbox-square checkbox-square-linked"></span><span class="checkbox-check icon-tick-white"></span><span class="visually-hidden">Filter by</span><span class="filter-label--line--block">Tesco Calorie</span><span class="filter-label--line--inline filter-label--line--truncate">Controlled</span><span class="filter-label--line--inline">&nbsp;(1)</span></a></label></div></li><li class="filter-option__container" id="Uppercrust" data-auto="filter-option" data-auto-selected="false"><div class="checkbox" data-auto="checkbox"><input id="filter-option--Uppercrust-8531417" name="filter-option--Uppercrust-8531417" type="checkbox"><label class="checkbox-label" for="filter-option--Uppercrust-8531417" title="Uppercrust"><a class="filter-option--link" href="https://www.tesco.com/groceries/en-GB/shop/frozen-food/all?brand=Uppercrust&amp;viewAll=brand"><span class="checkbox-square checkbox-square-linked"></span><span class="checkbox-check icon-tick-white"></span><span class="visually-hidden">Filter by</span><span class="filter-label--line--inline">Uppercrust</span><span class="filter-label--line--inline">&nbsp;(1)</span></a></label></div></li><li class="filter-option__container" id="Viennetta" data-auto="filter-option" data-auto-selected="false"><div class="checkbox" data-auto="checkbox"><input id="filter-option--Viennetta-6750077" name="filter-option--Viennetta-6750077" type="checkbox"><label class="checkbox-label" for="filter-option--Viennetta-6750077" title="Viennetta"><a class="filter-option--link" href="https://www.tesco.com/groceries/en-GB/shop/frozen-food/all?brand=Viennetta&amp;viewAll=brand"><span class="checkbox-square checkbox-square-linked"></span><span class="checkbox-check icon-tick-white"></span><span class="visually-hidden">Filter by</span><span class="filter-label--line--inline">Viennetta</span><span class="filter-label--line--inline">&nbsp;(1)</span></a></label></div></li><li class="more-filters--container hidden"><button class="button-text more-filters">More brands<span class="icon icon-header_down_triangle expand-icon"></span></button></li><li class="more-filters--container"><button class="button-text more-filters">Fewer brands<span class="icon icon-header_down_triangle contract-icon"></span></button></li></ul></li></ul></div></div></li><li data-auto="filter-lifestyle-and-dietary"><div class="filter-select__FilterSelectContainer-x4zufj-0 iRBCDW filter-select-container filter-lifestyle-and-dietary"><button aria-controls="filter-lifestyle-and-dietary" aria-expanded="false" class="button-text filter-select" data-auto="filter-lifestyle-and-dietary-select"><span class="filter-select--label specific-filter-label">Lifestyle &amp; Dietary</span><span class="icon icon-header_down_triangle"></span></button></div><div aria-hidden="true" class="filter-options-container last-child" id="filter-lifestyle-and-dietary" data-auto="filter-lifestyle-and-dietary-dropdown"><div class="filter-options">Filters should not be used as an alternative to medical advice. Always check the label.<ul aria-label="Lifestyle &amp; Dietary"><li class="current-filters" data-auto="dietary"><ul><li class="filter-option__container selected" id="all" data-auto="filter-option" data-auto-selected="true"><div class="radio" data-auto="radio-button"><a class="filter-option--link" href="https://www.tesco.com/groceries/en-GB/shop/frozen-food/all" title="All Lifestyle &amp; Dietary"><div class="radio-button radio-button--on"></div><div class="radio__label"><span class="visually-hidden">Filter by</span><span class="filter-label--line--block">All Lifestyle</span><span class="filter-label--line--inline filter-label--line--truncate">&amp; Dietary</span><span class="filter-label--line--inline">&nbsp;</span></div></a></div></li><li class="filter-option__container" id="No egg" data-auto="filter-option" data-auto-selected="false"><div class="radio" data-auto="radio-button"><a class="filter-option--link" href="https://www.tesco.com/groceries/en-GB/shop/frozen-food/all?dietary=No%20egg&amp;viewAll=dietary" title="No egg"><div class="radio-button radio-button--off"></div><div class="radio__label"><span class="visually-hidden">Filter by</span><span class="filter-label--line--inline">No egg</span><span class="filter-label--line--inline">&nbsp;(745)</span></div></a></div></li><li class="filter-option__container" id="No soya" data-auto="filter-option" data-auto-selected="false"><div class="radio" data-auto="radio-button"><a class="filter-option--link" href="https://www.tesco.com/groceries/en-GB/shop/frozen-food/all?dietary=No%20soya&amp;viewAll=dietary" title="No soya"><div class="radio-button radio-button--off"></div><div class="radio__label"><span class="visually-hidden">Filter by</span><span class="filter-label--line--inline">No soya</span><span class="filter-label--line--inline">&nbsp;(669)</span></div></a></div></li><li class="filter-option__container" id="Low sugar" data-auto="filter-option" data-auto-selected="false"><div class="radio" data-auto="radio-button"><a class="filter-option--link" href="https://www.tesco.com/groceries/en-GB/shop/frozen-food/all?dietary=Low%20sugar&amp;viewAll=dietary" title="Low sugar"><div class="radio-button radio-button--off"></div><div class="radio__label"><span class="visually-hidden">Filter by</span><span class="filter-label--line--inline">Low sugar</span><span class="filter-label--line--inline">&nbsp;(602)</span></div></a></div></li><li class="filter-option__container" id="Pescetarian" data-auto="filter-option" data-auto-selected="false"><div class="radio" data-auto="radio-button"><a class="filter-option--link" href="https://www.tesco.com/groceries/en-GB/shop/frozen-food/all?dietary=Pescetarian&amp;viewAll=dietary" title="Pescetarian"><div class="radio-button radio-button--off"></div><div class="radio__label"><span class="visually-hidden">Filter by</span><span class="filter-label--line--inline">Pescetarian</span><span class="filter-label--line--inline">&nbsp;(595)</span></div></a></div></li><li class="filter-option__container" id="Vegetarian" data-auto="filter-option" data-auto-selected="false"><div class="radio" data-auto="radio-button"><a class="filter-option--link" href="https://www.tesco.com/groceries/en-GB/shop/frozen-food/all?dietary=Vegetarian&amp;viewAll=dietary" title="Vegetarian"><div class="radio-button radio-button--off"></div><div class="radio__label"><span class="visually-hidden">Filter by</span><span class="filter-label--line--inline">Vegetarian</span><span class="filter-label--line--inline">&nbsp;(541)</span></div></a></div></li><li class="filter-option__container" id="Halal" data-auto="filter-option" data-auto-selected="false"><div class="radio" data-auto="radio-button"><a class="filter-option--link" href="https://www.tesco.com/groceries/en-GB/shop/frozen-food/all?dietary=Halal&amp;viewAll=dietary" title="Halal"><div class="radio-button radio-button--off"></div><div class="radio__label"><span class="visually-hidden">Filter by</span><span class="filter-label--line--inline">Halal</span><span class="filter-label--line--inline">&nbsp;(494)</span></div></a></div></li><li class="filter-option__container" id="No lactose" data-auto="filter-option" data-auto-selected="false"><div class="radio" data-auto="radio-button"><a class="filter-option--link" href="https://www.tesco.com/groceries/en-GB/shop/frozen-food/all?dietary=No%20lactose&amp;viewAll=dietary" title="No lactose"><div class="radio-button radio-button--off"></div><div class="radio__label"><span class="visually-hidden">Filter by</span><span class="filter-label--line--inline">No lactose</span><span class="filter-label--line--inline">&nbsp;(453)</span></div></a></div></li><li class="filter-option__container" id="No milk" data-auto="filter-option" data-auto-selected="false"><div class="radio" data-auto="radio-button"><a class="filter-option--link" href="https://www.tesco.com/groceries/en-GB/shop/frozen-food/all?dietary=No%20milk&amp;viewAll=dietary" title="No milk"><div class="radio-button radio-button--off"></div><div class="radio__label"><span class="visually-hidden">Filter by</span><span class="filter-label--line--inline">No milk</span><span class="filter-label--line--inline">&nbsp;(448)</span></div></a></div></li><li class="filter-option__container" id="Low saturated fat" data-auto="filter-option" data-auto-selected="false"><div class="radio" data-auto="radio-button"><a class="filter-option--link" href="https://www.tesco.com/groceries/en-GB/shop/frozen-food/all?dietary=Low%20saturated%20fat&amp;viewAll=dietary" title="Low saturated fat"><div class="radio-button radio-button--off"></div><div class="radio__label"><span class="visually-hidden">Filter by</span><span class="filter-label--line--block">Low saturated</span><span class="filter-label--line--inline filter-label--line--truncate">fat</span><span class="filter-label--line--inline">&nbsp;(392)</span></div></a></div></li><li class="filter-option__container" id="No gluten" data-auto="filter-option" data-auto-selected="false"><div class="radio" data-auto="radio-button"><a class="filter-option--link" href="https://www.tesco.com/groceries/en-GB/shop/frozen-food/all?dietary=No%20gluten&amp;viewAll=dietary" title="No gluten"><div class="radio-button radio-button--off"></div><div class="radio__label"><span class="visually-hidden">Filter by</span><span class="filter-label--line--inline">No gluten</span><span class="filter-label--line--inline">&nbsp;(365)</span></div></a></div></li><li class="filter-option__container" id="Low salt" data-auto="filter-option" data-auto-selected="false"><div class="radio" data-auto="radio-button"><a class="filter-option--link" href="https://www.tesco.com/groceries/en-GB/shop/frozen-food/all?dietary=Low%20salt&amp;viewAll=dietary" title="Low salt"><div class="radio-button radio-button--off"></div><div class="radio__label"><span class="visually-hidden">Filter by</span><span class="filter-label--line--inline">Low salt</span><span class="filter-label--line--inline">&nbsp;(356)</span></div></a></div></li><li class="more-filters--container"><button class="button-text more-filters">More Lifestyle &amp; Dietary<span class="icon icon-header_down_triangle expand-icon"></span></button></li><li class="more-filters--container hidden"><button class="button-text more-filters">Fewer Lifestyle &amp; Dietary<span class="icon icon-header_down_triangle contract-icon"></span></button></li></ul></li></ul><div class="filter-options-footer"><span><span>In partnership with SpoonGuru.&nbsp;<a href="https://www.tesco.com/help/terms-and-conditions/#Dietary" class="filter-options-footer--lifestyle-and-dietary-link" target="_blank" rel="noopener">Find out more about each filter<span class="icon icon-chevron_right"></span></a></span></span></div></div></div></li></ul></div><div class="sort-control-container"><label class="instructions-label" for="sort-by">Sort by: </label><ul class="selects-row grid"><li><div class="filter-select-container"><select class="filter-select sort-control" id="sort-by"><option value="relevance">Relevance</option><option value="price-ascending">Price: Low to High</option><option value="price-descending">Price: High to Low</option></select><span class="icon icon-header_down_triangle"></span></div></li></ul></div></div></div><div class="filter-by-mobile"><a data-auto="filter-by-mobile-button" class="button button-secondary small" href="https://www.tesco.com/groceries/en-GB/shop/frozen-food/all#sort-n-filter"><span>Sort and filter</span><span class="items-count" data-auto="items-count"> (1064)</span></a></div></div></div><div class="product-lists"><div class="product-lists-wrapper"><div><div class="overlay-spinner--overlay overlay-spinner--large" data-auto="overlay-spinner"></div></div><div class="category product-list--page product-list--current-page"><div class="list-page-1"><ul class="product-list grid" data-auto="product-list" data-auto-last-updated="1669289501225"><li class="product-list--list-item first"><div class="styles__StyledVerticalTileWrapper-dvv1wj-0 dtCNPH"><div data-auto="product-tile" data-auto-type="Quantity" data-auto-available="true" data-auto-is-restricted-disabled="false" data-auto-is-substitute="false" class="styles__StyledVerticalTile-dvv1wj-1 gSCsYK"><div class="styles__StyledTileContentWrapper-dvv1wj-2 bkNhNP beans"><div id="tile-274663688" data-auto-id="274663688" class="styles__StyledTiledContent-dvv1wj-3 bcglTg"><a href="https://www.tesco.com/groceries/en-GB/products/274663688" aria-hidden="true" class="product-image-wrapper" tabindex="1"><div class="product-image__container"><picture><img class="styled__Image-sjvkdn-0 bJErKA product-image beans-responsive-image__image" src="./tesco_html_brand_frozen_files/2535e35a-b9bf-463a-8f31-deec6fb85991.jpeg" srcset="https://digitalcontent.api.tesco.com/v2/media/ghs/c2d41705-0c3e-4e98-be66-ed1e9e78bd7c/2535e35a-b9bf-463a-8f31-deec6fb85991.jpeg?h=225&amp;w=225 768w, https://digitalcontent.api.tesco.com/v2/media/ghs/c2d41705-0c3e-4e98-be66-ed1e9e78bd7c/2535e35a-b9bf-463a-8f31-deec6fb85991.jpeg?h=225&amp;w=225 4000w" alt="Youngs Scampi 220G"></picture></div></a><div class="product-details--wrapper"><h3 class="styles__H3-oa5soe-0 bCKNNq"><a href="https://www.tesco.com/groceries/en-GB/products/274663688" class="styled__Anchor-sc-1xbujuz-0 csVOnh beans-link__anchor" data-auto="product-tile--title"><span class="styled__Text-sc-1xbujuz-1 ldbwMG beans-link__text">Youngs Scampi 220G</span></a></h3><div class="styles__StyledPromotionsAboveMobile-dvv1wj-7 iPTMuo"></div><div class="styles__StyledProductDetailsContent-dvv1wj-5 ddRSrq"><a href="https://www.tesco.com/groceries/en-GB/reviews/submission/274663688?from=%2Fshop%2Ffrozen-food%2Fall" aria-label="Write a review for Youngs Scampi 220G" class="styled__Anchor-sc-1xbujuz-0 jSzuDt write-a-review-link beans-link__anchor" data-auto="review-link"><span class="styled__Text-sc-1xbujuz-1 fyDIEo beans-link__text">Write a review</span><span class="styled__IconContainer-sc-1xbujuz-2 bSauSL beans-link__icon-container"><svg aria-hidden="true" class="styled__SVG-xxa4wh-1 hQMCqc beans-link__icon beans-icon__svg" height="13.33" preserveAspectRatio="xMinYMax meet" viewBox="-1 0 12 20" width="8" xmlns="http://www.w3.org/2000/svg" color="currentColor"><path d="M1.312 1.348L10.276 10l-8.964 8.644" fill="none" stroke="currentColor"></path></svg></span></a><div><a href="https://www.tesco.com/groceries/en-GB/shop/frozen-food/frozen-fish-and-seafood/frozen-scampi-and-goujons/frozen-scampi" class="styled__Anchor-sc-1xbujuz-0 jSzuDt rest-of-shelf-link beans-link__anchor" data-auto="rest-of-shelf-link"><span class="styled__Text-sc-1xbujuz-1 fyDIEo beans-link__text">Rest of <span class="visually-hidden">Frozen Scampi</span> shelf</span><span class="styled__IconContainer-sc-1xbujuz-2 bSauSL beans-link__icon-container"><svg aria-hidden="true" class="styled__SVG-xxa4wh-1 hQMCqc beans-link__icon beans-icon__svg" height="13.33" preserveAspectRatio="xMinYMax meet" viewBox="-1 0 12 20" width="8" xmlns="http://www.w3.org/2000/svg" color="currentColor"><path d="M1.312 1.348L10.276 10l-8.964 8.644" fill="none" stroke="currentColor"></path></svg></span></a></div><div class="product-info-message-section"><div class="product-info-message-list"></div></div></div><div class="styles__StyledBuyBoxWrapper-dvv1wj-4 dSvjUC"><div class="styles__StyledBuyBoxContainer-sc-1wx0qp6-0 erryje" data-auto="buybox-container"><div class="styles__SafeFormWrapper-jtpu2t-0 lcrYKS"><form action="https://www.tesco.com/groceries/en-GB/trolley/items/274663688?_method=PUT" method="POST"><input type="submit" class="hidden"><input name="id" type="hidden" value="274663688"><input name="identifier" type="hidden" value="Page"><input name="anchorId" type="hidden" value="#tile-274663688"><input name="returnUrl" type="hidden" value="/groceries/en-GB/shop/frozen-food/all?redirectIfUnavailable=true#tile-274663688"><input name="backToUrl" type="hidden" value="#"><input name="oldValue" type="hidden" value="0"><input name="oldUnitChoice" type="hidden" value="pcs"><input name="newUnitChoice" type="hidden" value="pcs"><div class="base-components__RootElement-sc-1mosoyj-1 styled__Container-sc-6nhkzi-0 jptQqM hSNpTb beans-buybox__container"><div class="base-components__BaseElement-sc-1mosoyj-0 styled__PriceAndActions-sc-6nhkzi-3 oznwo eEPLov beans-buybox__price-and-actions"><div class="base-components__RootElement-sc-1mosoyj-1 styled__Container-sc-8qlq5b-0 jptQqM bgZrjw styled__StyledPrice-sc-6nhkzi-5 iYHeik beans-buybox__price beans-price__container"><p class="styled__StyledHeading-sc-119w3hf-2 jWPEtj styled__Text-sc-8qlq5b-1 lnaeiZ beans-price__text">£3.75</p><p class="styled__StyledFootnote-sc-119w3hf-7 icrlVF styled__Subtext-sc-8qlq5b-2 bNJmdc beans-price__subtext">£17.05/kg</p></div><div class="base-components__RootElement-sc-1mosoyj-1 styled__Container-vtxwzb-0 jptQqM bDFhXJ beans-buybox__actions beans-quantity-controls__container"><div class="base-components__RootElement-sc-1mosoyj-1 styled__Container-sc-16t2b2a-0 jptQqM PUfgZ styled__StyledFormGroup-vtxwzb-1 kzKuAr beans-quantity-controls__form-group beans-form-group__container"><label class="styled__StyledLabel-sc-1ttuvhr-0 izGEjV beans-form-group__label beans-label" for="quantity-controls-274663688">Quantity controls </label><div class="base-components__BaseElement-sc-1mosoyj-0 styled__Children-sc-16t2b2a-3 oznwo gdJvjO beans-form-group__children"><div class="styled__StyledQuantityControlWrapper-vtxwzb-6 LCxOg"><label id="quantity-controls-274663688-label" class="styled__VisuallyHiddenLabel-vtxwzb-7 gXlLiM">Quantity of Youngs Scampi 220G</label><div class="component__Wrapper-sc-1kpmik-3 dReplG input-wrapper"><input class="base-components__RootElement-sc-1mosoyj-1 styled__StyledInput-sc-1jd5f57-0 component__StyledAsInput-sc-1kpmik-4 jptQqM eJLlow styled__StyledInput-vtxwzb-3 lwMHo beans-quantity-controls__input beans-input" data-auto="beans-quantity-controls-input" autocomplete="off" id="quantity-controls-274663688" maxlength="2" name="newValue" type="number" aria-labelledby="quantity-controls-274663688-label" value="1"></div></div><button class="styled__BaseButton-rsekm1-0 styled__PrimaryButton-rsekm1-2 jChbeY geeWOF styled__StyledButton-vtxwzb-5 japAxb beans-quantity-controls__add-button beans-button__container" type="submit" data-auto="beans-quantity-controls-add-button" aria-label="Quantity of Youngs Scampi 220G"><span class="base-components__BaseElement-sc-1mosoyj-0 styled__InnerContainer-rsekm1-1 oznwo fuFres beans-button__inner-container"><span class="base-components__BaseElement-sc-1mosoyj-0 styled__TextSpan-rsekm1-4 oznwo GDiMp beans-button__text">Add</span></span></button></div></div></div></div></div><input name="_csrf" type="hidden" value="0WbpBJF9-cS-fAMl-ByHnl5hECj1JaZiBQ20"></form></div></div></div></div><div class="hidden-medium product-info-section-small"><div class="product-info-message-list"></div></div></div></div></div></div></li><li class="product-list--list-item"><div class="styles__StyledVerticalTileWrapper-dvv1wj-0 dtCNPH"><div data-auto="product-tile" data-auto-type="Quantity" data-auto-available="true" data-auto-is-restricted-disabled="false" data-auto-is-substitute="false" class="styles__StyledVerticalTile-dvv1wj-1 gSCsYK"><div class="styles__StyledTileContentWrapper-dvv1wj-2 bkNhNP beans"><div id="tile-300109840" data-auto-id="300109840" class="styles__StyledTiledContent-dvv1wj-3 bcglTg"><a href="https://www.tesco.com/groceries/en-GB/products/300109840" aria-hidden="true" class="product-image-wrapper" tabindex="1"><div class="product-image__container"><picture><img class="styled__Image-sjvkdn-0 bJErKA product-image beans-responsive-image__image" src="./tesco_html_brand_frozen_files/cb9465fb-34f7-4702-9283-c3547dcb122e.jpeg" srcset="https://digitalcontent.api.tesco.com/v2/media/ghs/ef6ff149-f926-4abc-8210-11a467c7dd93/cb9465fb-34f7-4702-9283-c3547dcb122e.jpeg?h=225&amp;w=225 768w, https://digitalcontent.api.tesco.com/v2/media/ghs/ef6ff149-f926-4abc-8210-11a467c7dd93/cb9465fb-34f7-4702-9283-c3547dcb122e.jpeg?h=225&amp;w=225 4000w" alt="Birds Eye 38 Crispy Chicken Dippers 697G"></picture></div></a><div class="product-details--wrapper"><h3 class="styles__H3-oa5soe-0 bCKNNq"><a href="https://www.tesco.com/groceries/en-GB/products/300109840" class="styled__Anchor-sc-1xbujuz-0 csVOnh beans-link__anchor" data-auto="product-tile--title"><span class="styled__Text-sc-1xbujuz-1 ldbwMG beans-link__text">Birds Eye 38 Crispy Chicken Dippers 697G</span></a></h3><div class="styles__StyledPromotionsAboveMobile-dvv1wj-7 iPTMuo"></div><div class="styles__StyledProductDetailsContent-dvv1wj-5 ddRSrq"><a href="https://www.tesco.com/groceries/en-GB/reviews/submission/300109840?from=%2Fshop%2Ffrozen-food%2Fall" aria-label="Write a review for Birds Eye 38 Crispy Chicken Dippers 697G" class="styled__Anchor-sc-1xbujuz-0 jSzuDt write-a-review-link beans-link__anchor" data-auto="review-link"><span class="styled__Text-sc-1xbujuz-1 fyDIEo beans-link__text">Write a review</span><span class="styled__IconContainer-sc-1xbujuz-2 bSauSL beans-link__icon-container"><svg aria-hidden="true" class="styled__SVG-xxa4wh-1 hQMCqc beans-link__icon beans-icon__svg" height="13.33" preserveAspectRatio="xMinYMax meet" viewBox="-1 0 12 20" width="8" xmlns="http://www.w3.org/2000/svg" color="currentColor"><path d="M1.312 1.348L10.276 10l-8.964 8.644" fill="none" stroke="currentColor"></path></svg></span></a><div><a href="https://www.tesco.com/groceries/en-GB/shop/frozen-food/frozen-meat-and-poultry/frozen-breaded-chicken/frozen-chicken-dippers-and-nuggets" class="styled__Anchor-sc-1xbujuz-0 jSzuDt rest-of-shelf-link beans-link__anchor" data-auto="rest-of-shelf-link"><span class="styled__Text-sc-1xbujuz-1 fyDIEo beans-link__text">Rest of <span class="visually-hidden">Frozen Chicken Dippers &amp; Nuggets</span> shelf</span><span class="styled__IconContainer-sc-1xbujuz-2 bSauSL beans-link__icon-container"><svg aria-hidden="true" class="styled__SVG-xxa4wh-1 hQMCqc beans-link__icon beans-icon__svg" height="13.33" preserveAspectRatio="xMinYMax meet" viewBox="-1 0 12 20" width="8" xmlns="http://www.w3.org/2000/svg" color="currentColor"><path d="M1.312 1.348L10.276 10l-8.964 8.644" fill="none" stroke="currentColor"></path></svg></span></a></div><div class="product-info-message-section"><div class="product-info-message-list"></div></div></div><div class="styles__StyledBuyBoxWrapper-dvv1wj-4 dSvjUC"><div class="styles__StyledBuyBoxContainer-sc-1wx0qp6-0 erryje" data-auto="buybox-container"><div class="styles__SafeFormWrapper-jtpu2t-0 lcrYKS"><form action="https://www.tesco.com/groceries/en-GB/trolley/items/300109840?_method=PUT" method="POST"><input type="submit" class="hidden"><input name="id" type="hidden" value="300109840"><input name="identifier" type="hidden" value="Page"><input name="anchorId" type="hidden" value="#tile-300109840"><input name="returnUrl" type="hidden" value="/groceries/en-GB/shop/frozen-food/all?redirectIfUnavailable=true#tile-300109840"><input name="backToUrl" type="hidden" value="#"><input name="oldValue" type="hidden" value="0"><input name="oldUnitChoice" type="hidden" value="pcs"><input name="newUnitChoice" type="hidden" value="pcs"><div class="base-components__RootElement-sc-1mosoyj-1 styled__Container-sc-6nhkzi-0 jptQqM hSNpTb beans-buybox__container"><div class="base-components__BaseElement-sc-1mosoyj-0 styled__PriceAndActions-sc-6nhkzi-3 oznwo eEPLov beans-buybox__price-and-actions"><div class="base-components__RootElement-sc-1mosoyj-1 styled__Container-sc-8qlq5b-0 jptQqM bgZrjw styled__StyledPrice-sc-6nhkzi-5 iYHeik beans-buybox__price beans-price__container"><p class="styled__StyledHeading-sc-119w3hf-2 jWPEtj styled__Text-sc-8qlq5b-1 lnaeiZ beans-price__text">£5.00</p><p class="styled__StyledFootnote-sc-119w3hf-7 icrlVF styled__Subtext-sc-8qlq5b-2 bNJmdc beans-price__subtext">£7.18/kg</p></div><div class="base-components__RootElement-sc-1mosoyj-1 styled__Container-vtxwzb-0 jptQqM bDFhXJ beans-buybox__actions beans-quantity-controls__container"><div class="base-components__RootElement-sc-1mosoyj-1 styled__Container-sc-16t2b2a-0 jptQqM PUfgZ styled__StyledFormGroup-vtxwzb-1 kzKuAr beans-quantity-controls__form-group beans-form-group__container"><label class="styled__StyledLabel-sc-1ttuvhr-0 izGEjV beans-form-group__label beans-label" for="quantity-controls-300109840">Quantity controls </label><div class="base-components__BaseElement-sc-1mosoyj-0 styled__Children-sc-16t2b2a-3 oznwo gdJvjO beans-form-group__children"><div class="styled__StyledQuantityControlWrapper-vtxwzb-6 LCxOg"><label id="quantity-controls-300109840-label" class="styled__VisuallyHiddenLabel-vtxwzb-7 gXlLiM">Quantity of Birds Eye 38 Crispy Chicken Dippers 697G</label><div class="component__Wrapper-sc-1kpmik-3 dReplG input-wrapper"><input class="base-components__RootElement-sc-1mosoyj-1 styled__StyledInput-sc-1jd5f57-0 component__StyledAsInput-sc-1kpmik-4 jptQqM eJLlow styled__StyledInput-vtxwzb-3 lwMHo beans-quantity-controls__input beans-input" data-auto="beans-quantity-controls-input" autocomplete="off" id="quantity-controls-300109840" maxlength="2" name="newValue" type="number" aria-labelledby="quantity-controls-300109840-label" value="1"></div></div><button class="styled__BaseButton-rsekm1-0 styled__PrimaryButton-rsekm1-2 jChbeY geeWOF styled__StyledButton-vtxwzb-5 japAxb beans-quantity-controls__add-button beans-button__container" type="submit" data-auto="beans-quantity-controls-add-button" aria-label="Quantity of Birds Eye 38 Crispy Chicken Dippers 697G"><span class="base-components__BaseElement-sc-1mosoyj-0 styled__InnerContainer-rsekm1-1 oznwo fuFres beans-button__inner-container"><span class="base-components__BaseElement-sc-1mosoyj-0 styled__TextSpan-rsekm1-4 oznwo GDiMp beans-button__text">Add</span></span></button></div></div></div></div></div><input name="_csrf" type="hidden" value="0WbpBJF9-cS-fAMl-ByHnl5hECj1JaZiBQ20"></form></div></div></div></div><div class="hidden-medium product-info-section-small"><div class="product-info-message-list"></div></div></div></div></div></div></li><li class="product-list--list-item"><div class="styles__StyledVerticalTileWrapper-dvv1wj-0 dtCNPH"><div data-auto="product-tile" data-auto-type="Quantity" data-auto-available="true" data-auto-is-restricted-disabled="false" data-auto-is-substitute="false" class="styles__StyledVerticalTile-dvv1wj-1 gSCsYK"><div class="styles__StyledTileContentWrapper-dvv1wj-2 bkNhNP beans"><div id="tile-266459126" data-auto-id="266459126" class="styles__StyledTiledContent-dvv1wj-3 bcglTg"><a href="https://www.tesco.com/groceries/en-GB/products/266459126" aria-hidden="true" class="product-image-wrapper" tabindex="1"><div class="product-image__container"><picture><img class="styled__Image-sjvkdn-0 bJErKA product-image beans-responsive-image__image" src="./tesco_html_brand_frozen_files/f1733aa6-8eee-43ab-b514-483fa9ebedec.jpeg" srcset="https://digitalcontent.api.tesco.com/v2/media/ghs/2913bb4e-f844-4c1e-973f-9044c64d98a1/f1733aa6-8eee-43ab-b514-483fa9ebedec.jpeg?h=225&amp;w=225 768w, https://digitalcontent.api.tesco.com/v2/media/ghs/2913bb4e-f844-4c1e-973f-9044c64d98a1/f1733aa6-8eee-43ab-b514-483fa9ebedec.jpeg?h=225&amp;w=225 4000w" alt="Goodfella&#39;s Stonebaked Thin Margherita 345G"></picture></div></a><div class="product-details--wrapper"><h3 class="styles__H3-oa5soe-0 bCKNNq"><a href="https://www.tesco.com/groceries/en-GB/products/266459126" class="styled__Anchor-sc-1xbujuz-0 csVOnh beans-link__anchor" data-auto="product-tile--title"><span class="styled__Text-sc-1xbujuz-1 ldbwMG beans-link__text">Goodfella's Stonebaked Thin Margherita 345G</span></a></h3><div class="styles__StyledPromotionsAboveMobile-dvv1wj-7 iPTMuo"></div><div class="styles__StyledProductDetailsContent-dvv1wj-5 ddRSrq"><a href="https://www.tesco.com/groceries/en-GB/reviews/submission/266459126?from=%2Fshop%2Ffrozen-food%2Fall" aria-label="Write a review for Goodfella&#39;s Stonebaked Thin Margherita 345G" class="styled__Anchor-sc-1xbujuz-0 jSzuDt write-a-review-link beans-link__anchor" data-auto="review-link"><span class="styled__Text-sc-1xbujuz-1 fyDIEo beans-link__text">Write a review</span><span class="styled__IconContainer-sc-1xbujuz-2 bSauSL beans-link__icon-container"><svg aria-hidden="true" class="styled__SVG-xxa4wh-1 hQMCqc beans-link__icon beans-icon__svg" height="13.33" preserveAspectRatio="xMinYMax meet" viewBox="-1 0 12 20" width="8" xmlns="http://www.w3.org/2000/svg" color="currentColor"><path d="M1.312 1.348L10.276 10l-8.964 8.644" fill="none" stroke="currentColor"></path></svg></span></a><div><a href="https://www.tesco.com/groceries/en-GB/shop/frozen-food/frozen-pizza-and-garlic-bread/frozen-thin-crust-pizza/frozen-pizza-thin-crust-pizza" class="styled__Anchor-sc-1xbujuz-0 jSzuDt rest-of-shelf-link beans-link__anchor" data-auto="rest-of-shelf-link"><span class="styled__Text-sc-1xbujuz-1 fyDIEo beans-link__text">Rest of <span class="visually-hidden">Frozen Pizza - Thin Crust Pizza</span> shelf</span><span class="styled__IconContainer-sc-1xbujuz-2 bSauSL beans-link__icon-container"><svg aria-hidden="true" class="styled__SVG-xxa4wh-1 hQMCqc beans-link__icon beans-icon__svg" height="13.33" preserveAspectRatio="xMinYMax meet" viewBox="-1 0 12 20" width="8" xmlns="http://www.w3.org/2000/svg" color="currentColor"><path d="M1.312 1.348L10.276 10l-8.964 8.644" fill="none" stroke="currentColor"></path></svg></span></a></div><div class="product-info-message-section"><div class="product-info-message-list"></div></div></div><div class="styles__StyledBuyBoxWrapper-dvv1wj-4 dSvjUC"><div class="styles__StyledBuyBoxContainer-sc-1wx0qp6-0 erryje" data-auto="buybox-container"><div class="styles__SafeFormWrapper-jtpu2t-0 lcrYKS"><form action="https://www.tesco.com/groceries/en-GB/trolley/items/266459126?_method=PUT" method="POST"><input type="submit" class="hidden"><input name="id" type="hidden" value="266459126"><input name="identifier" type="hidden" value="Page"><input name="anchorId" type="hidden" value="#tile-266459126"><input name="returnUrl" type="hidden" value="/groceries/en-GB/shop/frozen-food/all?redirectIfUnavailable=true#tile-266459126"><input name="backToUrl" type="hidden" value="#"><input name="oldValue" type="hidden" value="0"><input name="oldUnitChoice" type="hidden" value="pcs"><input name="newUnitChoice" type="hidden" value="pcs"><div class="base-components__RootElement-sc-1mosoyj-1 styled__Container-sc-6nhkzi-0 jptQqM hSNpTb beans-buybox__container"><div class="base-components__BaseElement-sc-1mosoyj-0 styled__PriceAndActions-sc-6nhkzi-3 oznwo eEPLov beans-buybox__price-and-actions"><div class="base-components__RootElement-sc-1mosoyj-1 styled__Container-sc-8qlq5b-0 jptQqM bgZrjw styled__StyledPrice-sc-6nhkzi-5 iYHeik beans-buybox__price beans-price__container"><p class="styled__StyledHeading-sc-119w3hf-2 jWPEtj styled__Text-sc-8qlq5b-1 lnaeiZ beans-price__text">£2.85</p><p class="styled__StyledFootnote-sc-119w3hf-7 icrlVF styled__Subtext-sc-8qlq5b-2 bNJmdc beans-price__subtext">£0.83/100g</p></div><div class="base-components__RootElement-sc-1mosoyj-1 styled__Container-vtxwzb-0 jptQqM bDFhXJ beans-buybox__actions beans-quantity-controls__container"><div class="base-components__RootElement-sc-1mosoyj-1 styled__Container-sc-16t2b2a-0 jptQqM PUfgZ styled__StyledFormGroup-vtxwzb-1 kzKuAr beans-quantity-controls__form-group beans-form-group__container"><label class="styled__StyledLabel-sc-1ttuvhr-0 izGEjV beans-form-group__label beans-label" for="quantity-controls-266459126">Quantity controls </label><div class="base-components__BaseElement-sc-1mosoyj-0 styled__Children-sc-16t2b2a-3 oznwo gdJvjO beans-form-group__children"><div class="styled__StyledQuantityControlWrapper-vtxwzb-6 LCxOg"><label id="quantity-controls-266459126-label" class="styled__VisuallyHiddenLabel-vtxwzb-7 gXlLiM">Quantity of Goodfella's Stonebaked Thin Margherita 345G</label><div class="component__Wrapper-sc-1kpmik-3 dReplG input-wrapper"><input class="base-components__RootElement-sc-1mosoyj-1 styled__StyledInput-sc-1jd5f57-0 component__StyledAsInput-sc-1kpmik-4 jptQqM eJLlow styled__StyledInput-vtxwzb-3 lwMHo beans-quantity-controls__input beans-input" data-auto="beans-quantity-controls-input" autocomplete="off" id="quantity-controls-266459126" maxlength="2" name="newValue" type="number" aria-labelledby="quantity-controls-266459126-label" value="1"></div></div><button class="styled__BaseButton-rsekm1-0 styled__PrimaryButton-rsekm1-2 jChbeY geeWOF styled__StyledButton-vtxwzb-5 japAxb beans-quantity-controls__add-button beans-button__container" type="submit" data-auto="beans-quantity-controls-add-button" aria-label="Quantity of Goodfella&#39;s Stonebaked Thin Margherita 345G"><span class="base-components__BaseElement-sc-1mosoyj-0 styled__InnerContainer-rsekm1-1 oznwo fuFres beans-button__inner-container"><span class="base-components__BaseElement-sc-1mosoyj-0 styled__TextSpan-rsekm1-4 oznwo GDiMp beans-button__text">Add</span></span></button></div></div></div></div></div><input name="_csrf" type="hidden" value="0WbpBJF9-cS-fAMl-ByHnl5hECj1JaZiBQ20"></form></div></div></div></div><div class="hidden-medium product-info-section-small"><div class="product-info-message-list"></div></div></div></div></div></div></li><li class="product-list--list-item"><div class="styles__StyledVerticalTileWrapper-dvv1wj-0 dtCNPH"><div data-auto="product-tile" data-auto-type="Quantity" data-auto-available="true" data-auto-is-restricted-disabled="false" data-auto-is-substitute="false" class="styles__StyledVerticalTile-dvv1wj-1 gSCsYK"><div class="styles__StyledTileContentWrapper-dvv1wj-2 bkNhNP beans"><div id="tile-306503133" data-auto-id="306503133" class="styles__StyledTiledContent-dvv1wj-3 bcglTg"><a href="https://www.tesco.com/groceries/en-GB/products/306503133" aria-hidden="true" class="product-image-wrapper" tabindex="1"><div class="product-image__container"><picture><img class="styled__Image-sjvkdn-0 bJErKA product-image beans-responsive-image__image" src="./tesco_html_brand_frozen_files/07db7518-6895-4377-99ea-756735294315.jpeg" srcset="https://digitalcontent.api.tesco.com/v2/media/ghs/785bc4f5-69f6-4e68-9af9-68c8fea12de2/07db7518-6895-4377-99ea-756735294315.jpeg?h=225&amp;w=225 768w, https://digitalcontent.api.tesco.com/v2/media/ghs/785bc4f5-69f6-4e68-9af9-68c8fea12de2/07db7518-6895-4377-99ea-756735294315.jpeg?h=225&amp;w=225 4000w" alt="Mccain Home Chips Crinkle Cut 1.6Kg"></picture></div></a><div class="product-details--wrapper"><h3 class="styles__H3-oa5soe-0 bCKNNq"><a href="https://www.tesco.com/groceries/en-GB/products/306503133" class="styled__Anchor-sc-1xbujuz-0 csVOnh beans-link__anchor" data-auto="product-tile--title"><span class="styled__Text-sc-1xbujuz-1 ldbwMG beans-link__text">Mccain Home Chips Crinkle Cut 1.6Kg</span></a></h3><div class="styles__StyledPromotionsAboveMobile-dvv1wj-7 iPTMuo"></div><div class="styles__StyledProductDetailsContent-dvv1wj-5 ddRSrq"><a href="https://www.tesco.com/groceries/en-GB/reviews/submission/306503133?from=%2Fshop%2Ffrozen-food%2Fall" aria-label="Write a review for Mccain Home Chips Crinkle Cut 1.6Kg" class="styled__Anchor-sc-1xbujuz-0 jSzuDt write-a-review-link beans-link__anchor" data-auto="review-link"><span class="styled__Text-sc-1xbujuz-1 fyDIEo beans-link__text">Write a review</span><span class="styled__IconContainer-sc-1xbujuz-2 bSauSL beans-link__icon-container"><svg aria-hidden="true" class="styled__SVG-xxa4wh-1 hQMCqc beans-link__icon beans-icon__svg" height="13.33" preserveAspectRatio="xMinYMax meet" viewBox="-1 0 12 20" width="8" xmlns="http://www.w3.org/2000/svg" color="currentColor"><path d="M1.312 1.348L10.276 10l-8.964 8.644" fill="none" stroke="currentColor"></path></svg></span></a><div><a href="https://www.tesco.com/groceries/en-GB/shop/frozen-food/frozen-chips-onion-rings-potatoes-and-rice/frozen-chips/frozen-home-chips" class="styled__Anchor-sc-1xbujuz-0 jSzuDt rest-of-shelf-link beans-link__anchor" data-auto="rest-of-shelf-link"><span class="styled__Text-sc-1xbujuz-1 fyDIEo beans-link__text">Rest of <span class="visually-hidden">Frozen Home Chips</span> shelf</span><span class="styled__IconContainer-sc-1xbujuz-2 bSauSL beans-link__icon-container"><svg aria-hidden="true" class="styled__SVG-xxa4wh-1 hQMCqc beans-link__icon beans-icon__svg" height="13.33" preserveAspectRatio="xMinYMax meet" viewBox="-1 0 12 20" width="8" xmlns="http://www.w3.org/2000/svg" color="currentColor"><path d="M1.312 1.348L10.276 10l-8.964 8.644" fill="none" stroke="currentColor"></path></svg></span></a></div><div class="product-info-message-section"><div class="product-info-message-list"></div></div></div><div class="styles__StyledBuyBoxWrapper-dvv1wj-4 dSvjUC"><div class="styles__StyledBuyBoxContainer-sc-1wx0qp6-0 erryje" data-auto="buybox-container"><div class="styles__SafeFormWrapper-jtpu2t-0 lcrYKS"><form action="https://www.tesco.com/groceries/en-GB/trolley/items/306503133?_method=PUT" method="POST"><input type="submit" class="hidden"><input name="id" type="hidden" value="306503133"><input name="identifier" type="hidden" value="Page"><input name="anchorId" type="hidden" value="#tile-306503133"><input name="returnUrl" type="hidden" value="/groceries/en-GB/shop/frozen-food/all?redirectIfUnavailable=true#tile-306503133"><input name="backToUrl" type="hidden" value="#"><input name="oldValue" type="hidden" value="0"><input name="oldUnitChoice" type="hidden" value="pcs"><input name="newUnitChoice" type="hidden" value="pcs"><div class="base-components__RootElement-sc-1mosoyj-1 styled__Container-sc-6nhkzi-0 jptQqM hSNpTb beans-buybox__container"><div class="base-components__BaseElement-sc-1mosoyj-0 styled__PriceAndActions-sc-6nhkzi-3 oznwo eEPLov beans-buybox__price-and-actions"><div class="base-components__RootElement-sc-1mosoyj-1 styled__Container-sc-8qlq5b-0 jptQqM bgZrjw styled__StyledPrice-sc-6nhkzi-5 iYHeik beans-buybox__price beans-price__container"><p class="styled__StyledHeading-sc-119w3hf-2 jWPEtj styled__Text-sc-8qlq5b-1 lnaeiZ beans-price__text">£4.00</p><p class="styled__StyledFootnote-sc-119w3hf-7 icrlVF styled__Subtext-sc-8qlq5b-2 bNJmdc beans-price__subtext">£2.50/kg</p></div><div class="base-components__RootElement-sc-1mosoyj-1 styled__Container-vtxwzb-0 jptQqM bDFhXJ beans-buybox__actions beans-quantity-controls__container"><div class="base-components__RootElement-sc-1mosoyj-1 styled__Container-sc-16t2b2a-0 jptQqM PUfgZ styled__StyledFormGroup-vtxwzb-1 kzKuAr beans-quantity-controls__form-group beans-form-group__container"><label class="styled__StyledLabel-sc-1ttuvhr-0 izGEjV beans-form-group__label beans-label" for="quantity-controls-306503133">Quantity controls </label><div class="base-components__BaseElement-sc-1mosoyj-0 styled__Children-sc-16t2b2a-3 oznwo gdJvjO beans-form-group__children"><div class="styled__StyledQuantityControlWrapper-vtxwzb-6 LCxOg"><label id="quantity-controls-306503133-label" class="styled__VisuallyHiddenLabel-vtxwzb-7 gXlLiM">Quantity of Mccain Home Chips Crinkle Cut 1.6Kg</label><div class="component__Wrapper-sc-1kpmik-3 dReplG input-wrapper"><input class="base-components__RootElement-sc-1mosoyj-1 styled__StyledInput-sc-1jd5f57-0 component__StyledAsInput-sc-1kpmik-4 jptQqM eJLlow styled__StyledInput-vtxwzb-3 lwMHo beans-quantity-controls__input beans-input" data-auto="beans-quantity-controls-input" autocomplete="off" id="quantity-controls-306503133" maxlength="2" name="newValue" type="number" aria-labelledby="quantity-controls-306503133-label" value="1"></div></div><button class="styled__BaseButton-rsekm1-0 styled__PrimaryButton-rsekm1-2 jChbeY geeWOF styled__StyledButton-vtxwzb-5 japAxb beans-quantity-controls__add-button beans-button__container" type="submit" data-auto="beans-quantity-controls-add-button" aria-label="Quantity of Mccain Home Chips Crinkle Cut 1.6Kg"><span class="base-components__BaseElement-sc-1mosoyj-0 styled__InnerContainer-rsekm1-1 oznwo fuFres beans-button__inner-container"><span class="base-components__BaseElement-sc-1mosoyj-0 styled__TextSpan-rsekm1-4 oznwo GDiMp beans-button__text">Add</span></span></button></div></div></div></div></div><input name="_csrf" type="hidden" value="0WbpBJF9-cS-fAMl-ByHnl5hECj1JaZiBQ20"></form></div></div></div></div><div class="hidden-medium product-info-section-small"><div class="product-info-message-list"></div></div></div></div></div></div></li><li class="product-list--list-item"><div class="styles__StyledVerticalTileWrapper-dvv1wj-0 dtCNPH"><div data-auto="product-tile" data-auto-type="Quantity" data-auto-available="true" data-auto-is-restricted-disabled="false" data-auto-is-substitute="false" class="styles__StyledVerticalTile-dvv1wj-1 gSCsYK"><div class="styles__StyledTileContentWrapper-dvv1wj-2 bkNhNP beans"><div id="tile-284197579" data-auto-id="284197579" class="styles__StyledTiledContent-dvv1wj-3 bcglTg"><a href="https://www.tesco.com/groceries/en-GB/products/284197579" aria-hidden="true" class="product-image-wrapper" tabindex="1"><div class="product-image__container"><picture><img class="styled__Image-sjvkdn-0 bJErKA product-image beans-responsive-image__image" src="./tesco_html_brand_frozen_files/74b58b4f-754a-4314-8a8f-8fc1dc54d11d.jpeg" srcset="https://digitalcontent.api.tesco.com/v2/media/ghs/4e7f9f79-87f6-47c9-b91c-ad939b0f2060/74b58b4f-754a-4314-8a8f-8fc1dc54d11d.jpeg?h=225&amp;w=225 768w, https://digitalcontent.api.tesco.com/v2/media/ghs/4e7f9f79-87f6-47c9-b91c-ad939b0f2060/74b58b4f-754a-4314-8a8f-8fc1dc54d11d.jpeg?h=225&amp;w=225 4000w" alt="Mccain Crispy French Fries 900G"></picture></div></a><div class="product-details--wrapper"><h3 class="styles__H3-oa5soe-0 bCKNNq"><a href="https://www.tesco.com/groceries/en-GB/products/284197579" class="styled__Anchor-sc-1xbujuz-0 csVOnh beans-link__anchor" data-auto="product-tile--title"><span class="styled__Text-sc-1xbujuz-1 ldbwMG beans-link__text">Mccain Crispy French Fries 900G</span></a></h3><div class="styles__StyledPromotionsAboveMobile-dvv1wj-7 iPTMuo"></div><div class="styles__StyledProductDetailsContent-dvv1wj-5 ddRSrq"><a href="https://www.tesco.com/groceries/en-GB/reviews/submission/284197579?from=%2Fshop%2Ffrozen-food%2Fall" aria-label="Write a review for Mccain Crispy French Fries 900G" class="styled__Anchor-sc-1xbujuz-0 jSzuDt write-a-review-link beans-link__anchor" data-auto="review-link"><span class="styled__Text-sc-1xbujuz-1 fyDIEo beans-link__text">Write a review</span><span class="styled__IconContainer-sc-1xbujuz-2 bSauSL beans-link__icon-container"><svg aria-hidden="true" class="styled__SVG-xxa4wh-1 hQMCqc beans-link__icon beans-icon__svg" height="13.33" preserveAspectRatio="xMinYMax meet" viewBox="-1 0 12 20" width="8" xmlns="http://www.w3.org/2000/svg" color="currentColor"><path d="M1.312 1.348L10.276 10l-8.964 8.644" fill="none" stroke="currentColor"></path></svg></span></a><div><a href="https://www.tesco.com/groceries/en-GB/shop/frozen-food/frozen-chips-onion-rings-potatoes-and-rice/frozen-chips/frozen-french-fries" class="styled__Anchor-sc-1xbujuz-0 jSzuDt rest-of-shelf-link beans-link__anchor" data-auto="rest-of-shelf-link"><span class="styled__Text-sc-1xbujuz-1 fyDIEo beans-link__text">Rest of <span class="visually-hidden">Frozen French Fries</span> shelf</span><span class="styled__IconContainer-sc-1xbujuz-2 bSauSL beans-link__icon-container"><svg aria-hidden="true" class="styled__SVG-xxa4wh-1 hQMCqc beans-link__icon beans-icon__svg" height="13.33" preserveAspectRatio="xMinYMax meet" viewBox="-1 0 12 20" width="8" xmlns="http://www.w3.org/2000/svg" color="currentColor"><path d="M1.312 1.348L10.276 10l-8.964 8.644" fill="none" stroke="currentColor"></path></svg></span></a></div><div class="product-info-message-section"><div class="product-info-message-list"></div></div></div><div class="styles__StyledBuyBoxWrapper-dvv1wj-4 dSvjUC"><div class="styles__StyledBuyBoxContainer-sc-1wx0qp6-0 erryje" data-auto="buybox-container"><div class="styles__SafeFormWrapper-jtpu2t-0 lcrYKS"><form action="https://www.tesco.com/groceries/en-GB/trolley/items/284197579?_method=PUT" method="POST"><input type="submit" class="hidden"><input name="id" type="hidden" value="284197579"><input name="identifier" type="hidden" value="Page"><input name="anchorId" type="hidden" value="#tile-284197579"><input name="returnUrl" type="hidden" value="/groceries/en-GB/shop/frozen-food/all?redirectIfUnavailable=true#tile-284197579"><input name="backToUrl" type="hidden" value="#"><input name="oldValue" type="hidden" value="0"><input name="oldUnitChoice" type="hidden" value="pcs"><input name="newUnitChoice" type="hidden" value="pcs"><div class="base-components__RootElement-sc-1mosoyj-1 styled__Container-sc-6nhkzi-0 jptQqM hSNpTb beans-buybox__container"><div class="base-components__BaseElement-sc-1mosoyj-0 styled__PriceAndActions-sc-6nhkzi-3 oznwo eEPLov beans-buybox__price-and-actions"><div class="base-components__RootElement-sc-1mosoyj-1 styled__Container-sc-8qlq5b-0 jptQqM bgZrjw styled__StyledPrice-sc-6nhkzi-5 iYHeik beans-buybox__price beans-price__container"><p class="styled__StyledHeading-sc-119w3hf-2 jWPEtj styled__Text-sc-8qlq5b-1 lnaeiZ beans-price__text">£3.00</p><p class="styled__StyledFootnote-sc-119w3hf-7 icrlVF styled__Subtext-sc-8qlq5b-2 bNJmdc beans-price__subtext">£3.34/kg</p></div><div class="base-components__RootElement-sc-1mosoyj-1 styled__Container-vtxwzb-0 jptQqM bDFhXJ beans-buybox__actions beans-quantity-controls__container"><div class="base-components__RootElement-sc-1mosoyj-1 styled__Container-sc-16t2b2a-0 jptQqM PUfgZ styled__StyledFormGroup-vtxwzb-1 kzKuAr beans-quantity-controls__form-group beans-form-group__container"><label class="styled__StyledLabel-sc-1ttuvhr-0 izGEjV beans-form-group__label beans-label" for="quantity-controls-284197579">Quantity controls </label><div class="base-components__BaseElement-sc-1mosoyj-0 styled__Children-sc-16t2b2a-3 oznwo gdJvjO beans-form-group__children"><div class="styled__StyledQuantityControlWrapper-vtxwzb-6 LCxOg"><label id="quantity-controls-284197579-label" class="styled__VisuallyHiddenLabel-vtxwzb-7 gXlLiM">Quantity of Mccain Crispy French Fries 900G</label><div class="component__Wrapper-sc-1kpmik-3 dReplG input-wrapper"><input class="base-components__RootElement-sc-1mosoyj-1 styled__StyledInput-sc-1jd5f57-0 component__StyledAsInput-sc-1kpmik-4 jptQqM eJLlow styled__StyledInput-vtxwzb-3 lwMHo beans-quantity-controls__input beans-input" data-auto="beans-quantity-controls-input" autocomplete="off" id="quantity-controls-284197579" maxlength="2" name="newValue" type="number" aria-labelledby="quantity-controls-284197579-label" value="1"></div></div><button class="styled__BaseButton-rsekm1-0 styled__PrimaryButton-rsekm1-2 jChbeY geeWOF styled__StyledButton-vtxwzb-5 japAxb beans-quantity-controls__add-button beans-button__container" type="submit" data-auto="beans-quantity-controls-add-button" aria-label="Quantity of Mccain Crispy French Fries 900G"><span class="base-components__BaseElement-sc-1mosoyj-0 styled__InnerContainer-rsekm1-1 oznwo fuFres beans-button__inner-container"><span class="base-components__BaseElement-sc-1mosoyj-0 styled__TextSpan-rsekm1-4 oznwo GDiMp beans-button__text">Add</span></span></button></div></div></div></div></div><input name="_csrf" type="hidden" value="0WbpBJF9-cS-fAMl-ByHnl5hECj1JaZiBQ20"></form></div></div></div></div><div class="hidden-medium product-info-section-small"><div class="product-info-message-list"></div></div></div></div></div></div></li><li class="product-list--list-item"><div class="styles__StyledVerticalTileWrapper-dvv1wj-0 dtCNPH"><div data-auto="product-tile" data-auto-type="Quantity" data-auto-available="true" data-auto-is-restricted-disabled="false" data-auto-is-substitute="false" class="styles__StyledVerticalTile-dvv1wj-1 gSCsYK"><div class="styles__StyledTileContentWrapper-dvv1wj-2 bkNhNP beans"><div id="tile-284197533" data-auto-id="284197533" class="styles__StyledTiledContent-dvv1wj-3 bcglTg"><a href="https://www.tesco.com/groceries/en-GB/products/284197533" aria-hidden="true" class="product-image-wrapper" tabindex="1"><div class="product-image__container"><picture><img class="styled__Image-sjvkdn-0 bJErKA product-image beans-responsive-image__image" src="./tesco_html_brand_frozen_files/f987b37c-8bf1-4820-8490-97ca0d039c9c.jpeg" srcset="https://digitalcontent.api.tesco.com/v2/media/ghs/60022486-2779-4f2c-b539-0fc462b4ef80/f987b37c-8bf1-4820-8490-97ca0d039c9c.jpeg?h=225&amp;w=225 768w, https://digitalcontent.api.tesco.com/v2/media/ghs/60022486-2779-4f2c-b539-0fc462b4ef80/f987b37c-8bf1-4820-8490-97ca0d039c9c.jpeg?h=225&amp;w=225 4000w" alt="Mccain Crispy French Fries 1.4Kg"></picture></div></a><div class="product-details--wrapper"><h3 class="styles__H3-oa5soe-0 bCKNNq"><a href="https://www.tesco.com/groceries/en-GB/products/284197533" class="styled__Anchor-sc-1xbujuz-0 csVOnh beans-link__anchor" data-auto="product-tile--title"><span class="styled__Text-sc-1xbujuz-1 ldbwMG beans-link__text">Mccain Crispy French Fries 1.4Kg</span></a></h3><div class="styles__StyledProductDetailsContent-dvv1wj-5 ddRSrq"><a href="https://www.tesco.com/groceries/en-GB/reviews/submission/284197533?from=%2Fshop%2Ffrozen-food%2Fall" aria-label="Write a review for Mccain Crispy French Fries 1.4Kg" class="styled__Anchor-sc-1xbujuz-0 jSzuDt write-a-review-link beans-link__anchor" data-auto="review-link"><span class="styled__Text-sc-1xbujuz-1 fyDIEo beans-link__text">Write a review</span><span class="styled__IconContainer-sc-1xbujuz-2 bSauSL beans-link__icon-container"><svg aria-hidden="true" class="styled__SVG-xxa4wh-1 hQMCqc beans-link__icon beans-icon__svg" height="13.33" preserveAspectRatio="xMinYMax meet" viewBox="-1 0 12 20" width="8" xmlns="http://www.w3.org/2000/svg" color="currentColor"><path d="M1.312 1.348L10.276 10l-8.964 8.644" fill="none" stroke="currentColor"></path></svg></span></a><div><a href="https://www.tesco.com/groceries/en-GB/shop/frozen-food/frozen-chips-onion-rings-potatoes-and-rice/frozen-chips/frozen-french-fries" class="styled__Anchor-sc-1xbujuz-0 jSzuDt rest-of-shelf-link beans-link__anchor" data-auto="rest-of-shelf-link"><span class="styled__Text-sc-1xbujuz-1 fyDIEo beans-link__text">Rest of <span class="visually-hidden">Frozen French Fries</span> shelf</span><span class="styled__IconContainer-sc-1xbujuz-2 bSauSL beans-link__icon-container"><svg aria-hidden="true" class="styled__SVG-xxa4wh-1 hQMCqc beans-link__icon beans-icon__svg" height="13.33" preserveAspectRatio="xMinYMax meet" viewBox="-1 0 12 20" width="8" xmlns="http://www.w3.org/2000/svg" color="currentColor"><path d="M1.312 1.348L10.276 10l-8.964 8.644" fill="none" stroke="currentColor"></path></svg></span></a></div><div class="product-info-message-section"><div class="product-info-message-list"></div></div></div><div class="styles__StyledPromotionsWithBuyBoxWrapper-dvv1wj-8 cZskDh"><div class="styles__StyledPromotionsAboveMobile-dvv1wj-7 iPTMuo"><div class="styles__StyledPromotionsWithClubcardPriceContainer-sc-1vdpoop-0 bsPFbn"><div class="styles__StyledClubcardLogo-sc-1vdpoop-2 elOZEB"><div class="styles__Wrapper-sc-1d2phhy-0 hgBuQG undefined special-offer-sash"><span class="styles__CircleWrapper-sc-1d2phhy-2 hCbzjm"><strong class="styles__TextWrapper-sc-1d2phhy-1 bLXNGg">Clubcard Price</strong></span></div></div><a href="https://www.tesco.com/groceries/en-GB/promotions/88588881"><div class="styles__ProductPromotionStyling-sc-1vdpoop-3 WGKAK"><div class="styles__StyledPromotionsOfferContent-sc-1vdpoop-1 cPSekc"><span class="offer-text">£3.00 Clubcard Price</span></div><span class="dates">Offer valid for delivery from 22/11/2022 until 12/12/2022</span></div></a></div></div><div class="styles__StyledBuyBoxWrapper-dvv1wj-4 dSvjUC"><div class="styles__StyledBuyBoxContainer-sc-1wx0qp6-0 erryje" data-auto="buybox-container"><div class="styles__SafeFormWrapper-jtpu2t-0 lcrYKS"><form action="https://www.tesco.com/groceries/en-GB/trolley/items/284197533?_method=PUT" method="POST"><input type="submit" class="hidden"><input name="id" type="hidden" value="284197533"><input name="identifier" type="hidden" value="Page"><input name="anchorId" type="hidden" value="#tile-284197533"><input name="returnUrl" type="hidden" value="/groceries/en-GB/shop/frozen-food/all?redirectIfUnavailable=true#tile-284197533"><input name="backToUrl" type="hidden" value="#"><input name="oldValue" type="hidden" value="0"><input name="oldUnitChoice" type="hidden" value="pcs"><input name="newUnitChoice" type="hidden" value="pcs"><div class="base-components__RootElement-sc-1mosoyj-1 styled__Container-sc-6nhkzi-0 jptQqM hSNpTb beans-buybox__container"><div class="base-components__BaseElement-sc-1mosoyj-0 styled__PriceAndActions-sc-6nhkzi-3 oznwo eEPLov beans-buybox__price-and-actions"><div class="base-components__RootElement-sc-1mosoyj-1 styled__Container-sc-8qlq5b-0 jptQqM bgZrjw styled__StyledPrice-sc-6nhkzi-5 iYHeik beans-buybox__price beans-price__container"><p class="styled__StyledHeading-sc-119w3hf-2 jWPEtj styled__Text-sc-8qlq5b-1 lnaeiZ beans-price__text">£4.00</p><p class="styled__StyledFootnote-sc-119w3hf-7 icrlVF styled__Subtext-sc-8qlq5b-2 bNJmdc beans-price__subtext">£2.86/kg</p></div><div class="base-components__RootElement-sc-1mosoyj-1 styled__Container-vtxwzb-0 jptQqM bDFhXJ beans-buybox__actions beans-quantity-controls__container"><div class="base-components__RootElement-sc-1mosoyj-1 styled__Container-sc-16t2b2a-0 jptQqM PUfgZ styled__StyledFormGroup-vtxwzb-1 kzKuAr beans-quantity-controls__form-group beans-form-group__container"><label class="styled__StyledLabel-sc-1ttuvhr-0 izGEjV beans-form-group__label beans-label" for="quantity-controls-284197533">Quantity controls </label><div class="base-components__BaseElement-sc-1mosoyj-0 styled__Children-sc-16t2b2a-3 oznwo gdJvjO beans-form-group__children"><div class="styled__StyledQuantityControlWrapper-vtxwzb-6 LCxOg"><label id="quantity-controls-284197533-label" class="styled__VisuallyHiddenLabel-vtxwzb-7 gXlLiM">Quantity of Mccain Crispy French Fries 1.4Kg</label><div class="component__Wrapper-sc-1kpmik-3 dReplG input-wrapper"><input class="base-components__RootElement-sc-1mosoyj-1 styled__StyledInput-sc-1jd5f57-0 component__StyledAsInput-sc-1kpmik-4 jptQqM eJLlow styled__StyledInput-vtxwzb-3 lwMHo beans-quantity-controls__input beans-input" data-auto="beans-quantity-controls-input" autocomplete="off" id="quantity-controls-284197533" maxlength="2" name="newValue" type="number" aria-labelledby="quantity-controls-284197533-label" value="1"></div></div><button class="styled__BaseButton-rsekm1-0 styled__PrimaryButton-rsekm1-2 jChbeY geeWOF styled__StyledButton-vtxwzb-5 japAxb beans-quantity-controls__add-button beans-button__container" type="submit" data-auto="beans-quantity-controls-add-button" aria-label="Quantity of Mccain Crispy French Fries 1.4Kg"><span class="base-components__BaseElement-sc-1mosoyj-0 styled__InnerContainer-rsekm1-1 oznwo fuFres beans-button__inner-container"><span class="base-components__BaseElement-sc-1mosoyj-0 styled__TextSpan-rsekm1-4 oznwo GDiMp beans-button__text">Add</span></span></button></div></div></div></div></div><input name="_csrf" type="hidden" value="0WbpBJF9-cS-fAMl-ByHnl5hECj1JaZiBQ20"></form></div></div></div></div></div><div class="hidden-medium product-info-section-small"><div class="product-info-message-list"></div></div></div><div class="styles__StyledPromotionsMobile-dvv1wj-6 Bxaeb"><div><div class="styles__StyledPromotionsWithClubcardPriceContainer-sc-1vdpoop-0 bsPFbn"><div class="styles__StyledClubcardLogo-sc-1vdpoop-2 elOZEB"><div class="styles__Wrapper-sc-1d2phhy-0 hgBuQG undefined special-offer-sash"><span class="styles__CircleWrapper-sc-1d2phhy-2 hCbzjm"><strong class="styles__TextWrapper-sc-1d2phhy-1 bLXNGg">Clubcard Price</strong></span></div></div><a href="https://www.tesco.com/groceries/en-GB/promotions/88588881"><div class="styles__ProductPromotionStyling-sc-1vdpoop-3 WGKAK"><div class="styles__StyledPromotionsOfferContent-sc-1vdpoop-1 cPSekc"><span class="offer-text">£3.00 Clubcard Price</span></div><span class="dates">Offer valid for delivery from 22/11/2022 until 12/12/2022</span></div></a></div></div></div></div></div></div></li><li class="product-list--list-item"><div class="styles__StyledVerticalTileWrapper-dvv1wj-0 dtCNPH"><div data-auto="product-tile" data-auto-type="Quantity" data-auto-available="true" data-auto-is-restricted-disabled="false" data-auto-is-substitute="false" class="styles__StyledVerticalTile-dvv1wj-1 gSCsYK"><div class="styles__StyledTileContentWrapper-dvv1wj-2 bkNhNP beans"><div id="tile-272423694" data-auto-id="272423694" class="styles__StyledTiledContent-dvv1wj-3 bcglTg"><a href="https://www.tesco.com/groceries/en-GB/products/272423694" aria-hidden="true" class="product-image-wrapper" tabindex="1"><div class="product-image__container"><picture><img class="styled__Image-sjvkdn-0 bJErKA product-image beans-responsive-image__image" src="data:image/gif;base64,R0lGODlhAQABAAAAACH5BAEKAAEALAAAAAABAAEAAAICTAEAOw==" srcset="https://digitalcontent.api.tesco.com/v2/media/ghs/ebbfab16-c21b-42bc-a046-b945bb1e461d/91c68848-1ad2-4720-b806-cb80baa1092f.jpeg?h=225&amp;w=225 768w, data:image/gif;base64,R0lGODlhAQABAAAAACH5BAEKAAEALAAAAAABAAEAAAICTAEAOw== 4000w" alt="Mccain 4 Ready Baked Jackets 800G"></picture></div></a><div class="product-details--wrapper"><h3 class="styles__H3-oa5soe-0 bCKNNq"><a href="https://www.tesco.com/groceries/en-GB/products/272423694" class="styled__Anchor-sc-1xbujuz-0 csVOnh beans-link__anchor" data-auto="product-tile--title"><span class="styled__Text-sc-1xbujuz-1 ldbwMG beans-link__text">Mccain 4 Ready Baked Jackets 800G</span></a></h3><div class="styles__StyledProductDetailsContent-dvv1wj-5 ddRSrq"><a href="https://www.tesco.com/groceries/en-GB/reviews/submission/272423694?from=%2Fshop%2Ffrozen-food%2Fall" aria-label="Write a review for Mccain 4 Ready Baked Jackets 800G" class="styled__Anchor-sc-1xbujuz-0 jSzuDt write-a-review-link beans-link__anchor" data-auto="review-link"><span class="styled__Text-sc-1xbujuz-1 fyDIEo beans-link__text">Write a review</span><span class="styled__IconContainer-sc-1xbujuz-2 bSauSL beans-link__icon-container"><svg aria-hidden="true" class="styled__SVG-xxa4wh-1 hQMCqc beans-link__icon beans-icon__svg" height="13.33" preserveAspectRatio="xMinYMax meet" viewBox="-1 0 12 20" width="8" xmlns="http://www.w3.org/2000/svg" color="currentColor"><path d="M1.312 1.348L10.276 10l-8.964 8.644" fill="none" stroke="currentColor"></path></svg></span></a><div><a href="https://www.tesco.com/groceries/en-GB/shop/frozen-food/frozen-chips-onion-rings-potatoes-and-rice/frozen-potatoes/frozen-jacket-potatoes" class="styled__Anchor-sc-1xbujuz-0 jSzuDt rest-of-shelf-link beans-link__anchor" data-auto="rest-of-shelf-link"><span class="styled__Text-sc-1xbujuz-1 fyDIEo beans-link__text">Rest of <span class="visually-hidden">Frozen Jacket Potatoes</span> shelf</span><span class="styled__IconContainer-sc-1xbujuz-2 bSauSL beans-link__icon-container"><svg aria-hidden="true" class="styled__SVG-xxa4wh-1 hQMCqc beans-link__icon beans-icon__svg" height="13.33" preserveAspectRatio="xMinYMax meet" viewBox="-1 0 12 20" width="8" xmlns="http://www.w3.org/2000/svg" color="currentColor"><path d="M1.312 1.348L10.276 10l-8.964 8.644" fill="none" stroke="currentColor"></path></svg></span></a></div><div class="product-info-message-section"><div class="product-info-message-list"></div></div></div><div class="styles__StyledPromotionsWithBuyBoxWrapper-dvv1wj-8 cZskDh"><div class="styles__StyledPromotionsAboveMobile-dvv1wj-7 iPTMuo"><div class="styles__StyledPromotionsWithClubcardPriceContainer-sc-1vdpoop-0 bsPFbn"><div class="styles__StyledClubcardLogo-sc-1vdpoop-2 elOZEB"><div class="styles__Wrapper-sc-1d2phhy-0 hgBuQG undefined special-offer-sash"><span class="styles__CircleWrapper-sc-1d2phhy-2 hCbzjm"><strong class="styles__TextWrapper-sc-1d2phhy-1 bLXNGg">Clubcard Price</strong></span></div></div><a href="https://www.tesco.com/groceries/en-GB/promotions/88588879"><div class="styles__ProductPromotionStyling-sc-1vdpoop-3 WGKAK"><div class="styles__StyledPromotionsOfferContent-sc-1vdpoop-1 cPSekc"><span class="offer-text">£2.50 Clubcard Price</span></div><span class="dates">Offer valid for delivery from 22/11/2022 until 12/12/2022</span></div></a></div></div><div class="styles__StyledBuyBoxWrapper-dvv1wj-4 dSvjUC"><div class="styles__StyledBuyBoxContainer-sc-1wx0qp6-0 erryje" data-auto="buybox-container"><div class="styles__SafeFormWrapper-jtpu2t-0 lcrYKS"><form action="https://www.tesco.com/groceries/en-GB/trolley/items/272423694?_method=PUT" method="POST"><input type="submit" class="hidden"><input name="id" type="hidden" value="272423694"><input name="identifier" type="hidden" value="Page"><input name="anchorId" type="hidden" value="#tile-272423694"><input name="returnUrl" type="hidden" value="/groceries/en-GB/shop/frozen-food/all?redirectIfUnavailable=true#tile-272423694"><input name="backToUrl" type="hidden" value="#"><input name="oldValue" type="hidden" value="0"><input name="oldUnitChoice" type="hidden" value="pcs"><input name="newUnitChoice" type="hidden" value="pcs"><div class="base-components__RootElement-sc-1mosoyj-1 styled__Container-sc-6nhkzi-0 jptQqM hSNpTb beans-buybox__container"><div class="base-components__BaseElement-sc-1mosoyj-0 styled__PriceAndActions-sc-6nhkzi-3 oznwo eEPLov beans-buybox__price-and-actions"><div class="base-components__RootElement-sc-1mosoyj-1 styled__Container-sc-8qlq5b-0 jptQqM bgZrjw styled__StyledPrice-sc-6nhkzi-5 iYHeik beans-buybox__price beans-price__container"><p class="styled__StyledHeading-sc-119w3hf-2 jWPEtj styled__Text-sc-8qlq5b-1 lnaeiZ beans-price__text">£3.30</p><p class="styled__StyledFootnote-sc-119w3hf-7 icrlVF styled__Subtext-sc-8qlq5b-2 bNJmdc beans-price__subtext">£4.13/kg</p></div><div class="base-components__RootElement-sc-1mosoyj-1 styled__Container-vtxwzb-0 jptQqM bDFhXJ beans-buybox__actions beans-quantity-controls__container"><div class="base-components__RootElement-sc-1mosoyj-1 styled__Container-sc-16t2b2a-0 jptQqM PUfgZ styled__StyledFormGroup-vtxwzb-1 kzKuAr beans-quantity-controls__form-group beans-form-group__container"><label class="styled__StyledLabel-sc-1ttuvhr-0 izGEjV beans-form-group__label beans-label" for="quantity-controls-272423694">Quantity controls </label><div class="base-components__BaseElement-sc-1mosoyj-0 styled__Children-sc-16t2b2a-3 oznwo gdJvjO beans-form-group__children"><div class="styled__StyledQuantityControlWrapper-vtxwzb-6 LCxOg"><label id="quantity-controls-272423694-label" class="styled__VisuallyHiddenLabel-vtxwzb-7 gXlLiM">Quantity of Mccain 4 Ready Baked Jackets 800G</label><div class="component__Wrapper-sc-1kpmik-3 dReplG input-wrapper"><input class="base-components__RootElement-sc-1mosoyj-1 styled__StyledInput-sc-1jd5f57-0 component__StyledAsInput-sc-1kpmik-4 jptQqM eJLlow styled__StyledInput-vtxwzb-3 lwMHo beans-quantity-controls__input beans-input" data-auto="beans-quantity-controls-input" autocomplete="off" id="quantity-controls-272423694" maxlength="2" name="newValue" type="number" aria-labelledby="quantity-controls-272423694-label" value="1"></div></div><button class="styled__BaseButton-rsekm1-0 styled__PrimaryButton-rsekm1-2 jChbeY geeWOF styled__StyledButton-vtxwzb-5 japAxb beans-quantity-controls__add-button beans-button__container" type="submit" data-auto="beans-quantity-controls-add-button" aria-label="Quantity of Mccain 4 Ready Baked Jackets 800G"><span class="base-components__BaseElement-sc-1mosoyj-0 styled__InnerContainer-rsekm1-1 oznwo fuFres beans-button__inner-container"><span class="base-components__BaseElement-sc-1mosoyj-0 styled__TextSpan-rsekm1-4 oznwo GDiMp beans-button__text">Add</span></span></button></div></div></div></div></div><input name="_csrf" type="hidden" value="0WbpBJF9-cS-fAMl-ByHnl5hECj1JaZiBQ20"></form></div></div></div></div></div><div class="hidden-medium product-info-section-small"><div class="product-info-message-list"></div></div></div><div class="styles__StyledPromotionsMobile-dvv1wj-6 Bxaeb"><div><div class="styles__StyledPromotionsWithClubcardPriceContainer-sc-1vdpoop-0 bsPFbn"><div class="styles__StyledClubcardLogo-sc-1vdpoop-2 elOZEB"><div class="styles__Wrapper-sc-1d2phhy-0 hgBuQG undefined special-offer-sash"><span class="styles__CircleWrapper-sc-1d2phhy-2 hCbzjm"><strong class="styles__TextWrapper-sc-1d2phhy-1 bLXNGg">Clubcard Price</strong></span></div></div><a href="https://www.tesco.com/groceries/en-GB/promotions/88588879"><div class="styles__ProductPromotionStyling-sc-1vdpoop-3 WGKAK"><div class="styles__StyledPromotionsOfferContent-sc-1vdpoop-1 cPSekc"><span class="offer-text">£2.50 Clubcard Price</span></div><span class="dates">Offer valid for delivery from 22/11/2022 until 12/12/2022</span></div></a></div></div></div></div></div></div></li><li class="product-list--list-item"><div class="styles__StyledVerticalTileWrapper-dvv1wj-0 dtCNPH"><div data-auto="product-tile" data-auto-type="Quantity" data-auto-available="true" data-auto-is-restricted-disabled="false" data-auto-is-substitute="false" class="styles__StyledVerticalTile-dvv1wj-1 gSCsYK"><div class="styles__StyledTileContentWrapper-dvv1wj-2 bkNhNP beans"><div id="tile-305941744" data-auto-id="305941744" class="styles__StyledTiledContent-dvv1wj-3 bcglTg"><a href="https://www.tesco.com/groceries/en-GB/products/305941744" aria-hidden="true" class="product-image-wrapper" tabindex="1"><div class="product-image__container"><picture><img class="styled__Image-sjvkdn-0 bJErKA product-image beans-responsive-image__image" src="data:image/gif;base64,R0lGODlhAQABAAAAACH5BAEKAAEALAAAAAABAAEAAAICTAEAOw==" srcset="https://digitalcontent.api.tesco.com/v2/media/ghs/dd7c4cf4-774d-4b41-afd8-cc0500c2d2bb/0d8e5071-a039-419f-b582-57d713063de6.jpeg?h=225&amp;w=225 768w, data:image/gif;base64,R0lGODlhAQABAAAAACH5BAEKAAEALAAAAAABAAEAAAICTAEAOw== 4000w" alt="Mccain Home Chips Straight Cut 1Kg"></picture></div></a><div class="product-details--wrapper"><h3 class="styles__H3-oa5soe-0 bCKNNq"><a href="https://www.tesco.com/groceries/en-GB/products/305941744" class="styled__Anchor-sc-1xbujuz-0 csVOnh beans-link__anchor" data-auto="product-tile--title"><span class="styled__Text-sc-1xbujuz-1 ldbwMG beans-link__text">Mccain Home Chips Straight Cut 1Kg</span></a></h3><div class="styles__StyledPromotionsAboveMobile-dvv1wj-7 iPTMuo"></div><div class="styles__StyledProductDetailsContent-dvv1wj-5 ddRSrq"><a href="https://www.tesco.com/groceries/en-GB/reviews/submission/305941744?from=%2Fshop%2Ffrozen-food%2Fall" aria-label="Write a review for Mccain Home Chips Straight Cut 1Kg" class="styled__Anchor-sc-1xbujuz-0 jSzuDt write-a-review-link beans-link__anchor" data-auto="review-link"><span class="styled__Text-sc-1xbujuz-1 fyDIEo beans-link__text">Write a review</span><span class="styled__IconContainer-sc-1xbujuz-2 bSauSL beans-link__icon-container"><svg aria-hidden="true" class="styled__SVG-xxa4wh-1 hQMCqc beans-link__icon beans-icon__svg" height="13.33" preserveAspectRatio="xMinYMax meet" viewBox="-1 0 12 20" width="8" xmlns="http://www.w3.org/2000/svg" color="currentColor"><path d="M1.312 1.348L10.276 10l-8.964 8.644" fill="none" stroke="currentColor"></path></svg></span></a><div><a href="https://www.tesco.com/groceries/en-GB/shop/frozen-food/frozen-chips-onion-rings-potatoes-and-rice/frozen-chips/frozen-home-chips" class="styled__Anchor-sc-1xbujuz-0 jSzuDt rest-of-shelf-link beans-link__anchor" data-auto="rest-of-shelf-link"><span class="styled__Text-sc-1xbujuz-1 fyDIEo beans-link__text">Rest of <span class="visually-hidden">Frozen Home Chips</span> shelf</span><span class="styled__IconContainer-sc-1xbujuz-2 bSauSL beans-link__icon-container"><svg aria-hidden="true" class="styled__SVG-xxa4wh-1 hQMCqc beans-link__icon beans-icon__svg" height="13.33" preserveAspectRatio="xMinYMax meet" viewBox="-1 0 12 20" width="8" xmlns="http://www.w3.org/2000/svg" color="currentColor"><path d="M1.312 1.348L10.276 10l-8.964 8.644" fill="none" stroke="currentColor"></path></svg></span></a></div><div class="product-info-message-section"><div class="product-info-message-list"></div></div></div><div class="styles__StyledBuyBoxWrapper-dvv1wj-4 dSvjUC"><div class="styles__StyledBuyBoxContainer-sc-1wx0qp6-0 erryje" data-auto="buybox-container"><div class="styles__SafeFormWrapper-jtpu2t-0 lcrYKS"><form action="https://www.tesco.com/groceries/en-GB/trolley/items/305941744?_method=PUT" method="POST"><input type="submit" class="hidden"><input name="id" type="hidden" value="305941744"><input name="identifier" type="hidden" value="Page"><input name="anchorId" type="hidden" value="#tile-305941744"><input name="returnUrl" type="hidden" value="/groceries/en-GB/shop/frozen-food/all?redirectIfUnavailable=true#tile-305941744"><input name="backToUrl" type="hidden" value="#"><input name="oldValue" type="hidden" value="0"><input name="oldUnitChoice" type="hidden" value="pcs"><input name="newUnitChoice" type="hidden" value="pcs"><div class="base-components__RootElement-sc-1mosoyj-1 styled__Container-sc-6nhkzi-0 jptQqM hSNpTb beans-buybox__container"><div class="base-components__BaseElement-sc-1mosoyj-0 styled__PriceAndActions-sc-6nhkzi-3 oznwo eEPLov beans-buybox__price-and-actions"><div class="base-components__RootElement-sc-1mosoyj-1 styled__Container-sc-8qlq5b-0 jptQqM bgZrjw styled__StyledPrice-sc-6nhkzi-5 iYHeik beans-buybox__price beans-price__container"><p class="styled__StyledHeading-sc-119w3hf-2 jWPEtj styled__Text-sc-8qlq5b-1 lnaeiZ beans-price__text">£3.00</p><p class="styled__StyledFootnote-sc-119w3hf-7 icrlVF styled__Subtext-sc-8qlq5b-2 bNJmdc beans-price__subtext">£3.00/kg</p></div><div class="base-components__RootElement-sc-1mosoyj-1 styled__Container-vtxwzb-0 jptQqM bDFhXJ beans-buybox__actions beans-quantity-controls__container"><div class="base-components__RootElement-sc-1mosoyj-1 styled__Container-sc-16t2b2a-0 jptQqM PUfgZ styled__StyledFormGroup-vtxwzb-1 kzKuAr beans-quantity-controls__form-group beans-form-group__container"><label class="styled__StyledLabel-sc-1ttuvhr-0 izGEjV beans-form-group__label beans-label" for="quantity-controls-305941744">Quantity controls </label><div class="base-components__BaseElement-sc-1mosoyj-0 styled__Children-sc-16t2b2a-3 oznwo gdJvjO beans-form-group__children"><div class="styled__StyledQuantityControlWrapper-vtxwzb-6 LCxOg"><label id="quantity-controls-305941744-label" class="styled__VisuallyHiddenLabel-vtxwzb-7 gXlLiM">Quantity of Mccain Home Chips Straight Cut 1Kg</label><div class="component__Wrapper-sc-1kpmik-3 dReplG input-wrapper"><input class="base-components__RootElement-sc-1mosoyj-1 styled__StyledInput-sc-1jd5f57-0 component__StyledAsInput-sc-1kpmik-4 jptQqM eJLlow styled__StyledInput-vtxwzb-3 lwMHo beans-quantity-controls__input beans-input" data-auto="beans-quantity-controls-input" autocomplete="off" id="quantity-controls-305941744" maxlength="2" name="newValue" type="number" aria-labelledby="quantity-controls-305941744-label" value="1"></div></div><button class="styled__BaseButton-rsekm1-0 styled__PrimaryButton-rsekm1-2 jChbeY geeWOF styled__StyledButton-vtxwzb-5 japAxb beans-quantity-controls__add-button beans-button__container" type="submit" data-auto="beans-quantity-controls-add-button" aria-label="Quantity of Mccain Home Chips Straight Cut 1Kg"><span class="base-components__BaseElement-sc-1mosoyj-0 styled__InnerContainer-rsekm1-1 oznwo fuFres beans-button__inner-container"><span class="base-components__BaseElement-sc-1mosoyj-0 styled__TextSpan-rsekm1-4 oznwo GDiMp beans-button__text">Add</span></span></button></div></div></div></div></div><input name="_csrf" type="hidden" value="0WbpBJF9-cS-fAMl-ByHnl5hECj1JaZiBQ20"></form></div></div></div></div><div class="hidden-medium product-info-section-small"><div class="product-info-message-list"></div></div></div></div></div></div></li><li class="product-list--list-item"><div class="styles__StyledVerticalTileWrapper-dvv1wj-0 dtCNPH"><div data-auto="product-tile" data-auto-type="Quantity" data-auto-available="true" data-auto-is-restricted-disabled="false" data-auto-is-substitute="false" class="styles__StyledVerticalTile-dvv1wj-1 gSCsYK"><div class="styles__StyledTileContentWrapper-dvv1wj-2 bkNhNP beans"><div id="tile-282796985" data-auto-id="282796985" class="styles__StyledTiledContent-dvv1wj-3 bcglTg"><a href="https://www.tesco.com/groceries/en-GB/products/282796985" aria-hidden="true" class="product-image-wrapper" tabindex="1"><div class="product-image__container"><picture><img class="styled__Image-sjvkdn-0 bJErKA product-image beans-responsive-image__image" src="data:image/gif;base64,R0lGODlhAQABAAAAACH5BAEKAAEALAAAAAABAAEAAAICTAEAOw==" srcset="https://digitalcontent.api.tesco.com/v2/media/ghs/d8995b18-5873-4009-9d66-26b674921e19/0693e68f-d739-4ed1-8459-80c560ff53a0.jpeg?h=225&amp;w=225 768w, data:image/gif;base64,R0lGODlhAQABAAAAACH5BAEKAAEALAAAAAABAAEAAAICTAEAOw== 4000w" alt="Mars Ice Cream 4 X 51G"></picture></div></a><div class="product-details--wrapper"><h3 class="styles__H3-oa5soe-0 bCKNNq"><a href="https://www.tesco.com/groceries/en-GB/products/282796985" class="styled__Anchor-sc-1xbujuz-0 csVOnh beans-link__anchor" data-auto="product-tile--title"><span class="styled__Text-sc-1xbujuz-1 ldbwMG beans-link__text">Mars Ice Cream 4 X 51G</span></a></h3><div class="styles__StyledPromotionsAboveMobile-dvv1wj-7 iPTMuo"></div><div class="styles__StyledProductDetailsContent-dvv1wj-5 ddRSrq"><a href="https://www.tesco.com/groceries/en-GB/reviews/submission/282796985?from=%2Fshop%2Ffrozen-food%2Fall" aria-label="Write a review for Mars Ice Cream 4 X 51G" class="styled__Anchor-sc-1xbujuz-0 jSzuDt write-a-review-link beans-link__anchor" data-auto="review-link"><span class="styled__Text-sc-1xbujuz-1 fyDIEo beans-link__text">Write a review</span><span class="styled__IconContainer-sc-1xbujuz-2 bSauSL beans-link__icon-container"><svg aria-hidden="true" class="styled__SVG-xxa4wh-1 hQMCqc beans-link__icon beans-icon__svg" height="13.33" preserveAspectRatio="xMinYMax meet" viewBox="-1 0 12 20" width="8" xmlns="http://www.w3.org/2000/svg" color="currentColor"><path d="M1.312 1.348L10.276 10l-8.964 8.644" fill="none" stroke="currentColor"></path></svg></span></a><div><a href="https://www.tesco.com/groceries/en-GB/shop/frozen-food/ice-cream-ice-lollies-and-frozen-desserts/ice-cream-sticks/ice-cream-sticks" class="styled__Anchor-sc-1xbujuz-0 jSzuDt rest-of-shelf-link beans-link__anchor" data-auto="rest-of-shelf-link"><span class="styled__Text-sc-1xbujuz-1 fyDIEo beans-link__text">Rest of <span class="visually-hidden">Ice Cream Sticks</span> shelf</span><span class="styled__IconContainer-sc-1xbujuz-2 bSauSL beans-link__icon-container"><svg aria-hidden="true" class="styled__SVG-xxa4wh-1 hQMCqc beans-link__icon beans-icon__svg" height="13.33" preserveAspectRatio="xMinYMax meet" viewBox="-1 0 12 20" width="8" xmlns="http://www.w3.org/2000/svg" color="currentColor"><path d="M1.312 1.348L10.276 10l-8.964 8.644" fill="none" stroke="currentColor"></path></svg></span></a></div><div class="product-info-message-section"><div class="product-info-message-list"></div></div></div><div class="styles__StyledBuyBoxWrapper-dvv1wj-4 dSvjUC"><div class="styles__StyledBuyBoxContainer-sc-1wx0qp6-0 erryje" data-auto="buybox-container"><div class="styles__SafeFormWrapper-jtpu2t-0 lcrYKS"><form action="https://www.tesco.com/groceries/en-GB/trolley/items/282796985?_method=PUT" method="POST"><input type="submit" class="hidden"><input name="id" type="hidden" value="282796985"><input name="identifier" type="hidden" value="Page"><input name="anchorId" type="hidden" value="#tile-282796985"><input name="returnUrl" type="hidden" value="/groceries/en-GB/shop/frozen-food/all?redirectIfUnavailable=true#tile-282796985"><input name="backToUrl" type="hidden" value="#"><input name="oldValue" type="hidden" value="0"><input name="oldUnitChoice" type="hidden" value="pcs"><input name="newUnitChoice" type="hidden" value="pcs"><div class="base-components__RootElement-sc-1mosoyj-1 styled__Container-sc-6nhkzi-0 jptQqM hSNpTb beans-buybox__container"><div class="base-components__BaseElement-sc-1mosoyj-0 styled__PriceAndActions-sc-6nhkzi-3 oznwo eEPLov beans-buybox__price-and-actions"><div class="base-components__RootElement-sc-1mosoyj-1 styled__Container-sc-8qlq5b-0 jptQqM bgZrjw styled__StyledPrice-sc-6nhkzi-5 iYHeik beans-buybox__price beans-price__container"><p class="styled__StyledHeading-sc-119w3hf-2 jWPEtj styled__Text-sc-8qlq5b-1 lnaeiZ beans-price__text">£2.50</p><p class="styled__StyledFootnote-sc-119w3hf-7 icrlVF styled__Subtext-sc-8qlq5b-2 bNJmdc beans-price__subtext">£1.23/100ml</p></div><div class="base-components__RootElement-sc-1mosoyj-1 styled__Container-vtxwzb-0 jptQqM bDFhXJ beans-buybox__actions beans-quantity-controls__container"><div class="base-components__RootElement-sc-1mosoyj-1 styled__Container-sc-16t2b2a-0 jptQqM PUfgZ styled__StyledFormGroup-vtxwzb-1 kzKuAr beans-quantity-controls__form-group beans-form-group__container"><label class="styled__StyledLabel-sc-1ttuvhr-0 izGEjV beans-form-group__label beans-label" for="quantity-controls-282796985">Quantity controls </label><div class="base-components__BaseElement-sc-1mosoyj-0 styled__Children-sc-16t2b2a-3 oznwo gdJvjO beans-form-group__children"><div class="styled__StyledQuantityControlWrapper-vtxwzb-6 LCxOg"><label id="quantity-controls-282796985-label" class="styled__VisuallyHiddenLabel-vtxwzb-7 gXlLiM">Quantity of Mars Ice Cream 4 X 51G</label><div class="component__Wrapper-sc-1kpmik-3 dReplG input-wrapper"><input class="base-components__RootElement-sc-1mosoyj-1 styled__StyledInput-sc-1jd5f57-0 component__StyledAsInput-sc-1kpmik-4 jptQqM eJLlow styled__StyledInput-vtxwzb-3 lwMHo beans-quantity-controls__input beans-input" data-auto="beans-quantity-controls-input" autocomplete="off" id="quantity-controls-282796985" maxlength="2" name="newValue" type="number" aria-labelledby="quantity-controls-282796985-label" value="1"></div></div><button class="styled__BaseButton-rsekm1-0 styled__PrimaryButton-rsekm1-2 jChbeY geeWOF styled__StyledButton-vtxwzb-5 japAxb beans-quantity-controls__add-button beans-button__container" type="submit" data-auto="beans-quantity-controls-add-button" aria-label="Quantity of Mars Ice Cream 4 X 51G"><span class="base-components__BaseElement-sc-1mosoyj-0 styled__InnerContainer-rsekm1-1 oznwo fuFres beans-button__inner-container"><span class="base-components__BaseElement-sc-1mosoyj-0 styled__TextSpan-rsekm1-4 oznwo GDiMp beans-button__text">Add</span></span></button></div></div></div></div></div><input name="_csrf" type="hidden" value="0WbpBJF9-cS-fAMl-ByHnl5hECj1JaZiBQ20"></form></div></div></div></div><div class="hidden-medium product-info-section-small"><div class="product-info-message-list"></div></div></div></div></div></div></li><li class="product-list--list-item"><div class="styles__StyledVerticalTileWrapper-dvv1wj-0 dtCNPH"><div data-auto="product-tile" data-auto-type="Quantity" data-auto-available="true" data-auto-is-restricted-disabled="false" data-auto-is-substitute="false" class="styles__StyledVerticalTile-dvv1wj-1 gSCsYK"><div class="styles__StyledTileContentWrapper-dvv1wj-2 bkNhNP beans"><div id="tile-296092080" data-auto-id="296092080" class="styles__StyledTiledContent-dvv1wj-3 bcglTg"><a href="https://www.tesco.com/groceries/en-GB/products/296092080" aria-hidden="true" class="product-image-wrapper" tabindex="1"><div class="product-image__container"><picture><img class="styled__Image-sjvkdn-0 bJErKA product-image beans-responsive-image__image" src="data:image/gif;base64,R0lGODlhAQABAAAAACH5BAEKAAEALAAAAAABAAEAAAICTAEAOw==" srcset="https://digitalcontent.api.tesco.com/v2/media/ghs/54f69238-4074-44c7-9fb8-7bdfe81433b0/59aac4f2-bbb1-447b-8a0a-6ebc3c216296.jpeg?h=225&amp;w=225 768w, data:image/gif;base64,R0lGODlhAQABAAAAACH5BAEKAAEALAAAAAABAAEAAAICTAEAOw== 4000w" alt="Birds Eye 2 Crispy Chicken 170G"></picture></div></a><div class="product-details--wrapper"><h3 class="styles__H3-oa5soe-0 bCKNNq"><a href="https://www.tesco.com/groceries/en-GB/products/296092080" class="styled__Anchor-sc-1xbujuz-0 csVOnh beans-link__anchor" data-auto="product-tile--title"><span class="styled__Text-sc-1xbujuz-1 ldbwMG beans-link__text">Birds Eye 2 Crispy Chicken 170G</span></a></h3><div class="styles__StyledPromotionsAboveMobile-dvv1wj-7 iPTMuo"></div><div class="styles__StyledProductDetailsContent-dvv1wj-5 ddRSrq"><a href="https://www.tesco.com/groceries/en-GB/reviews/submission/296092080?from=%2Fshop%2Ffrozen-food%2Fall" aria-label="Write a review for Birds Eye 2 Crispy Chicken 170G" class="styled__Anchor-sc-1xbujuz-0 jSzuDt write-a-review-link beans-link__anchor" data-auto="review-link"><span class="styled__Text-sc-1xbujuz-1 fyDIEo beans-link__text">Write a review</span><span class="styled__IconContainer-sc-1xbujuz-2 bSauSL beans-link__icon-container"><svg aria-hidden="true" class="styled__SVG-xxa4wh-1 hQMCqc beans-link__icon beans-icon__svg" height="13.33" preserveAspectRatio="xMinYMax meet" viewBox="-1 0 12 20" width="8" xmlns="http://www.w3.org/2000/svg" color="currentColor"><path d="M1.312 1.348L10.276 10l-8.964 8.644" fill="none" stroke="currentColor"></path></svg></span></a><div><a href="https://www.tesco.com/groceries/en-GB/shop/frozen-food/frozen-meat-and-poultry/frozen-breaded-chicken/frozen-chicken-burgers-and-crispy-chicken" class="styled__Anchor-sc-1xbujuz-0 jSzuDt rest-of-shelf-link beans-link__anchor" data-auto="rest-of-shelf-link"><span class="styled__Text-sc-1xbujuz-1 fyDIEo beans-link__text">Rest of <span class="visually-hidden">Frozen Chicken Burgers &amp; Crispy Chicken</span> shelf</span><span class="styled__IconContainer-sc-1xbujuz-2 bSauSL beans-link__icon-container"><svg aria-hidden="true" class="styled__SVG-xxa4wh-1 hQMCqc beans-link__icon beans-icon__svg" height="13.33" preserveAspectRatio="xMinYMax meet" viewBox="-1 0 12 20" width="8" xmlns="http://www.w3.org/2000/svg" color="currentColor"><path d="M1.312 1.348L10.276 10l-8.964 8.644" fill="none" stroke="currentColor"></path></svg></span></a></div><div class="product-info-message-section"><div class="product-info-message-list"></div></div></div><div class="styles__StyledBuyBoxWrapper-dvv1wj-4 dSvjUC"><div class="styles__StyledBuyBoxContainer-sc-1wx0qp6-0 erryje" data-auto="buybox-container"><div class="styles__SafeFormWrapper-jtpu2t-0 lcrYKS"><form action="https://www.tesco.com/groceries/en-GB/trolley/items/296092080?_method=PUT" method="POST"><input type="submit" class="hidden"><input name="id" type="hidden" value="296092080"><input name="identifier" type="hidden" value="Page"><input name="anchorId" type="hidden" value="#tile-296092080"><input name="returnUrl" type="hidden" value="/groceries/en-GB/shop/frozen-food/all?redirectIfUnavailable=true#tile-296092080"><input name="backToUrl" type="hidden" value="#"><input name="oldValue" type="hidden" value="0"><input name="oldUnitChoice" type="hidden" value="pcs"><input name="newUnitChoice" type="hidden" value="pcs"><div class="base-components__RootElement-sc-1mosoyj-1 styled__Container-sc-6nhkzi-0 jptQqM hSNpTb beans-buybox__container"><div class="base-components__BaseElement-sc-1mosoyj-0 styled__PriceAndActions-sc-6nhkzi-3 oznwo eEPLov beans-buybox__price-and-actions"><div class="base-components__RootElement-sc-1mosoyj-1 styled__Container-sc-8qlq5b-0 jptQqM bgZrjw styled__StyledPrice-sc-6nhkzi-5 iYHeik beans-buybox__price beans-price__container"><p class="styled__StyledHeading-sc-119w3hf-2 jWPEtj styled__Text-sc-8qlq5b-1 lnaeiZ beans-price__text">£2.70</p><p class="styled__StyledFootnote-sc-119w3hf-7 icrlVF styled__Subtext-sc-8qlq5b-2 bNJmdc beans-price__subtext">£15.89/kg</p></div><div class="base-components__RootElement-sc-1mosoyj-1 styled__Container-vtxwzb-0 jptQqM bDFhXJ beans-buybox__actions beans-quantity-controls__container"><div class="base-components__RootElement-sc-1mosoyj-1 styled__Container-sc-16t2b2a-0 jptQqM PUfgZ styled__StyledFormGroup-vtxwzb-1 kzKuAr beans-quantity-controls__form-group beans-form-group__container"><label class="styled__StyledLabel-sc-1ttuvhr-0 izGEjV beans-form-group__label beans-label" for="quantity-controls-296092080">Quantity controls </label><div class="base-components__BaseElement-sc-1mosoyj-0 styled__Children-sc-16t2b2a-3 oznwo gdJvjO beans-form-group__children"><div class="styled__StyledQuantityControlWrapper-vtxwzb-6 LCxOg"><label id="quantity-controls-296092080-label" class="styled__VisuallyHiddenLabel-vtxwzb-7 gXlLiM">Quantity of Birds Eye 2 Crispy Chicken 170G</label><div class="component__Wrapper-sc-1kpmik-3 dReplG input-wrapper"><input class="base-components__RootElement-sc-1mosoyj-1 styled__StyledInput-sc-1jd5f57-0 component__StyledAsInput-sc-1kpmik-4 jptQqM eJLlow styled__StyledInput-vtxwzb-3 lwMHo beans-quantity-controls__input beans-input" data-auto="beans-quantity-controls-input" autocomplete="off" id="quantity-controls-296092080" maxlength="2" name="newValue" type="number" aria-labelledby="quantity-controls-296092080-label" value="1"></div></div><button class="styled__BaseButton-rsekm1-0 styled__PrimaryButton-rsekm1-2 jChbeY geeWOF styled__StyledButton-vtxwzb-5 japAxb beans-quantity-controls__add-button beans-button__container" type="submit" data-auto="beans-quantity-controls-add-button" aria-label="Quantity of Birds Eye 2 Crispy Chicken 170G"><span class="base-components__BaseElement-sc-1mosoyj-0 styled__InnerContainer-rsekm1-1 oznwo fuFres beans-button__inner-container"><span class="base-components__BaseElement-sc-1mosoyj-0 styled__TextSpan-rsekm1-4 oznwo GDiMp beans-button__text">Add</span></span></button></div></div></div></div></div><input name="_csrf" type="hidden" value="0WbpBJF9-cS-fAMl-ByHnl5hECj1JaZiBQ20"></form></div></div></div></div><div class="hidden-medium product-info-section-small"><div class="product-info-message-list"></div></div></div></div></div></div></li><li class="product-list--list-item"><div class="styles__StyledVerticalTileWrapper-dvv1wj-0 dtCNPH"><div data-auto="product-tile" data-auto-type="Quantity" data-auto-available="true" data-auto-is-restricted-disabled="false" data-auto-is-substitute="false" class="styles__StyledVerticalTile-dvv1wj-1 gSCsYK"><div class="styles__StyledTileContentWrapper-dvv1wj-2 bkNhNP beans"><div id="tile-297167031" data-auto-id="297167031" class="styles__StyledTiledContent-dvv1wj-3 bcglTg"><a href="https://www.tesco.com/groceries/en-GB/products/297167031" aria-hidden="true" class="product-image-wrapper" tabindex="1"><div class="product-image__container"><picture><img class="styled__Image-sjvkdn-0 bJErKA product-image beans-responsive-image__image" src="data:image/gif;base64,R0lGODlhAQABAAAAACH5BAEKAAEALAAAAAABAAEAAAICTAEAOw==" srcset="https://digitalcontent.api.tesco.com/v2/media/ghs/78514c2a-d35c-46c9-92d6-d9e0c4381162/3730f8b6-ae98-4d37-bc46-d07e661669df.jpeg?h=225&amp;w=225 768w, data:image/gif;base64,R0lGODlhAQABAAAAACH5BAEKAAEALAAAAAABAAEAAAICTAEAOw== 4000w" alt="Tesco 12 Pigs In Blankets 240G"></picture></div></a><div class="product-details--wrapper"><h3 class="styles__H3-oa5soe-0 bCKNNq"><a href="https://www.tesco.com/groceries/en-GB/products/297167031" class="styled__Anchor-sc-1xbujuz-0 csVOnh beans-link__anchor" data-auto="product-tile--title"><span class="styled__Text-sc-1xbujuz-1 ldbwMG beans-link__text">Tesco 12 Pigs In Blankets 240G</span></a></h3><div class="styles__StyledProductDetailsContent-dvv1wj-5 ddRSrq"><a href="https://www.tesco.com/groceries/en-GB/reviews/submission/297167031?from=%2Fshop%2Ffrozen-food%2Fall" aria-label="Write a review for Tesco 12 Pigs In Blankets 240G" class="styled__Anchor-sc-1xbujuz-0 jSzuDt write-a-review-link beans-link__anchor" data-auto="review-link"><span class="styled__Text-sc-1xbujuz-1 fyDIEo beans-link__text">Write a review</span><span class="styled__IconContainer-sc-1xbujuz-2 bSauSL beans-link__icon-container"><svg aria-hidden="true" class="styled__SVG-xxa4wh-1 hQMCqc beans-link__icon beans-icon__svg" height="13.33" preserveAspectRatio="xMinYMax meet" viewBox="-1 0 12 20" width="8" xmlns="http://www.w3.org/2000/svg" color="currentColor"><path d="M1.312 1.348L10.276 10l-8.964 8.644" fill="none" stroke="currentColor"></path></svg></span></a><div><a href="https://www.tesco.com/groceries/en-GB/shop/frozen-food/frozen-party-food-and-sausage-rolls/frozen-party-food-and-sausage-rolls/frozen-party-food-and-sausage-rolls" class="styled__Anchor-sc-1xbujuz-0 jSzuDt rest-of-shelf-link beans-link__anchor" data-auto="rest-of-shelf-link"><span class="styled__Text-sc-1xbujuz-1 fyDIEo beans-link__text">Rest of <span class="visually-hidden">Frozen Party Food &amp; Sausage Rolls</span> shelf</span><span class="styled__IconContainer-sc-1xbujuz-2 bSauSL beans-link__icon-container"><svg aria-hidden="true" class="styled__SVG-xxa4wh-1 hQMCqc beans-link__icon beans-icon__svg" height="13.33" preserveAspectRatio="xMinYMax meet" viewBox="-1 0 12 20" width="8" xmlns="http://www.w3.org/2000/svg" color="currentColor"><path d="M1.312 1.348L10.276 10l-8.964 8.644" fill="none" stroke="currentColor"></path></svg></span></a></div><div class="product-info-message-section"><div class="product-info-message-list"></div></div></div><div class="styles__StyledPromotionsWithBuyBoxWrapper-dvv1wj-8 cZskDh"><div class="styles__StyledPromotionsAboveMobile-dvv1wj-7 iPTMuo"><div class="styles__StyledPromotionsWithClubcardPriceContainer-sc-1vdpoop-0 bsPFbn"><div class="styles__StyledClubcardLogo-sc-1vdpoop-2 elOZEB"><div class="styles__Wrapper-sc-1d2phhy-0 hgBuQG undefined special-offer-sash"><span class="styles__CircleWrapper-sc-1d2phhy-2 hCbzjm"><strong class="styles__TextWrapper-sc-1d2phhy-1 bLXNGg">Clubcard Price</strong></span></div></div><a href="https://www.tesco.com/groceries/en-GB/promotions/88604662"><div class="styles__ProductPromotionStyling-sc-1vdpoop-3 WGKAK"><div class="styles__StyledPromotionsOfferContent-sc-1vdpoop-1 cPSekc"><span class="offer-text">Any 3 for £6 Clubcard Price - Selected Tesco Frozen Party Food 120g - 564g</span></div><span class="dates">Offer valid for delivery from 01/11/2022 until 02/01/2023</span></div></a></div></div><div class="styles__StyledBuyBoxWrapper-dvv1wj-4 dSvjUC"><div class="styles__StyledBuyBoxContainer-sc-1wx0qp6-0 erryje" data-auto="buybox-container"><div class="styles__SafeFormWrapper-jtpu2t-0 lcrYKS"><form action="https://www.tesco.com/groceries/en-GB/trolley/items/297167031?_method=PUT" method="POST"><input type="submit" class="hidden"><input name="id" type="hidden" value="297167031"><input name="identifier" type="hidden" value="Page"><input name="anchorId" type="hidden" value="#tile-297167031"><input name="returnUrl" type="hidden" value="/groceries/en-GB/shop/frozen-food/all?redirectIfUnavailable=true#tile-297167031"><input name="backToUrl" type="hidden" value="#"><input name="oldValue" type="hidden" value="0"><input name="oldUnitChoice" type="hidden" value="pcs"><input name="newUnitChoice" type="hidden" value="pcs"><div class="base-components__RootElement-sc-1mosoyj-1 styled__Container-sc-6nhkzi-0 jptQqM hSNpTb beans-buybox__container"><div class="base-components__BaseElement-sc-1mosoyj-0 styled__PriceAndActions-sc-6nhkzi-3 oznwo eEPLov beans-buybox__price-and-actions"><div class="base-components__RootElement-sc-1mosoyj-1 styled__Container-sc-8qlq5b-0 jptQqM bgZrjw styled__StyledPrice-sc-6nhkzi-5 iYHeik beans-buybox__price beans-price__container"><p class="styled__StyledHeading-sc-119w3hf-2 jWPEtj styled__Text-sc-8qlq5b-1 lnaeiZ beans-price__text">£3.00</p><p class="styled__StyledFootnote-sc-119w3hf-7 icrlVF styled__Subtext-sc-8qlq5b-2 bNJmdc beans-price__subtext">£12.50/kg</p></div><div class="base-components__RootElement-sc-1mosoyj-1 styled__Container-vtxwzb-0 jptQqM bDFhXJ beans-buybox__actions beans-quantity-controls__container"><div class="base-components__RootElement-sc-1mosoyj-1 styled__Container-sc-16t2b2a-0 jptQqM PUfgZ styled__StyledFormGroup-vtxwzb-1 kzKuAr beans-quantity-controls__form-group beans-form-group__container"><label class="styled__StyledLabel-sc-1ttuvhr-0 izGEjV beans-form-group__label beans-label" for="quantity-controls-297167031">Quantity controls </label><div class="base-components__BaseElement-sc-1mosoyj-0 styled__Children-sc-16t2b2a-3 oznwo gdJvjO beans-form-group__children"><div class="styled__StyledQuantityControlWrapper-vtxwzb-6 LCxOg"><label id="quantity-controls-297167031-label" class="styled__VisuallyHiddenLabel-vtxwzb-7 gXlLiM">Quantity of Tesco 12 Pigs In Blankets 240G</label><div class="component__Wrapper-sc-1kpmik-3 dReplG input-wrapper"><input class="base-components__RootElement-sc-1mosoyj-1 styled__StyledInput-sc-1jd5f57-0 component__StyledAsInput-sc-1kpmik-4 jptQqM eJLlow styled__StyledInput-vtxwzb-3 lwMHo beans-quantity-controls__input beans-input" data-auto="beans-quantity-controls-input" autocomplete="off" id="quantity-controls-297167031" maxlength="2" name="newValue" type="number" aria-labelledby="quantity-controls-297167031-label" value="1"></div></div><button class="styled__BaseButton-rsekm1-0 styled__PrimaryButton-rsekm1-2 jChbeY geeWOF styled__StyledButton-vtxwzb-5 japAxb beans-quantity-controls__add-button beans-button__container" type="submit" data-auto="beans-quantity-controls-add-button" aria-label="Quantity of Tesco 12 Pigs In Blankets 240G"><span class="base-components__BaseElement-sc-1mosoyj-0 styled__InnerContainer-rsekm1-1 oznwo fuFres beans-button__inner-container"><span class="base-components__BaseElement-sc-1mosoyj-0 styled__TextSpan-rsekm1-4 oznwo GDiMp beans-button__text">Add</span></span></button></div></div></div></div></div><input name="_csrf" type="hidden" value="0WbpBJF9-cS-fAMl-ByHnl5hECj1JaZiBQ20"></form></div></div></div></div></div><div class="hidden-medium product-info-section-small"><div class="product-info-message-list"></div></div></div><div class="styles__StyledPromotionsMobile-dvv1wj-6 Bxaeb"><div><div class="styles__StyledPromotionsWithClubcardPriceContainer-sc-1vdpoop-0 bsPFbn"><div class="styles__StyledClubcardLogo-sc-1vdpoop-2 elOZEB"><div class="styles__Wrapper-sc-1d2phhy-0 hgBuQG undefined special-offer-sash"><span class="styles__CircleWrapper-sc-1d2phhy-2 hCbzjm"><strong class="styles__TextWrapper-sc-1d2phhy-1 bLXNGg">Clubcard Price</strong></span></div></div><a href="https://www.tesco.com/groceries/en-GB/promotions/88604662"><div class="styles__ProductPromotionStyling-sc-1vdpoop-3 WGKAK"><div class="styles__StyledPromotionsOfferContent-sc-1vdpoop-1 cPSekc"><span class="offer-text">Any 3 for £6 Clubcard Price - Selected Tesco Frozen Party Food 120g - 564g</span></div><span class="dates">Offer valid for delivery from 01/11/2022 until 02/01/2023</span></div></a></div></div></div></div></div></div></li><li class="product-list--list-item"><div class="styles__StyledVerticalTileWrapper-dvv1wj-0 dtCNPH"><div data-auto="product-tile" data-auto-type="Quantity" data-auto-available="true" data-auto-is-restricted-disabled="false" data-auto-is-substitute="false" class="styles__StyledVerticalTile-dvv1wj-1 gSCsYK"><div class="styles__StyledTileContentWrapper-dvv1wj-2 bkNhNP beans"><div id="tile-296118224" data-auto-id="296118224" class="styles__StyledTiledContent-dvv1wj-3 bcglTg"><a href="https://www.tesco.com/groceries/en-GB/products/296118224" aria-hidden="true" class="product-image-wrapper" tabindex="1"><div class="product-image__container"><picture><img class="styled__Image-sjvkdn-0 bJErKA product-image beans-responsive-image__image" src="data:image/gif;base64,R0lGODlhAQABAAAAACH5BAEKAAEALAAAAAABAAEAAAICTAEAOw==" srcset="https://digitalcontent.api.tesco.com/v2/media/ghs/4429c49f-c823-4fb5-84aa-3ee6b5d7e5af/21b99ae6-bd72-4933-a27d-b970e40c8676.jpeg?h=225&amp;w=225 768w, data:image/gif;base64,R0lGODlhAQABAAAAACH5BAEKAAEALAAAAAABAAEAAAICTAEAOw== 4000w" alt="Birds Eye Garden Peas 800G"></picture></div></a><div class="product-details--wrapper"><h3 class="styles__H3-oa5soe-0 bCKNNq"><a href="https://www.tesco.com/groceries/en-GB/products/296118224" class="styled__Anchor-sc-1xbujuz-0 csVOnh beans-link__anchor" data-auto="product-tile--title"><span class="styled__Text-sc-1xbujuz-1 ldbwMG beans-link__text">Birds Eye Garden Peas 800G</span></a></h3><div class="styles__StyledPromotionsAboveMobile-dvv1wj-7 iPTMuo"></div><div class="styles__StyledProductDetailsContent-dvv1wj-5 ddRSrq"><a href="https://www.tesco.com/groceries/en-GB/reviews/submission/296118224?from=%2Fshop%2Ffrozen-food%2Fall" aria-label="Write a review for Birds Eye Garden Peas 800G" class="styled__Anchor-sc-1xbujuz-0 jSzuDt write-a-review-link beans-link__anchor" data-auto="review-link"><span class="styled__Text-sc-1xbujuz-1 fyDIEo beans-link__text">Write a review</span><span class="styled__IconContainer-sc-1xbujuz-2 bSauSL beans-link__icon-container"><svg aria-hidden="true" class="styled__SVG-xxa4wh-1 hQMCqc beans-link__icon beans-icon__svg" height="13.33" preserveAspectRatio="xMinYMax meet" viewBox="-1 0 12 20" width="8" xmlns="http://www.w3.org/2000/svg" color="currentColor"><path d="M1.312 1.348L10.276 10l-8.964 8.644" fill="none" stroke="currentColor"></path></svg></span></a><div><a href="https://www.tesco.com/groceries/en-GB/shop/frozen-food/frozen-vegetables-and-herbs/frozen-peas/frozen-garden-peas" class="styled__Anchor-sc-1xbujuz-0 jSzuDt rest-of-shelf-link beans-link__anchor" data-auto="rest-of-shelf-link"><span class="styled__Text-sc-1xbujuz-1 fyDIEo beans-link__text">Rest of <span class="visually-hidden">Frozen Garden Peas</span> shelf</span><span class="styled__IconContainer-sc-1xbujuz-2 bSauSL beans-link__icon-container"><svg aria-hidden="true" class="styled__SVG-xxa4wh-1 hQMCqc beans-link__icon beans-icon__svg" height="13.33" preserveAspectRatio="xMinYMax meet" viewBox="-1 0 12 20" width="8" xmlns="http://www.w3.org/2000/svg" color="currentColor"><path d="M1.312 1.348L10.276 10l-8.964 8.644" fill="none" stroke="currentColor"></path></svg></span></a></div><div class="product-info-message-section"><div class="product-info-message-list"><div class="styled__WhiteBackground-sc-9yzfq2-1 jthPIJ"><svg width="56" height="56" viewBox="0 0 56 56" fill="none" xmlns="http://www.w3.org/2000/svg"><path d="M52.1301 27.8766C52.1301 14.5534 41.3293 3.75308 28.0066 3.75308C14.6834 3.75308 3.88306 14.5534 3.88306 27.8766C3.88306 41.1998 14.6834 52.0002 28.0066 52.0002C41.3293 52.0002 52.1301 41.1998 52.1301 27.8766Z" fill="#EE1C2E"></path><path d="M19.6853 36.5687L31.8169 48.6998L52.6633 27.8998L51.9894 23.0423L31.886 43.1452L22.5438 33.803L19.6853 36.5687Z" fill="white"></path><path d="M24.2699 12.0048L23.5594 9.93467L22.8484 12.0048H24.2699ZM24.6345 13.0711H22.4844L21.9776 14.5375H20.7515L22.9815 8.31722H24.1369L26.3669 14.5375H25.1408L24.6345 13.0711Z" fill="white"></path><path d="M27.8359 14.5375H26.734V8.24609H27.8359V14.5375Z" fill="white"></path><path d="M31.5684 13.2309C31.7849 12.9886 31.8927 12.6597 31.8927 12.2446C31.8927 11.8306 31.7849 11.5016 31.5684 11.2588C31.3524 11.0159 31.0811 10.8942 30.7558 10.8942C30.4299 10.8942 30.1587 11.0159 29.9427 11.2588C29.7267 11.5016 29.6184 11.8306 29.6184 12.2446C29.6184 12.6597 29.7267 12.9886 29.9427 13.2309C30.1587 13.4738 30.4299 13.5955 30.7558 13.5955C31.0811 13.5955 31.3524 13.4738 31.5684 13.2309ZM29.4673 14.3065C29.159 14.1049 28.9177 13.8234 28.7429 13.4619C28.5681 13.101 28.481 12.6952 28.481 12.2446C28.481 11.7888 28.5655 11.3815 28.7341 11.0231C28.9032 10.6648 29.1384 10.3848 29.4405 10.1837C29.7426 9.98212 30.0891 9.88158 30.48 9.88158C30.7883 9.88158 31.0579 9.93624 31.2889 10.0455C31.5199 10.1554 31.6978 10.3106 31.8221 10.5122V8.24609H32.9239V14.5375H31.8221V13.9863C31.6916 14.1704 31.5137 14.3194 31.2889 14.4349C31.0636 14.5504 30.797 14.6086 30.4892 14.6086C30.1159 14.6086 29.7751 14.5076 29.4673 14.3065Z" fill="white"></path><path d="M34.9657 14.5375H33.8638V9.95224H34.9657V14.5375ZM33.9082 8.34408C34.0443 8.20796 34.2129 8.1399 34.4145 8.1399C34.6161 8.1399 34.7847 8.20796 34.9208 8.34408C35.0574 8.48071 35.1255 8.64931 35.1255 8.8504C35.1255 9.052 35.0574 9.22112 34.9208 9.35724C34.7847 9.49336 34.6161 9.56142 34.4145 9.56142C34.2129 9.56142 34.0443 9.49336 33.9082 9.35724C33.7715 9.22112 33.704 9.052 33.704 8.8504C33.704 8.64931 33.7715 8.48071 33.9082 8.34408Z" fill="white"></path><path d="M19.6791 19.3347C19.8894 19.1506 19.9946 18.8779 19.9946 18.5169C19.9946 18.1565 19.8894 17.8838 19.6791 17.6997C19.4682 17.5156 19.183 17.4233 18.8221 17.4233H17.5027V19.6111H18.8221C19.183 19.6111 19.4682 19.5188 19.6791 19.3347ZM17.5027 23.9628H16.0374V16.0704H18.9345C19.461 16.0704 19.9157 16.1776 20.2988 16.3921C20.6824 16.6061 20.9753 16.8995 21.1784 17.2712C21.3816 17.6435 21.4826 18.0586 21.4826 18.5169C21.4826 18.9758 21.3816 19.3909 21.1784 19.7632C20.9753 20.1354 20.6824 20.4283 20.2988 20.6423C19.9157 20.8568 19.461 20.9635 18.9345 20.9635H17.5027V23.9628Z" fill="white"></path><path d="M22.0396 18.1451H23.4379V19.0248C23.6029 18.7087 23.8359 18.4684 24.1365 18.3029C24.4376 18.1374 24.7717 18.0549 25.1404 18.0549C25.5235 18.0549 25.8241 18.1415 26.0422 18.3143L25.5689 19.4981C25.3729 19.3929 25.1662 19.3403 24.9486 19.3403C24.5124 19.3403 24.152 19.528 23.8663 19.9039C23.5802 20.2797 23.4379 20.8582 23.4379 21.6404V23.9627H22.0396V18.1451Z" fill="white"></path><path d="M27.8879 23.9627H26.4896V18.1451H27.8879V23.9627ZM26.5458 16.1044C26.7191 15.9316 26.933 15.845 27.1888 15.845C27.444 15.845 27.658 15.9316 27.8312 16.1044C28.0039 16.2771 28.0906 16.4916 28.0906 16.7468C28.0906 17.0026 28.0039 17.217 27.8312 17.3898C27.658 17.5625 27.444 17.6491 27.1888 17.6491C26.933 17.6491 26.7191 17.5625 26.5458 17.3898C26.3731 17.217 26.287 17.0026 26.287 16.7468C26.287 16.4916 26.3731 16.2771 26.5458 16.1044Z" fill="white"></path><path d="M30.0603 23.6693C29.6168 23.4141 29.2714 23.0588 29.0234 22.6041C28.7754 22.1493 28.6511 21.6327 28.6511 21.0537C28.6511 20.4752 28.7754 19.9585 29.0234 19.5038C29.2714 19.049 29.6168 18.6937 30.0603 18.438C30.5037 18.1828 31.011 18.0549 31.5823 18.0549C32.8749 18.0549 33.751 18.585 34.2093 19.6445L32.9353 20.2199C32.6424 19.6332 32.1913 19.3403 31.5823 19.3403C31.1466 19.3403 30.7857 19.4981 30.5001 19.8136C30.2144 20.1297 30.0716 20.5427 30.0716 21.0537C30.0716 21.5651 30.2144 21.9787 30.5001 22.2942C30.7857 22.6097 31.1466 22.7675 31.5823 22.7675C32.1913 22.7675 32.6424 22.4747 32.9353 21.8884L34.2093 22.4633C33.751 23.5229 32.8749 24.0529 31.5823 24.0529C31.011 24.0529 30.5037 23.9251 30.0603 23.6693Z" fill="white"></path><path d="M38.727 20.3999C38.6744 20.0694 38.5223 19.7987 38.2707 19.5883C38.0186 19.3779 37.7015 19.2728 37.3179 19.2728C36.9946 19.2728 36.7048 19.3723 36.4496 19.5713C36.1939 19.7708 36.0175 20.0467 35.9196 20.3999H38.727ZM40.1588 21.5048H35.8633C35.9381 21.9333 36.115 22.2586 36.3934 22.4803C36.6713 22.702 37.0095 22.8129 37.4081 22.8129C37.7386 22.8129 38.015 22.7433 38.2367 22.6041C38.4584 22.4649 38.6708 22.253 38.874 21.9673L40.0573 22.6097C39.7716 23.0759 39.4092 23.4327 38.9693 23.6812C38.5295 23.9287 37.983 24.0529 37.3292 24.0529C36.7125 24.0529 36.1846 23.9086 35.7453 23.6188C35.3055 23.3295 34.9765 22.9557 34.7584 22.4968C34.5403 22.0385 34.4315 21.5574 34.4315 21.0537C34.4315 20.5504 34.546 20.0694 34.7754 19.611C35.0044 19.1526 35.3374 18.7783 35.7731 18.4891C36.2088 18.1998 36.7239 18.0549 37.3179 18.0549C37.9191 18.0549 38.4341 18.19 38.8626 18.4607C39.2911 18.7314 39.6139 19.0866 39.832 19.5264C40.0501 19.9657 40.1588 20.4339 40.1588 20.9299V21.5048Z" fill="white"></path><path d="M16.3879 25.558H17.7399L19.2454 29.4977L20.751 25.558H22.1029V31.8684H20.9309V28.0282L19.6873 31.2915H18.8035L17.5599 28.0282V31.8684H16.3879V25.558Z" fill="white"></path><path d="M25.4058 30.7146C25.6131 30.5341 25.7167 30.3119 25.7167 30.0474V29.9216H24.8335C24.5746 29.9216 24.3689 29.971 24.2158 30.07C24.0626 30.169 23.9858 30.3057 23.9858 30.48C23.9858 30.6424 24.0415 30.7671 24.1529 30.8543C24.2637 30.9414 24.4277 30.9847 24.6437 30.9847C24.9443 30.9847 25.1985 30.8945 25.4058 30.7146ZM23.6074 31.7782C23.3671 31.67 23.1748 31.5122 23.0304 31.3049C22.886 31.0976 22.8138 30.8496 22.8138 30.5609C22.8138 30.1046 22.9855 29.7364 23.3279 29.457C23.6703 29.1775 24.1333 29.0378 24.7159 29.0378H25.7167V28.8754C25.7167 28.6413 25.6357 28.4531 25.4733 28.3118C25.3109 28.1711 25.0918 28.1004 24.8154 28.1004C24.5927 28.1004 24.3916 28.1592 24.2111 28.2763C24.0312 28.3933 23.8956 28.5299 23.8059 28.6862L22.9494 28.1726C23.1113 27.8782 23.3516 27.6333 23.6703 27.4379C23.9889 27.2425 24.3705 27.145 24.8154 27.145C25.4522 27.145 25.9482 27.2982 26.3024 27.6044C26.6572 27.9112 26.8345 28.3526 26.8345 28.9295V31.8685H25.9152L25.7621 31.2735C25.6115 31.4776 25.4207 31.6401 25.1892 31.7602C24.9582 31.8803 24.686 31.9401 24.3735 31.9401C24.1029 31.9401 23.8476 31.8865 23.6074 31.7782Z" fill="white"></path><path d="M27.8214 30.3V28.1726H27.1182V27.2167H27.8214V26.4417L28.9393 25.7384V27.2167H30.1381V28.1726H28.9393V30.2458C28.9393 30.6903 29.1166 30.9125 29.4709 30.9125C29.6333 30.9125 29.7895 30.8496 29.9395 30.7233L30.4443 31.5797C30.2881 31.706 30.1169 31.7978 29.9308 31.855C29.7446 31.9117 29.5549 31.9401 29.3626 31.9401C28.3355 31.9401 27.8214 31.3936 27.8214 30.3Z" fill="white"></path><path d="M31.5487 31.6339C31.194 31.4297 30.9176 31.1456 30.7196 30.7821C30.5211 30.4186 30.4221 30.0056 30.4221 29.5426C30.4221 29.0801 30.5211 28.6666 30.7196 28.3031C30.9176 27.9396 31.194 27.6555 31.5487 27.4513C31.9034 27.2471 32.3087 27.145 32.7655 27.145C33.7993 27.145 34.4995 27.5683 34.8661 28.416L33.8473 28.8754C33.6132 28.4067 33.2528 28.1726 32.7655 28.1726C32.417 28.1726 32.1288 28.2989 31.9004 28.5511C31.6719 28.8037 31.558 29.1342 31.558 29.5426C31.558 29.9509 31.6719 30.282 31.9004 30.5341C32.1288 30.7867 32.417 30.9125 32.7655 30.9125C33.2528 30.9125 33.6132 30.6785 33.8473 30.2098L34.8661 30.6697C34.4995 31.5168 33.7993 31.9401 32.7655 31.9401C32.3087 31.9401 31.9034 31.8386 31.5487 31.6339Z" fill="white"></path><path d="M35.3998 25.4863H36.5176V27.9473C36.662 27.707 36.8615 27.5132 37.1167 27.3657C37.3725 27.2188 37.6592 27.145 37.9778 27.145C38.4702 27.145 38.8579 27.2909 39.1405 27.5823C39.423 27.8736 39.5643 28.2804 39.5643 28.8037V31.8685H38.4465V29.0285C38.4465 28.7522 38.3758 28.5408 38.2346 28.3933C38.0933 28.2458 37.8907 28.1726 37.6262 28.1726C37.3199 28.1726 37.0585 28.3093 36.8419 28.5825C36.6254 28.8558 36.5176 29.275 36.5176 29.8401V31.8685H35.3998V25.4863Z" fill="white"></path></svg><p class="styled__StyledBodyText-sc-119w3hf-5 ggtTyf styled__DarkGreyBodyText-jk5kya-0 iwRWTH">Aldi Price Match</p></div></div></div></div><div class="styles__StyledBuyBoxWrapper-dvv1wj-4 dSvjUC"><div class="styles__StyledBuyBoxContainer-sc-1wx0qp6-0 erryje" data-auto="buybox-container"><div class="styles__SafeFormWrapper-jtpu2t-0 lcrYKS"><form action="https://www.tesco.com/groceries/en-GB/trolley/items/296118224?_method=PUT" method="POST"><input type="submit" class="hidden"><input name="id" type="hidden" value="296118224"><input name="identifier" type="hidden" value="Page"><input name="anchorId" type="hidden" value="#tile-296118224"><input name="returnUrl" type="hidden" value="/groceries/en-GB/shop/frozen-food/all?redirectIfUnavailable=true#tile-296118224"><input name="backToUrl" type="hidden" value="#"><input name="oldValue" type="hidden" value="0"><input name="oldUnitChoice" type="hidden" value="pcs"><input name="newUnitChoice" type="hidden" value="pcs"><div class="base-components__RootElement-sc-1mosoyj-1 styled__Container-sc-6nhkzi-0 jptQqM hSNpTb beans-buybox__container"><div class="base-components__BaseElement-sc-1mosoyj-0 styled__PriceAndActions-sc-6nhkzi-3 oznwo eEPLov beans-buybox__price-and-actions"><div class="base-components__RootElement-sc-1mosoyj-1 styled__Container-sc-8qlq5b-0 jptQqM bgZrjw styled__StyledPrice-sc-6nhkzi-5 iYHeik beans-buybox__price beans-price__container"><p class="styled__StyledHeading-sc-119w3hf-2 jWPEtj styled__Text-sc-8qlq5b-1 lnaeiZ beans-price__text">£2.35</p><p class="styled__StyledFootnote-sc-119w3hf-7 icrlVF styled__Subtext-sc-8qlq5b-2 bNJmdc beans-price__subtext">£2.94/kg</p></div><div class="base-components__RootElement-sc-1mosoyj-1 styled__Container-vtxwzb-0 jptQqM bDFhXJ beans-buybox__actions beans-quantity-controls__container"><div class="base-components__RootElement-sc-1mosoyj-1 styled__Container-sc-16t2b2a-0 jptQqM PUfgZ styled__StyledFormGroup-vtxwzb-1 kzKuAr beans-quantity-controls__form-group beans-form-group__container"><label class="styled__StyledLabel-sc-1ttuvhr-0 izGEjV beans-form-group__label beans-label" for="quantity-controls-296118224">Quantity controls </label><div class="base-components__BaseElement-sc-1mosoyj-0 styled__Children-sc-16t2b2a-3 oznwo gdJvjO beans-form-group__children"><div class="styled__StyledQuantityControlWrapper-vtxwzb-6 LCxOg"><label id="quantity-controls-296118224-label" class="styled__VisuallyHiddenLabel-vtxwzb-7 gXlLiM">Quantity of Birds Eye Garden Peas 800G</label><div class="component__Wrapper-sc-1kpmik-3 dReplG input-wrapper"><input class="base-components__RootElement-sc-1mosoyj-1 styled__StyledInput-sc-1jd5f57-0 component__StyledAsInput-sc-1kpmik-4 jptQqM eJLlow styled__StyledInput-vtxwzb-3 lwMHo beans-quantity-controls__input beans-input" data-auto="beans-quantity-controls-input" autocomplete="off" id="quantity-controls-296118224" maxlength="2" name="newValue" type="number" aria-labelledby="quantity-controls-296118224-label" value="1"></div></div><button class="styled__BaseButton-rsekm1-0 styled__PrimaryButton-rsekm1-2 jChbeY geeWOF styled__StyledButton-vtxwzb-5 japAxb beans-quantity-controls__add-button beans-button__container" type="submit" data-auto="beans-quantity-controls-add-button" aria-label="Quantity of Birds Eye Garden Peas 800G"><span class="base-components__BaseElement-sc-1mosoyj-0 styled__InnerContainer-rsekm1-1 oznwo fuFres beans-button__inner-container"><span class="base-components__BaseElement-sc-1mosoyj-0 styled__TextSpan-rsekm1-4 oznwo GDiMp beans-button__text">Add</span></span></button></div></div></div></div></div><input name="_csrf" type="hidden" value="0WbpBJF9-cS-fAMl-ByHnl5hECj1JaZiBQ20"></form></div></div></div></div><div class="hidden-medium product-info-section-small"><div class="product-info-message-list"><div class="styled__WhiteBackground-sc-9yzfq2-1 jthPIJ"><svg width="56" height="56" viewBox="0 0 56 56" fill="none" xmlns="http://www.w3.org/2000/svg"><path d="M52.1301 27.8766C52.1301 14.5534 41.3293 3.75308 28.0066 3.75308C14.6834 3.75308 3.88306 14.5534 3.88306 27.8766C3.88306 41.1998 14.6834 52.0002 28.0066 52.0002C41.3293 52.0002 52.1301 41.1998 52.1301 27.8766Z" fill="#EE1C2E"></path><path d="M19.6853 36.5687L31.8169 48.6998L52.6633 27.8998L51.9894 23.0423L31.886 43.1452L22.5438 33.803L19.6853 36.5687Z" fill="white"></path><path d="M24.2699 12.0048L23.5594 9.93467L22.8484 12.0048H24.2699ZM24.6345 13.0711H22.4844L21.9776 14.5375H20.7515L22.9815 8.31722H24.1369L26.3669 14.5375H25.1408L24.6345 13.0711Z" fill="white"></path><path d="M27.8359 14.5375H26.734V8.24609H27.8359V14.5375Z" fill="white"></path><path d="M31.5684 13.2309C31.7849 12.9886 31.8927 12.6597 31.8927 12.2446C31.8927 11.8306 31.7849 11.5016 31.5684 11.2588C31.3524 11.0159 31.0811 10.8942 30.7558 10.8942C30.4299 10.8942 30.1587 11.0159 29.9427 11.2588C29.7267 11.5016 29.6184 11.8306 29.6184 12.2446C29.6184 12.6597 29.7267 12.9886 29.9427 13.2309C30.1587 13.4738 30.4299 13.5955 30.7558 13.5955C31.0811 13.5955 31.3524 13.4738 31.5684 13.2309ZM29.4673 14.3065C29.159 14.1049 28.9177 13.8234 28.7429 13.4619C28.5681 13.101 28.481 12.6952 28.481 12.2446C28.481 11.7888 28.5655 11.3815 28.7341 11.0231C28.9032 10.6648 29.1384 10.3848 29.4405 10.1837C29.7426 9.98212 30.0891 9.88158 30.48 9.88158C30.7883 9.88158 31.0579 9.93624 31.2889 10.0455C31.5199 10.1554 31.6978 10.3106 31.8221 10.5122V8.24609H32.9239V14.5375H31.8221V13.9863C31.6916 14.1704 31.5137 14.3194 31.2889 14.4349C31.0636 14.5504 30.797 14.6086 30.4892 14.6086C30.1159 14.6086 29.7751 14.5076 29.4673 14.3065Z" fill="white"></path><path d="M34.9657 14.5375H33.8638V9.95224H34.9657V14.5375ZM33.9082 8.34408C34.0443 8.20796 34.2129 8.1399 34.4145 8.1399C34.6161 8.1399 34.7847 8.20796 34.9208 8.34408C35.0574 8.48071 35.1255 8.64931 35.1255 8.8504C35.1255 9.052 35.0574 9.22112 34.9208 9.35724C34.7847 9.49336 34.6161 9.56142 34.4145 9.56142C34.2129 9.56142 34.0443 9.49336 33.9082 9.35724C33.7715 9.22112 33.704 9.052 33.704 8.8504C33.704 8.64931 33.7715 8.48071 33.9082 8.34408Z" fill="white"></path><path d="M19.6791 19.3347C19.8894 19.1506 19.9946 18.8779 19.9946 18.5169C19.9946 18.1565 19.8894 17.8838 19.6791 17.6997C19.4682 17.5156 19.183 17.4233 18.8221 17.4233H17.5027V19.6111H18.8221C19.183 19.6111 19.4682 19.5188 19.6791 19.3347ZM17.5027 23.9628H16.0374V16.0704H18.9345C19.461 16.0704 19.9157 16.1776 20.2988 16.3921C20.6824 16.6061 20.9753 16.8995 21.1784 17.2712C21.3816 17.6435 21.4826 18.0586 21.4826 18.5169C21.4826 18.9758 21.3816 19.3909 21.1784 19.7632C20.9753 20.1354 20.6824 20.4283 20.2988 20.6423C19.9157 20.8568 19.461 20.9635 18.9345 20.9635H17.5027V23.9628Z" fill="white"></path><path d="M22.0396 18.1451H23.4379V19.0248C23.6029 18.7087 23.8359 18.4684 24.1365 18.3029C24.4376 18.1374 24.7717 18.0549 25.1404 18.0549C25.5235 18.0549 25.8241 18.1415 26.0422 18.3143L25.5689 19.4981C25.3729 19.3929 25.1662 19.3403 24.9486 19.3403C24.5124 19.3403 24.152 19.528 23.8663 19.9039C23.5802 20.2797 23.4379 20.8582 23.4379 21.6404V23.9627H22.0396V18.1451Z" fill="white"></path><path d="M27.8879 23.9627H26.4896V18.1451H27.8879V23.9627ZM26.5458 16.1044C26.7191 15.9316 26.933 15.845 27.1888 15.845C27.444 15.845 27.658 15.9316 27.8312 16.1044C28.0039 16.2771 28.0906 16.4916 28.0906 16.7468C28.0906 17.0026 28.0039 17.217 27.8312 17.3898C27.658 17.5625 27.444 17.6491 27.1888 17.6491C26.933 17.6491 26.7191 17.5625 26.5458 17.3898C26.3731 17.217 26.287 17.0026 26.287 16.7468C26.287 16.4916 26.3731 16.2771 26.5458 16.1044Z" fill="white"></path><path d="M30.0603 23.6693C29.6168 23.4141 29.2714 23.0588 29.0234 22.6041C28.7754 22.1493 28.6511 21.6327 28.6511 21.0537C28.6511 20.4752 28.7754 19.9585 29.0234 19.5038C29.2714 19.049 29.6168 18.6937 30.0603 18.438C30.5037 18.1828 31.011 18.0549 31.5823 18.0549C32.8749 18.0549 33.751 18.585 34.2093 19.6445L32.9353 20.2199C32.6424 19.6332 32.1913 19.3403 31.5823 19.3403C31.1466 19.3403 30.7857 19.4981 30.5001 19.8136C30.2144 20.1297 30.0716 20.5427 30.0716 21.0537C30.0716 21.5651 30.2144 21.9787 30.5001 22.2942C30.7857 22.6097 31.1466 22.7675 31.5823 22.7675C32.1913 22.7675 32.6424 22.4747 32.9353 21.8884L34.2093 22.4633C33.751 23.5229 32.8749 24.0529 31.5823 24.0529C31.011 24.0529 30.5037 23.9251 30.0603 23.6693Z" fill="white"></path><path d="M38.727 20.3999C38.6744 20.0694 38.5223 19.7987 38.2707 19.5883C38.0186 19.3779 37.7015 19.2728 37.3179 19.2728C36.9946 19.2728 36.7048 19.3723 36.4496 19.5713C36.1939 19.7708 36.0175 20.0467 35.9196 20.3999H38.727ZM40.1588 21.5048H35.8633C35.9381 21.9333 36.115 22.2586 36.3934 22.4803C36.6713 22.702 37.0095 22.8129 37.4081 22.8129C37.7386 22.8129 38.015 22.7433 38.2367 22.6041C38.4584 22.4649 38.6708 22.253 38.874 21.9673L40.0573 22.6097C39.7716 23.0759 39.4092 23.4327 38.9693 23.6812C38.5295 23.9287 37.983 24.0529 37.3292 24.0529C36.7125 24.0529 36.1846 23.9086 35.7453 23.6188C35.3055 23.3295 34.9765 22.9557 34.7584 22.4968C34.5403 22.0385 34.4315 21.5574 34.4315 21.0537C34.4315 20.5504 34.546 20.0694 34.7754 19.611C35.0044 19.1526 35.3374 18.7783 35.7731 18.4891C36.2088 18.1998 36.7239 18.0549 37.3179 18.0549C37.9191 18.0549 38.4341 18.19 38.8626 18.4607C39.2911 18.7314 39.6139 19.0866 39.832 19.5264C40.0501 19.9657 40.1588 20.4339 40.1588 20.9299V21.5048Z" fill="white"></path><path d="M16.3879 25.558H17.7399L19.2454 29.4977L20.751 25.558H22.1029V31.8684H20.9309V28.0282L19.6873 31.2915H18.8035L17.5599 28.0282V31.8684H16.3879V25.558Z" fill="white"></path><path d="M25.4058 30.7146C25.6131 30.5341 25.7167 30.3119 25.7167 30.0474V29.9216H24.8335C24.5746 29.9216 24.3689 29.971 24.2158 30.07C24.0626 30.169 23.9858 30.3057 23.9858 30.48C23.9858 30.6424 24.0415 30.7671 24.1529 30.8543C24.2637 30.9414 24.4277 30.9847 24.6437 30.9847C24.9443 30.9847 25.1985 30.8945 25.4058 30.7146ZM23.6074 31.7782C23.3671 31.67 23.1748 31.5122 23.0304 31.3049C22.886 31.0976 22.8138 30.8496 22.8138 30.5609C22.8138 30.1046 22.9855 29.7364 23.3279 29.457C23.6703 29.1775 24.1333 29.0378 24.7159 29.0378H25.7167V28.8754C25.7167 28.6413 25.6357 28.4531 25.4733 28.3118C25.3109 28.1711 25.0918 28.1004 24.8154 28.1004C24.5927 28.1004 24.3916 28.1592 24.2111 28.2763C24.0312 28.3933 23.8956 28.5299 23.8059 28.6862L22.9494 28.1726C23.1113 27.8782 23.3516 27.6333 23.6703 27.4379C23.9889 27.2425 24.3705 27.145 24.8154 27.145C25.4522 27.145 25.9482 27.2982 26.3024 27.6044C26.6572 27.9112 26.8345 28.3526 26.8345 28.9295V31.8685H25.9152L25.7621 31.2735C25.6115 31.4776 25.4207 31.6401 25.1892 31.7602C24.9582 31.8803 24.686 31.9401 24.3735 31.9401C24.1029 31.9401 23.8476 31.8865 23.6074 31.7782Z" fill="white"></path><path d="M27.8214 30.3V28.1726H27.1182V27.2167H27.8214V26.4417L28.9393 25.7384V27.2167H30.1381V28.1726H28.9393V30.2458C28.9393 30.6903 29.1166 30.9125 29.4709 30.9125C29.6333 30.9125 29.7895 30.8496 29.9395 30.7233L30.4443 31.5797C30.2881 31.706 30.1169 31.7978 29.9308 31.855C29.7446 31.9117 29.5549 31.9401 29.3626 31.9401C28.3355 31.9401 27.8214 31.3936 27.8214 30.3Z" fill="white"></path><path d="M31.5487 31.6339C31.194 31.4297 30.9176 31.1456 30.7196 30.7821C30.5211 30.4186 30.4221 30.0056 30.4221 29.5426C30.4221 29.0801 30.5211 28.6666 30.7196 28.3031C30.9176 27.9396 31.194 27.6555 31.5487 27.4513C31.9034 27.2471 32.3087 27.145 32.7655 27.145C33.7993 27.145 34.4995 27.5683 34.8661 28.416L33.8473 28.8754C33.6132 28.4067 33.2528 28.1726 32.7655 28.1726C32.417 28.1726 32.1288 28.2989 31.9004 28.5511C31.6719 28.8037 31.558 29.1342 31.558 29.5426C31.558 29.9509 31.6719 30.282 31.9004 30.5341C32.1288 30.7867 32.417 30.9125 32.7655 30.9125C33.2528 30.9125 33.6132 30.6785 33.8473 30.2098L34.8661 30.6697C34.4995 31.5168 33.7993 31.9401 32.7655 31.9401C32.3087 31.9401 31.9034 31.8386 31.5487 31.6339Z" fill="white"></path><path d="M35.3998 25.4863H36.5176V27.9473C36.662 27.707 36.8615 27.5132 37.1167 27.3657C37.3725 27.2188 37.6592 27.145 37.9778 27.145C38.4702 27.145 38.8579 27.2909 39.1405 27.5823C39.423 27.8736 39.5643 28.2804 39.5643 28.8037V31.8685H38.4465V29.0285C38.4465 28.7522 38.3758 28.5408 38.2346 28.3933C38.0933 28.2458 37.8907 28.1726 37.6262 28.1726C37.3199 28.1726 37.0585 28.3093 36.8419 28.5825C36.6254 28.8558 36.5176 29.275 36.5176 29.8401V31.8685H35.3998V25.4863Z" fill="white"></path></svg><p class="styled__StyledBodyText-sc-119w3hf-5 ggtTyf styled__DarkGreyBodyText-jk5kya-0 iwRWTH">Aldi Price Match</p></div></div></div></div></div></div></div></li><li class="product-list--list-item"><div class="styles__StyledVerticalTileWrapper-dvv1wj-0 dtCNPH"><div data-auto="product-tile" data-auto-type="Quantity" data-auto-available="true" data-auto-is-restricted-disabled="false" data-auto-is-substitute="false" class="styles__StyledVerticalTile-dvv1wj-1 gSCsYK"><div class="styles__StyledTileContentWrapper-dvv1wj-2 bkNhNP beans"><div id="tile-296117381" data-auto-id="296117381" class="styles__StyledTiledContent-dvv1wj-3 bcglTg"><a href="https://www.tesco.com/groceries/en-GB/products/296117381" aria-hidden="true" class="product-image-wrapper" tabindex="1"><div class="product-image__container"><picture><img class="styled__Image-sjvkdn-0 bJErKA product-image beans-responsive-image__image" src="data:image/gif;base64,R0lGODlhAQABAAAAACH5BAEKAAEALAAAAAABAAEAAAICTAEAOw==" srcset="https://digitalcontent.api.tesco.com/v2/media/ghs/d1414e37-f3ce-4aa6-af9e-7658ef587c3b/a685461a-d208-4bdf-b74a-6504d19685e2.jpeg?h=225&amp;w=225 768w, data:image/gif;base64,R0lGODlhAQABAAAAACH5BAEKAAEALAAAAAABAAEAAAICTAEAOw== 4000w" alt="Birds Eye 10 Fish Fingers Omega3 280G"></picture></div></a><div class="product-details--wrapper"><h3 class="styles__H3-oa5soe-0 bCKNNq"><a href="https://www.tesco.com/groceries/en-GB/products/296117381" class="styled__Anchor-sc-1xbujuz-0 csVOnh beans-link__anchor" data-auto="product-tile--title"><span class="styled__Text-sc-1xbujuz-1 ldbwMG beans-link__text">Birds Eye 10 Fish Fingers Omega3 280G</span></a></h3><div class="styles__StyledPromotionsAboveMobile-dvv1wj-7 iPTMuo"></div><div class="styles__StyledProductDetailsContent-dvv1wj-5 ddRSrq"><a href="https://www.tesco.com/groceries/en-GB/reviews/submission/296117381?from=%2Fshop%2Ffrozen-food%2Fall" aria-label="Write a review for Birds Eye 10 Fish Fingers Omega3 280G" class="styled__Anchor-sc-1xbujuz-0 jSzuDt write-a-review-link beans-link__anchor" data-auto="review-link"><span class="styled__Text-sc-1xbujuz-1 fyDIEo beans-link__text">Write a review</span><span class="styled__IconContainer-sc-1xbujuz-2 bSauSL beans-link__icon-container"><svg aria-hidden="true" class="styled__SVG-xxa4wh-1 hQMCqc beans-link__icon beans-icon__svg" height="13.33" preserveAspectRatio="xMinYMax meet" viewBox="-1 0 12 20" width="8" xmlns="http://www.w3.org/2000/svg" color="currentColor"><path d="M1.312 1.348L10.276 10l-8.964 8.644" fill="none" stroke="currentColor"></path></svg></span></a><div><a href="https://www.tesco.com/groceries/en-GB/shop/frozen-food/frozen-fish-and-seafood/frozen-fish-fingers/frozen-fish-fingers" class="styled__Anchor-sc-1xbujuz-0 jSzuDt rest-of-shelf-link beans-link__anchor" data-auto="rest-of-shelf-link"><span class="styled__Text-sc-1xbujuz-1 fyDIEo beans-link__text">Rest of <span class="visually-hidden">Frozen Fish Fingers</span> shelf</span><span class="styled__IconContainer-sc-1xbujuz-2 bSauSL beans-link__icon-container"><svg aria-hidden="true" class="styled__SVG-xxa4wh-1 hQMCqc beans-link__icon beans-icon__svg" height="13.33" preserveAspectRatio="xMinYMax meet" viewBox="-1 0 12 20" width="8" xmlns="http://www.w3.org/2000/svg" color="currentColor"><path d="M1.312 1.348L10.276 10l-8.964 8.644" fill="none" stroke="currentColor"></path></svg></span></a></div><div class="product-info-message-section"><div class="product-info-message-list"></div></div></div><div class="styles__StyledBuyBoxWrapper-dvv1wj-4 dSvjUC"><div class="styles__StyledBuyBoxContainer-sc-1wx0qp6-0 erryje" data-auto="buybox-container"><div class="styles__SafeFormWrapper-jtpu2t-0 lcrYKS"><form action="https://www.tesco.com/groceries/en-GB/trolley/items/296117381?_method=PUT" method="POST"><input type="submit" class="hidden"><input name="id" type="hidden" value="296117381"><input name="identifier" type="hidden" value="Page"><input name="anchorId" type="hidden" value="#tile-296117381"><input name="returnUrl" type="hidden" value="/groceries/en-GB/shop/frozen-food/all?redirectIfUnavailable=true#tile-296117381"><input name="backToUrl" type="hidden" value="#"><input name="oldValue" type="hidden" value="0"><input name="oldUnitChoice" type="hidden" value="pcs"><input name="newUnitChoice" type="hidden" value="pcs"><div class="base-components__RootElement-sc-1mosoyj-1 styled__Container-sc-6nhkzi-0 jptQqM hSNpTb beans-buybox__container"><div class="base-components__BaseElement-sc-1mosoyj-0 styled__PriceAndActions-sc-6nhkzi-3 oznwo eEPLov beans-buybox__price-and-actions"><div class="base-components__RootElement-sc-1mosoyj-1 styled__Container-sc-8qlq5b-0 jptQqM bgZrjw styled__StyledPrice-sc-6nhkzi-5 iYHeik beans-buybox__price beans-price__container"><p class="styled__StyledHeading-sc-119w3hf-2 jWPEtj styled__Text-sc-8qlq5b-1 lnaeiZ beans-price__text">£3.00</p><p class="styled__StyledFootnote-sc-119w3hf-7 icrlVF styled__Subtext-sc-8qlq5b-2 bNJmdc beans-price__subtext">£10.72/kg</p></div><div class="base-components__RootElement-sc-1mosoyj-1 styled__Container-vtxwzb-0 jptQqM bDFhXJ beans-buybox__actions beans-quantity-controls__container"><div class="base-components__RootElement-sc-1mosoyj-1 styled__Container-sc-16t2b2a-0 jptQqM PUfgZ styled__StyledFormGroup-vtxwzb-1 kzKuAr beans-quantity-controls__form-group beans-form-group__container"><label class="styled__StyledLabel-sc-1ttuvhr-0 izGEjV beans-form-group__label beans-label" for="quantity-controls-296117381">Quantity controls </label><div class="base-components__BaseElement-sc-1mosoyj-0 styled__Children-sc-16t2b2a-3 oznwo gdJvjO beans-form-group__children"><div class="styled__StyledQuantityControlWrapper-vtxwzb-6 LCxOg"><label id="quantity-controls-296117381-label" class="styled__VisuallyHiddenLabel-vtxwzb-7 gXlLiM">Quantity of Birds Eye 10 Fish Fingers Omega3 280G</label><div class="component__Wrapper-sc-1kpmik-3 dReplG input-wrapper"><input class="base-components__RootElement-sc-1mosoyj-1 styled__StyledInput-sc-1jd5f57-0 component__StyledAsInput-sc-1kpmik-4 jptQqM eJLlow styled__StyledInput-vtxwzb-3 lwMHo beans-quantity-controls__input beans-input" data-auto="beans-quantity-controls-input" autocomplete="off" id="quantity-controls-296117381" maxlength="2" name="newValue" type="number" aria-labelledby="quantity-controls-296117381-label" value="1"></div></div><button class="styled__BaseButton-rsekm1-0 styled__PrimaryButton-rsekm1-2 jChbeY geeWOF styled__StyledButton-vtxwzb-5 japAxb beans-quantity-controls__add-button beans-button__container" type="submit" data-auto="beans-quantity-controls-add-button" aria-label="Quantity of Birds Eye 10 Fish Fingers Omega3 280G"><span class="base-components__BaseElement-sc-1mosoyj-0 styled__InnerContainer-rsekm1-1 oznwo fuFres beans-button__inner-container"><span class="base-components__BaseElement-sc-1mosoyj-0 styled__TextSpan-rsekm1-4 oznwo GDiMp beans-button__text">Add</span></span></button></div></div></div></div></div><input name="_csrf" type="hidden" value="0WbpBJF9-cS-fAMl-ByHnl5hECj1JaZiBQ20"></form></div></div></div></div><div class="hidden-medium product-info-section-small"><div class="product-info-message-list"></div></div></div></div></div></div></li><li class="product-list--list-item"><div class="styles__StyledVerticalTileWrapper-dvv1wj-0 dtCNPH"><div data-auto="product-tile" data-auto-type="Quantity" data-auto-available="true" data-auto-is-restricted-disabled="false" data-auto-is-substitute="false" class="styles__StyledVerticalTile-dvv1wj-1 gSCsYK"><div class="styles__StyledTileContentWrapper-dvv1wj-2 bkNhNP beans"><div id="tile-307364220" data-auto-id="307364220" class="styles__StyledTiledContent-dvv1wj-3 bcglTg"><a href="https://www.tesco.com/groceries/en-GB/products/307364220" aria-hidden="true" class="product-image-wrapper" tabindex="1"><div class="product-image__container"><picture><img class="styled__Image-sjvkdn-0 bJErKA product-image beans-responsive-image__image" src="data:image/gif;base64,R0lGODlhAQABAAAAACH5BAEKAAEALAAAAAABAAEAAAICTAEAOw==" srcset="https://digitalcontent.api.tesco.com/v2/media/ghs/aeaadf66-c696-4357-bac3-53325695eedc/9163839b-17d5-40aa-a851-7e0095b30772.jpeg?h=225&amp;w=225 768w, data:image/gif;base64,R0lGODlhAQABAAAAACH5BAEKAAEALAAAAAABAAEAAAICTAEAOw== 4000w" alt="Aunt Bessie&#39;s 10 Glorious Golden Yorkshires 190G"></picture></div></a><div class="product-details--wrapper"><h3 class="styles__H3-oa5soe-0 bCKNNq"><a href="https://www.tesco.com/groceries/en-GB/products/307364220" class="styled__Anchor-sc-1xbujuz-0 csVOnh beans-link__anchor" data-auto="product-tile--title"><span class="styled__Text-sc-1xbujuz-1 ldbwMG beans-link__text">Aunt Bessie's 10 Glorious Golden Yorkshires 190G</span></a></h3><div class="styles__StyledProductDetailsContent-dvv1wj-5 ddRSrq"><a href="https://www.tesco.com/groceries/en-GB/reviews/submission/307364220?from=%2Fshop%2Ffrozen-food%2Fall" aria-label="Write a review for Aunt Bessie&#39;s 10 Glorious Golden Yorkshires 190G" class="styled__Anchor-sc-1xbujuz-0 jSzuDt write-a-review-link beans-link__anchor" data-auto="review-link"><span class="styled__Text-sc-1xbujuz-1 fyDIEo beans-link__text">Write a review</span><span class="styled__IconContainer-sc-1xbujuz-2 bSauSL beans-link__icon-container"><svg aria-hidden="true" class="styled__SVG-xxa4wh-1 hQMCqc beans-link__icon beans-icon__svg" height="13.33" preserveAspectRatio="xMinYMax meet" viewBox="-1 0 12 20" width="8" xmlns="http://www.w3.org/2000/svg" color="currentColor"><path d="M1.312 1.348L10.276 10l-8.964 8.644" fill="none" stroke="currentColor"></path></svg></span></a><div><a href="https://www.tesco.com/groceries/en-GB/shop/frozen-food/frozen-yorkshire-puddings-and-stuffing/frozen-yorkshire-puddings/frozen-yorkshire-puddings" class="styled__Anchor-sc-1xbujuz-0 jSzuDt rest-of-shelf-link beans-link__anchor" data-auto="rest-of-shelf-link"><span class="styled__Text-sc-1xbujuz-1 fyDIEo beans-link__text">Rest of <span class="visually-hidden">Frozen Yorkshire Puddings</span> shelf</span><span class="styled__IconContainer-sc-1xbujuz-2 bSauSL beans-link__icon-container"><svg aria-hidden="true" class="styled__SVG-xxa4wh-1 hQMCqc beans-link__icon beans-icon__svg" height="13.33" preserveAspectRatio="xMinYMax meet" viewBox="-1 0 12 20" width="8" xmlns="http://www.w3.org/2000/svg" color="currentColor"><path d="M1.312 1.348L10.276 10l-8.964 8.644" fill="none" stroke="currentColor"></path></svg></span></a></div><div class="product-info-message-section"><div class="product-info-message-list"></div></div></div><div class="styles__StyledPromotionsWithBuyBoxWrapper-dvv1wj-8 cZskDh"><div class="styles__StyledPromotionsAboveMobile-dvv1wj-7 iPTMuo"><div class="styles__StyledPromotionsWithClubcardPriceContainer-sc-1vdpoop-0 bsPFbn"><div class="styles__StyledClubcardLogo-sc-1vdpoop-2 elOZEB"><div class="styles__Wrapper-sc-1d2phhy-0 hgBuQG undefined special-offer-sash"><span class="styles__CircleWrapper-sc-1d2phhy-2 hCbzjm"><strong class="styles__TextWrapper-sc-1d2phhy-1 bLXNGg">Clubcard Price</strong></span></div></div><a href="https://www.tesco.com/groceries/en-GB/promotions/88614762"><div class="styles__ProductPromotionStyling-sc-1vdpoop-3 WGKAK"><div class="styles__StyledPromotionsOfferContent-sc-1vdpoop-1 cPSekc"><span class="offer-text">£1.50 Clubcard Price</span></div><span class="dates">Offer valid for delivery from 22/11/2022 until 12/12/2022</span></div></a></div></div><div class="styles__StyledBuyBoxWrapper-dvv1wj-4 dSvjUC"><div class="styles__StyledBuyBoxContainer-sc-1wx0qp6-0 erryje" data-auto="buybox-container"><div class="styles__SafeFormWrapper-jtpu2t-0 lcrYKS"><form action="https://www.tesco.com/groceries/en-GB/trolley/items/307364220?_method=PUT" method="POST"><input type="submit" class="hidden"><input name="id" type="hidden" value="307364220"><input name="identifier" type="hidden" value="Page"><input name="anchorId" type="hidden" value="#tile-307364220"><input name="returnUrl" type="hidden" value="/groceries/en-GB/shop/frozen-food/all?redirectIfUnavailable=true#tile-307364220"><input name="backToUrl" type="hidden" value="#"><input name="oldValue" type="hidden" value="0"><input name="oldUnitChoice" type="hidden" value="pcs"><input name="newUnitChoice" type="hidden" value="pcs"><div class="base-components__RootElement-sc-1mosoyj-1 styled__Container-sc-6nhkzi-0 jptQqM hSNpTb beans-buybox__container"><div class="base-components__BaseElement-sc-1mosoyj-0 styled__PriceAndActions-sc-6nhkzi-3 oznwo eEPLov beans-buybox__price-and-actions"><div class="base-components__RootElement-sc-1mosoyj-1 styled__Container-sc-8qlq5b-0 jptQqM bgZrjw styled__StyledPrice-sc-6nhkzi-5 iYHeik beans-buybox__price beans-price__container"><p class="styled__StyledHeading-sc-119w3hf-2 jWPEtj styled__Text-sc-8qlq5b-1 lnaeiZ beans-price__text">£2.00</p><p class="styled__StyledFootnote-sc-119w3hf-7 icrlVF styled__Subtext-sc-8qlq5b-2 bNJmdc beans-price__subtext">£10.53/kg</p></div><div class="base-components__RootElement-sc-1mosoyj-1 styled__Container-vtxwzb-0 jptQqM bDFhXJ beans-buybox__actions beans-quantity-controls__container"><div class="base-components__RootElement-sc-1mosoyj-1 styled__Container-sc-16t2b2a-0 jptQqM PUfgZ styled__StyledFormGroup-vtxwzb-1 kzKuAr beans-quantity-controls__form-group beans-form-group__container"><label class="styled__StyledLabel-sc-1ttuvhr-0 izGEjV beans-form-group__label beans-label" for="quantity-controls-307364220">Quantity controls </label><div class="base-components__BaseElement-sc-1mosoyj-0 styled__Children-sc-16t2b2a-3 oznwo gdJvjO beans-form-group__children"><div class="styled__StyledQuantityControlWrapper-vtxwzb-6 LCxOg"><label id="quantity-controls-307364220-label" class="styled__VisuallyHiddenLabel-vtxwzb-7 gXlLiM">Quantity of Aunt Bessie's 10 Glorious Golden Yorkshires 190G</label><div class="component__Wrapper-sc-1kpmik-3 dReplG input-wrapper"><input class="base-components__RootElement-sc-1mosoyj-1 styled__StyledInput-sc-1jd5f57-0 component__StyledAsInput-sc-1kpmik-4 jptQqM eJLlow styled__StyledInput-vtxwzb-3 lwMHo beans-quantity-controls__input beans-input" data-auto="beans-quantity-controls-input" autocomplete="off" id="quantity-controls-307364220" maxlength="2" name="newValue" type="number" aria-labelledby="quantity-controls-307364220-label" value="1"></div></div><button class="styled__BaseButton-rsekm1-0 styled__PrimaryButton-rsekm1-2 jChbeY geeWOF styled__StyledButton-vtxwzb-5 japAxb beans-quantity-controls__add-button beans-button__container" type="submit" data-auto="beans-quantity-controls-add-button" aria-label="Quantity of Aunt Bessie&#39;s 10 Glorious Golden Yorkshires 190G"><span class="base-components__BaseElement-sc-1mosoyj-0 styled__InnerContainer-rsekm1-1 oznwo fuFres beans-button__inner-container"><span class="base-components__BaseElement-sc-1mosoyj-0 styled__TextSpan-rsekm1-4 oznwo GDiMp beans-button__text">Add</span></span></button></div></div></div></div></div><input name="_csrf" type="hidden" value="0WbpBJF9-cS-fAMl-ByHnl5hECj1JaZiBQ20"></form></div></div></div></div></div><div class="hidden-medium product-info-section-small"><div class="product-info-message-list"></div></div></div><div class="styles__StyledPromotionsMobile-dvv1wj-6 Bxaeb"><div><div class="styles__StyledPromotionsWithClubcardPriceContainer-sc-1vdpoop-0 bsPFbn"><div class="styles__StyledClubcardLogo-sc-1vdpoop-2 elOZEB"><div class="styles__Wrapper-sc-1d2phhy-0 hgBuQG undefined special-offer-sash"><span class="styles__CircleWrapper-sc-1d2phhy-2 hCbzjm"><strong class="styles__TextWrapper-sc-1d2phhy-1 bLXNGg">Clubcard Price</strong></span></div></div><a href="https://www.tesco.com/groceries/en-GB/promotions/88614762"><div class="styles__ProductPromotionStyling-sc-1vdpoop-3 WGKAK"><div class="styles__StyledPromotionsOfferContent-sc-1vdpoop-1 cPSekc"><span class="offer-text">£1.50 Clubcard Price</span></div><span class="dates">Offer valid for delivery from 22/11/2022 until 12/12/2022</span></div></a></div></div></div></div></div></div></li><li class="product-list--list-item"><div class="styles__StyledVerticalTileWrapper-dvv1wj-0 dtCNPH"><div data-auto="product-tile" data-auto-type="Quantity" data-auto-available="true" data-auto-is-restricted-disabled="false" data-auto-is-substitute="false" class="styles__StyledVerticalTile-dvv1wj-1 gSCsYK"><div class="styles__StyledTileContentWrapper-dvv1wj-2 bkNhNP beans"><div id="tile-258961797" data-auto-id="258961797" class="styles__StyledTiledContent-dvv1wj-3 bcglTg"><a href="https://www.tesco.com/groceries/en-GB/products/258961797" aria-hidden="true" class="product-image-wrapper" tabindex="1"><div class="product-image__container"><picture><img class="styled__Image-sjvkdn-0 bJErKA product-image beans-responsive-image__image" src="data:image/gif;base64,R0lGODlhAQABAAAAACH5BAEKAAEALAAAAAABAAEAAAICTAEAOw==" srcset="https://digitalcontent.api.tesco.com/v2/media/ghs/3be28ae5-334d-408e-870e-ef843fdd1690/61fad8fb-b389-4140-b9b0-49dacafe9d40.jpeg?h=225&amp;w=225 768w, data:image/gif;base64,R0lGODlhAQABAAAAACH5BAEKAAEALAAAAAABAAEAAAICTAEAOw== 4000w" alt="The Ice Co. Ice Cubes 2Kg"></picture></div></a><div class="product-details--wrapper"><h3 class="styles__H3-oa5soe-0 bCKNNq"><a href="https://www.tesco.com/groceries/en-GB/products/258961797" class="styled__Anchor-sc-1xbujuz-0 csVOnh beans-link__anchor" data-auto="product-tile--title"><span class="styled__Text-sc-1xbujuz-1 ldbwMG beans-link__text">The Ice Co. Ice Cubes 2Kg</span></a></h3><div class="styles__StyledPromotionsAboveMobile-dvv1wj-7 iPTMuo"></div><div class="styles__StyledProductDetailsContent-dvv1wj-5 ddRSrq"><a href="https://www.tesco.com/groceries/en-GB/reviews/submission/258961797?from=%2Fshop%2Ffrozen-food%2Fall" aria-label="Write a review for The Ice Co. Ice Cubes 2Kg" class="styled__Anchor-sc-1xbujuz-0 jSzuDt write-a-review-link beans-link__anchor" data-auto="review-link"><span class="styled__Text-sc-1xbujuz-1 fyDIEo beans-link__text">Write a review</span><span class="styled__IconContainer-sc-1xbujuz-2 bSauSL beans-link__icon-container"><svg aria-hidden="true" class="styled__SVG-xxa4wh-1 hQMCqc beans-link__icon beans-icon__svg" height="13.33" preserveAspectRatio="xMinYMax meet" viewBox="-1 0 12 20" width="8" xmlns="http://www.w3.org/2000/svg" color="currentColor"><path d="M1.312 1.348L10.276 10l-8.964 8.644" fill="none" stroke="currentColor"></path></svg></span></a><div><a href="https://www.tesco.com/groceries/en-GB/shop/frozen-food/ice-cubes/ice-cubes/ice-cubes" class="styled__Anchor-sc-1xbujuz-0 jSzuDt rest-of-shelf-link beans-link__anchor" data-auto="rest-of-shelf-link"><span class="styled__Text-sc-1xbujuz-1 fyDIEo beans-link__text">Rest of <span class="visually-hidden">Ice Cubes</span> shelf</span><span class="styled__IconContainer-sc-1xbujuz-2 bSauSL beans-link__icon-container"><svg aria-hidden="true" class="styled__SVG-xxa4wh-1 hQMCqc beans-link__icon beans-icon__svg" height="13.33" preserveAspectRatio="xMinYMax meet" viewBox="-1 0 12 20" width="8" xmlns="http://www.w3.org/2000/svg" color="currentColor"><path d="M1.312 1.348L10.276 10l-8.964 8.644" fill="none" stroke="currentColor"></path></svg></span></a></div><div class="product-info-message-section"><div class="product-info-message-list"></div></div></div><div class="styles__StyledBuyBoxWrapper-dvv1wj-4 dSvjUC"><div class="styles__StyledBuyBoxContainer-sc-1wx0qp6-0 erryje" data-auto="buybox-container"><div class="styles__SafeFormWrapper-jtpu2t-0 lcrYKS"><form action="https://www.tesco.com/groceries/en-GB/trolley/items/258961797?_method=PUT" method="POST"><input type="submit" class="hidden"><input name="id" type="hidden" value="258961797"><input name="identifier" type="hidden" value="Page"><input name="anchorId" type="hidden" value="#tile-258961797"><input name="returnUrl" type="hidden" value="/groceries/en-GB/shop/frozen-food/all?redirectIfUnavailable=true#tile-258961797"><input name="backToUrl" type="hidden" value="#"><input name="oldValue" type="hidden" value="0"><input name="oldUnitChoice" type="hidden" value="pcs"><input name="newUnitChoice" type="hidden" value="pcs"><div class="base-components__RootElement-sc-1mosoyj-1 styled__Container-sc-6nhkzi-0 jptQqM hSNpTb beans-buybox__container"><div class="base-components__BaseElement-sc-1mosoyj-0 styled__PriceAndActions-sc-6nhkzi-3 oznwo eEPLov beans-buybox__price-and-actions"><div class="base-components__RootElement-sc-1mosoyj-1 styled__Container-sc-8qlq5b-0 jptQqM bgZrjw styled__StyledPrice-sc-6nhkzi-5 iYHeik beans-buybox__price beans-price__container"><p class="styled__StyledHeading-sc-119w3hf-2 jWPEtj styled__Text-sc-8qlq5b-1 lnaeiZ beans-price__text">£1.00</p><p class="styled__StyledFootnote-sc-119w3hf-7 icrlVF styled__Subtext-sc-8qlq5b-2 bNJmdc beans-price__subtext">£0.50/kg</p></div><div class="base-components__RootElement-sc-1mosoyj-1 styled__Container-vtxwzb-0 jptQqM bDFhXJ beans-buybox__actions beans-quantity-controls__container"><div class="base-components__RootElement-sc-1mosoyj-1 styled__Container-sc-16t2b2a-0 jptQqM PUfgZ styled__StyledFormGroup-vtxwzb-1 kzKuAr beans-quantity-controls__form-group beans-form-group__container"><label class="styled__StyledLabel-sc-1ttuvhr-0 izGEjV beans-form-group__label beans-label" for="quantity-controls-258961797">Quantity controls </label><div class="base-components__BaseElement-sc-1mosoyj-0 styled__Children-sc-16t2b2a-3 oznwo gdJvjO beans-form-group__children"><div class="styled__StyledQuantityControlWrapper-vtxwzb-6 LCxOg"><label id="quantity-controls-258961797-label" class="styled__VisuallyHiddenLabel-vtxwzb-7 gXlLiM">Quantity of The Ice Co. Ice Cubes 2Kg</label><div class="component__Wrapper-sc-1kpmik-3 dReplG input-wrapper"><input class="base-components__RootElement-sc-1mosoyj-1 styled__StyledInput-sc-1jd5f57-0 component__StyledAsInput-sc-1kpmik-4 jptQqM eJLlow styled__StyledInput-vtxwzb-3 lwMHo beans-quantity-controls__input beans-input" data-auto="beans-quantity-controls-input" autocomplete="off" id="quantity-controls-258961797" maxlength="2" name="newValue" type="number" aria-labelledby="quantity-controls-258961797-label" value="1"></div></div><button class="styled__BaseButton-rsekm1-0 styled__PrimaryButton-rsekm1-2 jChbeY geeWOF styled__StyledButton-vtxwzb-5 japAxb beans-quantity-controls__add-button beans-button__container" type="submit" data-auto="beans-quantity-controls-add-button" aria-label="Quantity of The Ice Co. Ice Cubes 2Kg"><span class="base-components__BaseElement-sc-1mosoyj-0 styled__InnerContainer-rsekm1-1 oznwo fuFres beans-button__inner-container"><span class="base-components__BaseElement-sc-1mosoyj-0 styled__TextSpan-rsekm1-4 oznwo GDiMp beans-button__text">Add</span></span></button></div></div></div></div></div><input name="_csrf" type="hidden" value="0WbpBJF9-cS-fAMl-ByHnl5hECj1JaZiBQ20"></form></div></div></div></div><div class="hidden-medium product-info-section-small"><div class="product-info-message-list"></div></div></div></div></div></div></li><li class="product-list--list-item"><div class="styles__StyledVerticalTileWrapper-dvv1wj-0 dtCNPH"><div data-auto="product-tile" data-auto-type="Quantity" data-auto-available="true" data-auto-is-restricted-disabled="false" data-auto-is-substitute="false" class="styles__StyledVerticalTile-dvv1wj-1 gSCsYK"><div class="styles__StyledTileContentWrapper-dvv1wj-2 bkNhNP beans"><div id="tile-282059931" data-auto-id="282059931" class="styles__StyledTiledContent-dvv1wj-3 bcglTg"><a href="https://www.tesco.com/groceries/en-GB/products/282059931" aria-hidden="true" class="product-image-wrapper" tabindex="1"><div class="product-image__container"><picture><img class="styled__Image-sjvkdn-0 bJErKA product-image beans-responsive-image__image" src="data:image/gif;base64,R0lGODlhAQABAAAAACH5BAEKAAEALAAAAAABAAEAAAICTAEAOw==" srcset="https://digitalcontent.api.tesco.com/v2/media/ghs/c5f0d507-7883-46bf-8660-551ef79c99ae/06928b3d-7dbc-45f0-babc-4eb91174fb27.jpeg?h=225&amp;w=225 768w, data:image/gif;base64,R0lGODlhAQABAAAAACH5BAEKAAEALAAAAAABAAEAAAICTAEAOw== 4000w" alt="Tesco Hash Browns 750G"></picture></div></a><div class="product-details--wrapper"><h3 class="styles__H3-oa5soe-0 bCKNNq"><a href="https://www.tesco.com/groceries/en-GB/products/282059931" class="styled__Anchor-sc-1xbujuz-0 csVOnh beans-link__anchor" data-auto="product-tile--title"><span class="styled__Text-sc-1xbujuz-1 ldbwMG beans-link__text">Tesco Hash Browns 750G</span></a></h3><div class="styles__StyledPromotionsAboveMobile-dvv1wj-7 iPTMuo"></div><div class="styles__StyledProductDetailsContent-dvv1wj-5 ddRSrq"><a href="https://www.tesco.com/groceries/en-GB/reviews/submission/282059931?from=%2Fshop%2Ffrozen-food%2Fall" aria-label="Write a review for Tesco Hash Browns 750G" class="styled__Anchor-sc-1xbujuz-0 jSzuDt write-a-review-link beans-link__anchor" data-auto="review-link"><span class="styled__Text-sc-1xbujuz-1 fyDIEo beans-link__text">Write a review</span><span class="styled__IconContainer-sc-1xbujuz-2 bSauSL beans-link__icon-container"><svg aria-hidden="true" class="styled__SVG-xxa4wh-1 hQMCqc beans-link__icon beans-icon__svg" height="13.33" preserveAspectRatio="xMinYMax meet" viewBox="-1 0 12 20" width="8" xmlns="http://www.w3.org/2000/svg" color="currentColor"><path d="M1.312 1.348L10.276 10l-8.964 8.644" fill="none" stroke="currentColor"></path></svg></span></a><div><a href="https://www.tesco.com/groceries/en-GB/shop/frozen-food/frozen-chips-onion-rings-potatoes-and-rice/frozen-potatoes/frozen-hash-browns" class="styled__Anchor-sc-1xbujuz-0 jSzuDt rest-of-shelf-link beans-link__anchor" data-auto="rest-of-shelf-link"><span class="styled__Text-sc-1xbujuz-1 fyDIEo beans-link__text">Rest of <span class="visually-hidden">Frozen Hash Browns</span> shelf</span><span class="styled__IconContainer-sc-1xbujuz-2 bSauSL beans-link__icon-container"><svg aria-hidden="true" class="styled__SVG-xxa4wh-1 hQMCqc beans-link__icon beans-icon__svg" height="13.33" preserveAspectRatio="xMinYMax meet" viewBox="-1 0 12 20" width="8" xmlns="http://www.w3.org/2000/svg" color="currentColor"><path d="M1.312 1.348L10.276 10l-8.964 8.644" fill="none" stroke="currentColor"></path></svg></span></a></div><div class="product-info-message-section"><div class="product-info-message-list"></div></div></div><div class="styles__StyledBuyBoxWrapper-dvv1wj-4 dSvjUC"><div class="styles__StyledBuyBoxContainer-sc-1wx0qp6-0 erryje" data-auto="buybox-container"><div class="styles__SafeFormWrapper-jtpu2t-0 lcrYKS"><form action="https://www.tesco.com/groceries/en-GB/trolley/items/282059931?_method=PUT" method="POST"><input type="submit" class="hidden"><input name="id" type="hidden" value="282059931"><input name="identifier" type="hidden" value="Page"><input name="anchorId" type="hidden" value="#tile-282059931"><input name="returnUrl" type="hidden" value="/groceries/en-GB/shop/frozen-food/all?redirectIfUnavailable=true#tile-282059931"><input name="backToUrl" type="hidden" value="#"><input name="oldValue" type="hidden" value="0"><input name="oldUnitChoice" type="hidden" value="pcs"><input name="newUnitChoice" type="hidden" value="pcs"><div class="base-components__RootElement-sc-1mosoyj-1 styled__Container-sc-6nhkzi-0 jptQqM hSNpTb beans-buybox__container"><div class="base-components__BaseElement-sc-1mosoyj-0 styled__PriceAndActions-sc-6nhkzi-3 oznwo eEPLov beans-buybox__price-and-actions"><div class="base-components__RootElement-sc-1mosoyj-1 styled__Container-sc-8qlq5b-0 jptQqM bgZrjw styled__StyledPrice-sc-6nhkzi-5 iYHeik beans-buybox__price beans-price__container"><p class="styled__StyledHeading-sc-119w3hf-2 jWPEtj styled__Text-sc-8qlq5b-1 lnaeiZ beans-price__text">£1.70</p><p class="styled__StyledFootnote-sc-119w3hf-7 icrlVF styled__Subtext-sc-8qlq5b-2 bNJmdc beans-price__subtext">£2.27/kg</p></div><div class="base-components__RootElement-sc-1mosoyj-1 styled__Container-vtxwzb-0 jptQqM bDFhXJ beans-buybox__actions beans-quantity-controls__container"><div class="base-components__RootElement-sc-1mosoyj-1 styled__Container-sc-16t2b2a-0 jptQqM PUfgZ styled__StyledFormGroup-vtxwzb-1 kzKuAr beans-quantity-controls__form-group beans-form-group__container"><label class="styled__StyledLabel-sc-1ttuvhr-0 izGEjV beans-form-group__label beans-label" for="quantity-controls-282059931">Quantity controls </label><div class="base-components__BaseElement-sc-1mosoyj-0 styled__Children-sc-16t2b2a-3 oznwo gdJvjO beans-form-group__children"><div class="styled__StyledQuantityControlWrapper-vtxwzb-6 LCxOg"><label id="quantity-controls-282059931-label" class="styled__VisuallyHiddenLabel-vtxwzb-7 gXlLiM">Quantity of Tesco Hash Browns 750G</label><div class="component__Wrapper-sc-1kpmik-3 dReplG input-wrapper"><input class="base-components__RootElement-sc-1mosoyj-1 styled__StyledInput-sc-1jd5f57-0 component__StyledAsInput-sc-1kpmik-4 jptQqM eJLlow styled__StyledInput-vtxwzb-3 lwMHo beans-quantity-controls__input beans-input" data-auto="beans-quantity-controls-input" autocomplete="off" id="quantity-controls-282059931" maxlength="2" name="newValue" type="number" aria-labelledby="quantity-controls-282059931-label" value="1"></div></div><button class="styled__BaseButton-rsekm1-0 styled__PrimaryButton-rsekm1-2 jChbeY geeWOF styled__StyledButton-vtxwzb-5 japAxb beans-quantity-controls__add-button beans-button__container" type="submit" data-auto="beans-quantity-controls-add-button" aria-label="Quantity of Tesco Hash Browns 750G"><span class="base-components__BaseElement-sc-1mosoyj-0 styled__InnerContainer-rsekm1-1 oznwo fuFres beans-button__inner-container"><span class="base-components__BaseElement-sc-1mosoyj-0 styled__TextSpan-rsekm1-4 oznwo GDiMp beans-button__text">Add</span></span></button></div></div></div></div></div><input name="_csrf" type="hidden" value="0WbpBJF9-cS-fAMl-ByHnl5hECj1JaZiBQ20"></form></div></div></div></div><div class="hidden-medium product-info-section-small"><div class="product-info-message-list"></div></div></div></div></div></div></li><li class="product-list--list-item"><div class="styles__StyledVerticalTileWrapper-dvv1wj-0 dtCNPH"><div data-auto="product-tile" data-auto-type="Quantity" data-auto-available="true" data-auto-is-restricted-disabled="false" data-auto-is-substitute="false" class="styles__StyledVerticalTile-dvv1wj-1 gSCsYK"><div class="styles__StyledTileContentWrapper-dvv1wj-2 bkNhNP beans"><div id="tile-307749762" data-auto-id="307749762" class="styles__StyledTiledContent-dvv1wj-3 bcglTg"><a href="https://www.tesco.com/groceries/en-GB/products/307749762" aria-hidden="true" class="product-image-wrapper" tabindex="1"><div class="product-image__container"><picture><img class="styled__Image-sjvkdn-0 bJErKA product-image beans-responsive-image__image" src="data:image/gif;base64,R0lGODlhAQABAAAAACH5BAEKAAEALAAAAAABAAEAAAICTAEAOw==" srcset="https://digitalcontent.api.tesco.com/v2/media/ghs/85711089-5ac4-4a8c-9d45-f103362b9092/114bf484-c35e-424b-8d18-8c62f0199a82.jpeg?h=225&amp;w=225 768w, data:image/gif;base64,R0lGODlhAQABAAAAACH5BAEKAAEALAAAAAABAAEAAAICTAEAOw== 4000w" alt="Tesco 12 Yorkshire Puddings 220G"></picture></div></a><div class="product-details--wrapper"><h3 class="styles__H3-oa5soe-0 bCKNNq"><a href="https://www.tesco.com/groceries/en-GB/products/307749762" class="styled__Anchor-sc-1xbujuz-0 csVOnh beans-link__anchor" data-auto="product-tile--title"><span class="styled__Text-sc-1xbujuz-1 ldbwMG beans-link__text">Tesco 12 Yorkshire Puddings 220G</span></a></h3><div class="styles__StyledPromotionsAboveMobile-dvv1wj-7 iPTMuo"></div><div class="styles__StyledProductDetailsContent-dvv1wj-5 ddRSrq"><a href="https://www.tesco.com/groceries/en-GB/reviews/submission/307749762?from=%2Fshop%2Ffrozen-food%2Fall" aria-label="Write a review for Tesco 12 Yorkshire Puddings 220G" class="styled__Anchor-sc-1xbujuz-0 jSzuDt write-a-review-link beans-link__anchor" data-auto="review-link"><span class="styled__Text-sc-1xbujuz-1 fyDIEo beans-link__text">Write a review</span><span class="styled__IconContainer-sc-1xbujuz-2 bSauSL beans-link__icon-container"><svg aria-hidden="true" class="styled__SVG-xxa4wh-1 hQMCqc beans-link__icon beans-icon__svg" height="13.33" preserveAspectRatio="xMinYMax meet" viewBox="-1 0 12 20" width="8" xmlns="http://www.w3.org/2000/svg" color="currentColor"><path d="M1.312 1.348L10.276 10l-8.964 8.644" fill="none" stroke="currentColor"></path></svg></span></a><div><a href="https://www.tesco.com/groceries/en-GB/shop/frozen-food/frozen-yorkshire-puddings-and-stuffing/frozen-yorkshire-puddings/frozen-yorkshire-puddings" class="styled__Anchor-sc-1xbujuz-0 jSzuDt rest-of-shelf-link beans-link__anchor" data-auto="rest-of-shelf-link"><span class="styled__Text-sc-1xbujuz-1 fyDIEo beans-link__text">Rest of <span class="visually-hidden">Frozen Yorkshire Puddings</span> shelf</span><span class="styled__IconContainer-sc-1xbujuz-2 bSauSL beans-link__icon-container"><svg aria-hidden="true" class="styled__SVG-xxa4wh-1 hQMCqc beans-link__icon beans-icon__svg" height="13.33" preserveAspectRatio="xMinYMax meet" viewBox="-1 0 12 20" width="8" xmlns="http://www.w3.org/2000/svg" color="currentColor"><path d="M1.312 1.348L10.276 10l-8.964 8.644" fill="none" stroke="currentColor"></path></svg></span></a></div><div class="product-info-message-section"><div class="product-info-message-list"></div></div></div><div class="styles__StyledBuyBoxWrapper-dvv1wj-4 dSvjUC"><div class="styles__StyledBuyBoxContainer-sc-1wx0qp6-0 erryje" data-auto="buybox-container"><div class="styles__SafeFormWrapper-jtpu2t-0 lcrYKS"><form action="https://www.tesco.com/groceries/en-GB/trolley/items/307749762?_method=PUT" method="POST"><input type="submit" class="hidden"><input name="id" type="hidden" value="307749762"><input name="identifier" type="hidden" value="Page"><input name="anchorId" type="hidden" value="#tile-307749762"><input name="returnUrl" type="hidden" value="/groceries/en-GB/shop/frozen-food/all?redirectIfUnavailable=true#tile-307749762"><input name="backToUrl" type="hidden" value="#"><input name="oldValue" type="hidden" value="0"><input name="oldUnitChoice" type="hidden" value="pcs"><input name="newUnitChoice" type="hidden" value="pcs"><div class="base-components__RootElement-sc-1mosoyj-1 styled__Container-sc-6nhkzi-0 jptQqM hSNpTb beans-buybox__container"><div class="base-components__BaseElement-sc-1mosoyj-0 styled__PriceAndActions-sc-6nhkzi-3 oznwo eEPLov beans-buybox__price-and-actions"><div class="base-components__RootElement-sc-1mosoyj-1 styled__Container-sc-8qlq5b-0 jptQqM bgZrjw styled__StyledPrice-sc-6nhkzi-5 iYHeik beans-buybox__price beans-price__container"><p class="styled__StyledHeading-sc-119w3hf-2 jWPEtj styled__Text-sc-8qlq5b-1 lnaeiZ beans-price__text">£1.30</p><p class="styled__StyledFootnote-sc-119w3hf-7 icrlVF styled__Subtext-sc-8qlq5b-2 bNJmdc beans-price__subtext">£5.91/kg</p></div><div class="base-components__RootElement-sc-1mosoyj-1 styled__Container-vtxwzb-0 jptQqM bDFhXJ beans-buybox__actions beans-quantity-controls__container"><div class="base-components__RootElement-sc-1mosoyj-1 styled__Container-sc-16t2b2a-0 jptQqM PUfgZ styled__StyledFormGroup-vtxwzb-1 kzKuAr beans-quantity-controls__form-group beans-form-group__container"><label class="styled__StyledLabel-sc-1ttuvhr-0 izGEjV beans-form-group__label beans-label" for="quantity-controls-307749762">Quantity controls </label><div class="base-components__BaseElement-sc-1mosoyj-0 styled__Children-sc-16t2b2a-3 oznwo gdJvjO beans-form-group__children"><div class="styled__StyledQuantityControlWrapper-vtxwzb-6 LCxOg"><label id="quantity-controls-307749762-label" class="styled__VisuallyHiddenLabel-vtxwzb-7 gXlLiM">Quantity of Tesco 12 Yorkshire Puddings 220G</label><div class="component__Wrapper-sc-1kpmik-3 dReplG input-wrapper"><input class="base-components__RootElement-sc-1mosoyj-1 styled__StyledInput-sc-1jd5f57-0 component__StyledAsInput-sc-1kpmik-4 jptQqM eJLlow styled__StyledInput-vtxwzb-3 lwMHo beans-quantity-controls__input beans-input" data-auto="beans-quantity-controls-input" autocomplete="off" id="quantity-controls-307749762" maxlength="2" name="newValue" type="number" aria-labelledby="quantity-controls-307749762-label" value="1"></div></div><button class="styled__BaseButton-rsekm1-0 styled__PrimaryButton-rsekm1-2 jChbeY geeWOF styled__StyledButton-vtxwzb-5 japAxb beans-quantity-controls__add-button beans-button__container" type="submit" data-auto="beans-quantity-controls-add-button" aria-label="Quantity of Tesco 12 Yorkshire Puddings 220G"><span class="base-components__BaseElement-sc-1mosoyj-0 styled__InnerContainer-rsekm1-1 oznwo fuFres beans-button__inner-container"><span class="base-components__BaseElement-sc-1mosoyj-0 styled__TextSpan-rsekm1-4 oznwo GDiMp beans-button__text">Add</span></span></button></div></div></div></div></div><input name="_csrf" type="hidden" value="0WbpBJF9-cS-fAMl-ByHnl5hECj1JaZiBQ20"></form></div></div></div></div><div class="hidden-medium product-info-section-small"><div class="product-info-message-list"></div></div></div></div></div></div></li><li class="product-list--list-item"><div class="styles__StyledVerticalTileWrapper-dvv1wj-0 dtCNPH"><div data-auto="product-tile" data-auto-type="Quantity" data-auto-available="true" data-auto-is-restricted-disabled="false" data-auto-is-substitute="false" class="styles__StyledVerticalTile-dvv1wj-1 gSCsYK"><div class="styles__StyledTileContentWrapper-dvv1wj-2 bkNhNP beans"><div id="tile-297683145" data-auto-id="297683145" class="styles__StyledTiledContent-dvv1wj-3 bcglTg"><a href="https://www.tesco.com/groceries/en-GB/products/297683145" aria-hidden="true" class="product-image-wrapper" tabindex="1"><div class="product-image__container"><picture><img class="styled__Image-sjvkdn-0 bJErKA product-image beans-responsive-image__image" src="data:image/gif;base64,R0lGODlhAQABAAAAACH5BAEKAAEALAAAAAABAAEAAAICTAEAOw==" srcset="https://digitalcontent.api.tesco.com/v2/media/ghs/281f92d4-863c-4143-a78d-05d246d6c904/65951617-7434-45e0-8087-27e9c6b2e004.jpeg?h=225&amp;w=225 768w, data:image/gif;base64,R0lGODlhAQABAAAAACH5BAEKAAEALAAAAAABAAEAAAICTAEAOw== 4000w" alt="Tesco 4 Southern Fried Chicken Steaks 380G"></picture></div></a><div class="product-details--wrapper"><h3 class="styles__H3-oa5soe-0 bCKNNq"><a href="https://www.tesco.com/groceries/en-GB/products/297683145" class="styled__Anchor-sc-1xbujuz-0 csVOnh beans-link__anchor" data-auto="product-tile--title"><span class="styled__Text-sc-1xbujuz-1 ldbwMG beans-link__text">Tesco 4 Southern Fried Chicken Steaks 380G</span></a></h3><div class="styles__StyledPromotionsAboveMobile-dvv1wj-7 iPTMuo"></div><div class="styles__StyledProductDetailsContent-dvv1wj-5 ddRSrq"><a href="https://www.tesco.com/groceries/en-GB/reviews/submission/297683145?from=%2Fshop%2Ffrozen-food%2Fall" aria-label="Write a review for Tesco 4 Southern Fried Chicken Steaks 380G" class="styled__Anchor-sc-1xbujuz-0 jSzuDt write-a-review-link beans-link__anchor" data-auto="review-link"><span class="styled__Text-sc-1xbujuz-1 fyDIEo beans-link__text">Write a review</span><span class="styled__IconContainer-sc-1xbujuz-2 bSauSL beans-link__icon-container"><svg aria-hidden="true" class="styled__SVG-xxa4wh-1 hQMCqc beans-link__icon beans-icon__svg" height="13.33" preserveAspectRatio="xMinYMax meet" viewBox="-1 0 12 20" width="8" xmlns="http://www.w3.org/2000/svg" color="currentColor"><path d="M1.312 1.348L10.276 10l-8.964 8.644" fill="none" stroke="currentColor"></path></svg></span></a><div><a href="https://www.tesco.com/groceries/en-GB/shop/frozen-food/frozen-meat-and-poultry/frozen-breaded-chicken/frozen-chicken-fillets-strips-and-steaks" class="styled__Anchor-sc-1xbujuz-0 jSzuDt rest-of-shelf-link beans-link__anchor" data-auto="rest-of-shelf-link"><span class="styled__Text-sc-1xbujuz-1 fyDIEo beans-link__text">Rest of <span class="visually-hidden">Frozen Chicken Fillets, Strips &amp; Steaks</span> shelf</span><span class="styled__IconContainer-sc-1xbujuz-2 bSauSL beans-link__icon-container"><svg aria-hidden="true" class="styled__SVG-xxa4wh-1 hQMCqc beans-link__icon beans-icon__svg" height="13.33" preserveAspectRatio="xMinYMax meet" viewBox="-1 0 12 20" width="8" xmlns="http://www.w3.org/2000/svg" color="currentColor"><path d="M1.312 1.348L10.276 10l-8.964 8.644" fill="none" stroke="currentColor"></path></svg></span></a></div><div class="product-info-message-section"><div class="product-info-message-list"></div></div></div><div class="styles__StyledBuyBoxWrapper-dvv1wj-4 dSvjUC"><div class="styles__StyledBuyBoxContainer-sc-1wx0qp6-0 erryje" data-auto="buybox-container"><div class="styles__SafeFormWrapper-jtpu2t-0 lcrYKS"><form action="https://www.tesco.com/groceries/en-GB/trolley/items/297683145?_method=PUT" method="POST"><input type="submit" class="hidden"><input name="id" type="hidden" value="297683145"><input name="identifier" type="hidden" value="Page"><input name="anchorId" type="hidden" value="#tile-297683145"><input name="returnUrl" type="hidden" value="/groceries/en-GB/shop/frozen-food/all?redirectIfUnavailable=true#tile-297683145"><input name="backToUrl" type="hidden" value="#"><input name="oldValue" type="hidden" value="0"><input name="oldUnitChoice" type="hidden" value="pcs"><input name="newUnitChoice" type="hidden" value="pcs"><div class="base-components__RootElement-sc-1mosoyj-1 styled__Container-sc-6nhkzi-0 jptQqM hSNpTb beans-buybox__container"><div class="base-components__BaseElement-sc-1mosoyj-0 styled__PriceAndActions-sc-6nhkzi-3 oznwo eEPLov beans-buybox__price-and-actions"><div class="base-components__RootElement-sc-1mosoyj-1 styled__Container-sc-8qlq5b-0 jptQqM bgZrjw styled__StyledPrice-sc-6nhkzi-5 iYHeik beans-buybox__price beans-price__container"><p class="styled__StyledHeading-sc-119w3hf-2 jWPEtj styled__Text-sc-8qlq5b-1 lnaeiZ beans-price__text">£2.00</p><p class="styled__StyledFootnote-sc-119w3hf-7 icrlVF styled__Subtext-sc-8qlq5b-2 bNJmdc beans-price__subtext">£5.27/kg</p></div><div class="base-components__RootElement-sc-1mosoyj-1 styled__Container-vtxwzb-0 jptQqM bDFhXJ beans-buybox__actions beans-quantity-controls__container"><div class="base-components__RootElement-sc-1mosoyj-1 styled__Container-sc-16t2b2a-0 jptQqM PUfgZ styled__StyledFormGroup-vtxwzb-1 kzKuAr beans-quantity-controls__form-group beans-form-group__container"><label class="styled__StyledLabel-sc-1ttuvhr-0 izGEjV beans-form-group__label beans-label" for="quantity-controls-297683145">Quantity controls </label><div class="base-components__BaseElement-sc-1mosoyj-0 styled__Children-sc-16t2b2a-3 oznwo gdJvjO beans-form-group__children"><div class="styled__StyledQuantityControlWrapper-vtxwzb-6 LCxOg"><label id="quantity-controls-297683145-label" class="styled__VisuallyHiddenLabel-vtxwzb-7 gXlLiM">Quantity of Tesco 4 Southern Fried Chicken Steaks 380G</label><div class="component__Wrapper-sc-1kpmik-3 dReplG input-wrapper"><input class="base-components__RootElement-sc-1mosoyj-1 styled__StyledInput-sc-1jd5f57-0 component__StyledAsInput-sc-1kpmik-4 jptQqM eJLlow styled__StyledInput-vtxwzb-3 lwMHo beans-quantity-controls__input beans-input" data-auto="beans-quantity-controls-input" autocomplete="off" id="quantity-controls-297683145" maxlength="2" name="newValue" type="number" aria-labelledby="quantity-controls-297683145-label" value="1"></div></div><button class="styled__BaseButton-rsekm1-0 styled__PrimaryButton-rsekm1-2 jChbeY geeWOF styled__StyledButton-vtxwzb-5 japAxb beans-quantity-controls__add-button beans-button__container" type="submit" data-auto="beans-quantity-controls-add-button" aria-label="Quantity of Tesco 4 Southern Fried Chicken Steaks 380G"><span class="base-components__BaseElement-sc-1mosoyj-0 styled__InnerContainer-rsekm1-1 oznwo fuFres beans-button__inner-container"><span class="base-components__BaseElement-sc-1mosoyj-0 styled__TextSpan-rsekm1-4 oznwo GDiMp beans-button__text">Add</span></span></button></div></div></div></div></div><input name="_csrf" type="hidden" value="0WbpBJF9-cS-fAMl-ByHnl5hECj1JaZiBQ20"></form></div></div></div></div><div class="hidden-medium product-info-section-small"><div class="product-info-message-list"></div></div></div></div></div></div></li><li class="product-list--list-item"><div class="styles__StyledVerticalTileWrapper-dvv1wj-0 dtCNPH"><div data-auto="product-tile" data-auto-type="Quantity" data-auto-available="true" data-auto-is-restricted-disabled="false" data-auto-is-substitute="false" class="styles__StyledVerticalTile-dvv1wj-1 gSCsYK"><div class="styles__StyledTileContentWrapper-dvv1wj-2 bkNhNP beans"><div id="tile-285679405" data-auto-id="285679405" class="styles__StyledTiledContent-dvv1wj-3 bcglTg"><a href="https://www.tesco.com/groceries/en-GB/products/285679405" aria-hidden="true" class="product-image-wrapper" tabindex="1"><div class="product-image__container"><picture><img class="styled__Image-sjvkdn-0 bJErKA product-image beans-responsive-image__image" src="data:image/gif;base64,R0lGODlhAQABAAAAACH5BAEKAAEALAAAAAABAAEAAAICTAEAOw==" srcset="https://digitalcontent.api.tesco.com/v2/media/ghs/e9b7a88b-8880-4471-9ba3-90726d9d8d25/a8c7c3f5-6d5d-40d9-b49a-9055e564ca41.jpeg?h=225&amp;w=225 768w, data:image/gif;base64,R0lGODlhAQABAAAAACH5BAEKAAEALAAAAAABAAEAAAICTAEAOw== 4000w" alt="Tesco Homestyle Straight Cut Oven Chips 950G"></picture></div></a><div class="product-details--wrapper"><h3 class="styles__H3-oa5soe-0 bCKNNq"><a href="https://www.tesco.com/groceries/en-GB/products/285679405" class="styled__Anchor-sc-1xbujuz-0 csVOnh beans-link__anchor" data-auto="product-tile--title"><span class="styled__Text-sc-1xbujuz-1 ldbwMG beans-link__text">Tesco Homestyle Straight Cut Oven Chips 950G</span></a></h3><div class="styles__StyledPromotionsAboveMobile-dvv1wj-7 iPTMuo"></div><div class="styles__StyledProductDetailsContent-dvv1wj-5 ddRSrq"><a href="https://www.tesco.com/groceries/en-GB/reviews/submission/285679405?from=%2Fshop%2Ffrozen-food%2Fall" aria-label="Write a review for Tesco Homestyle Straight Cut Oven Chips 950G" class="styled__Anchor-sc-1xbujuz-0 jSzuDt write-a-review-link beans-link__anchor" data-auto="review-link"><span class="styled__Text-sc-1xbujuz-1 fyDIEo beans-link__text">Write a review</span><span class="styled__IconContainer-sc-1xbujuz-2 bSauSL beans-link__icon-container"><svg aria-hidden="true" class="styled__SVG-xxa4wh-1 hQMCqc beans-link__icon beans-icon__svg" height="13.33" preserveAspectRatio="xMinYMax meet" viewBox="-1 0 12 20" width="8" xmlns="http://www.w3.org/2000/svg" color="currentColor"><path d="M1.312 1.348L10.276 10l-8.964 8.644" fill="none" stroke="currentColor"></path></svg></span></a><div><a href="https://www.tesco.com/groceries/en-GB/shop/frozen-food/frozen-chips-onion-rings-potatoes-and-rice/frozen-chips/frozen-oven-chips" class="styled__Anchor-sc-1xbujuz-0 jSzuDt rest-of-shelf-link beans-link__anchor" data-auto="rest-of-shelf-link"><span class="styled__Text-sc-1xbujuz-1 fyDIEo beans-link__text">Rest of <span class="visually-hidden">Frozen Oven Chips</span> shelf</span><span class="styled__IconContainer-sc-1xbujuz-2 bSauSL beans-link__icon-container"><svg aria-hidden="true" class="styled__SVG-xxa4wh-1 hQMCqc beans-link__icon beans-icon__svg" height="13.33" preserveAspectRatio="xMinYMax meet" viewBox="-1 0 12 20" width="8" xmlns="http://www.w3.org/2000/svg" color="currentColor"><path d="M1.312 1.348L10.276 10l-8.964 8.644" fill="none" stroke="currentColor"></path></svg></span></a></div><div class="product-info-message-section"><div class="product-info-message-list"></div></div></div><div class="styles__StyledBuyBoxWrapper-dvv1wj-4 dSvjUC"><div class="styles__StyledBuyBoxContainer-sc-1wx0qp6-0 erryje" data-auto="buybox-container"><div class="styles__SafeFormWrapper-jtpu2t-0 lcrYKS"><form action="https://www.tesco.com/groceries/en-GB/trolley/items/285679405?_method=PUT" method="POST"><input type="submit" class="hidden"><input name="id" type="hidden" value="285679405"><input name="identifier" type="hidden" value="Page"><input name="anchorId" type="hidden" value="#tile-285679405"><input name="returnUrl" type="hidden" value="/groceries/en-GB/shop/frozen-food/all?redirectIfUnavailable=true#tile-285679405"><input name="backToUrl" type="hidden" value="#"><input name="oldValue" type="hidden" value="0"><input name="oldUnitChoice" type="hidden" value="pcs"><input name="newUnitChoice" type="hidden" value="pcs"><div class="base-components__RootElement-sc-1mosoyj-1 styled__Container-sc-6nhkzi-0 jptQqM hSNpTb beans-buybox__container"><div class="base-components__BaseElement-sc-1mosoyj-0 styled__PriceAndActions-sc-6nhkzi-3 oznwo eEPLov beans-buybox__price-and-actions"><div class="base-components__RootElement-sc-1mosoyj-1 styled__Container-sc-8qlq5b-0 jptQqM bgZrjw styled__StyledPrice-sc-6nhkzi-5 iYHeik beans-buybox__price beans-price__container"><p class="styled__StyledHeading-sc-119w3hf-2 jWPEtj styled__Text-sc-8qlq5b-1 lnaeiZ beans-price__text">£1.85</p><p class="styled__StyledFootnote-sc-119w3hf-7 icrlVF styled__Subtext-sc-8qlq5b-2 bNJmdc beans-price__subtext">£1.95/kg</p></div><div class="base-components__RootElement-sc-1mosoyj-1 styled__Container-vtxwzb-0 jptQqM bDFhXJ beans-buybox__actions beans-quantity-controls__container"><div class="base-components__RootElement-sc-1mosoyj-1 styled__Container-sc-16t2b2a-0 jptQqM PUfgZ styled__StyledFormGroup-vtxwzb-1 kzKuAr beans-quantity-controls__form-group beans-form-group__container"><label class="styled__StyledLabel-sc-1ttuvhr-0 izGEjV beans-form-group__label beans-label" for="quantity-controls-285679405">Quantity controls </label><div class="base-components__BaseElement-sc-1mosoyj-0 styled__Children-sc-16t2b2a-3 oznwo gdJvjO beans-form-group__children"><div class="styled__StyledQuantityControlWrapper-vtxwzb-6 LCxOg"><label id="quantity-controls-285679405-label" class="styled__VisuallyHiddenLabel-vtxwzb-7 gXlLiM">Quantity of Tesco Homestyle Straight Cut Oven Chips 950G</label><div class="component__Wrapper-sc-1kpmik-3 dReplG input-wrapper"><input class="base-components__RootElement-sc-1mosoyj-1 styled__StyledInput-sc-1jd5f57-0 component__StyledAsInput-sc-1kpmik-4 jptQqM eJLlow styled__StyledInput-vtxwzb-3 lwMHo beans-quantity-controls__input beans-input" data-auto="beans-quantity-controls-input" autocomplete="off" id="quantity-controls-285679405" maxlength="2" name="newValue" type="number" aria-labelledby="quantity-controls-285679405-label" value="1"></div></div><button class="styled__BaseButton-rsekm1-0 styled__PrimaryButton-rsekm1-2 jChbeY geeWOF styled__StyledButton-vtxwzb-5 japAxb beans-quantity-controls__add-button beans-button__container" type="submit" data-auto="beans-quantity-controls-add-button" aria-label="Quantity of Tesco Homestyle Straight Cut Oven Chips 950G"><span class="base-components__BaseElement-sc-1mosoyj-0 styled__InnerContainer-rsekm1-1 oznwo fuFres beans-button__inner-container"><span class="base-components__BaseElement-sc-1mosoyj-0 styled__TextSpan-rsekm1-4 oznwo GDiMp beans-button__text">Add</span></span></button></div></div></div></div></div><input name="_csrf" type="hidden" value="0WbpBJF9-cS-fAMl-ByHnl5hECj1JaZiBQ20"></form></div></div></div></div><div class="hidden-medium product-info-section-small"><div class="product-info-message-list"></div></div></div></div></div></div></li><li class="product-list--list-item"><div class="styles__StyledVerticalTileWrapper-dvv1wj-0 dtCNPH"><div data-auto="product-tile" data-auto-type="Quantity" data-auto-available="true" data-auto-is-restricted-disabled="false" data-auto-is-substitute="false" class="styles__StyledVerticalTile-dvv1wj-1 gSCsYK"><div class="styles__StyledTileContentWrapper-dvv1wj-2 bkNhNP beans"><div id="tile-264889062" data-auto-id="264889062" class="styles__StyledTiledContent-dvv1wj-3 bcglTg"><a href="https://www.tesco.com/groceries/en-GB/products/264889062" aria-hidden="true" class="product-image-wrapper" tabindex="1"><div class="product-image__container"><picture><img class="styled__Image-sjvkdn-0 bJErKA product-image beans-responsive-image__image" src="data:image/gif;base64,R0lGODlhAQABAAAAACH5BAEKAAEALAAAAAABAAEAAAICTAEAOw==" srcset="https://digitalcontent.api.tesco.com/v2/media/ghs/8d525780-7d28-4b8c-99a7-d9af889c2e87/881b02d9-7a1e-4ea4-ad5e-1aa00e63842f.jpeg?h=225&amp;w=225 768w, data:image/gif;base64,R0lGODlhAQABAAAAACH5BAEKAAEALAAAAAABAAEAAAICTAEAOw== 4000w" alt="Tesco Farmhouse Mixed Vegetables 1Kg"></picture></div></a><div class="product-details--wrapper"><h3 class="styles__H3-oa5soe-0 bCKNNq"><a href="https://www.tesco.com/groceries/en-GB/products/264889062" class="styled__Anchor-sc-1xbujuz-0 csVOnh beans-link__anchor" data-auto="product-tile--title"><span class="styled__Text-sc-1xbujuz-1 ldbwMG beans-link__text">Tesco Farmhouse Mixed Vegetables 1Kg</span></a></h3><div class="styles__StyledPromotionsAboveMobile-dvv1wj-7 iPTMuo"></div><div class="styles__StyledProductDetailsContent-dvv1wj-5 ddRSrq"><a href="https://www.tesco.com/groceries/en-GB/reviews/submission/264889062?from=%2Fshop%2Ffrozen-food%2Fall" aria-label="Write a review for Tesco Farmhouse Mixed Vegetables 1Kg" class="styled__Anchor-sc-1xbujuz-0 jSzuDt write-a-review-link beans-link__anchor" data-auto="review-link"><span class="styled__Text-sc-1xbujuz-1 fyDIEo beans-link__text">Write a review</span><span class="styled__IconContainer-sc-1xbujuz-2 bSauSL beans-link__icon-container"><svg aria-hidden="true" class="styled__SVG-xxa4wh-1 hQMCqc beans-link__icon beans-icon__svg" height="13.33" preserveAspectRatio="xMinYMax meet" viewBox="-1 0 12 20" width="8" xmlns="http://www.w3.org/2000/svg" color="currentColor"><path d="M1.312 1.348L10.276 10l-8.964 8.644" fill="none" stroke="currentColor"></path></svg></span></a><div><a href="https://www.tesco.com/groceries/en-GB/shop/frozen-food/frozen-vegetables-and-herbs/frozen-vegetables/frozen-mixed-vegetables" class="styled__Anchor-sc-1xbujuz-0 jSzuDt rest-of-shelf-link beans-link__anchor" data-auto="rest-of-shelf-link"><span class="styled__Text-sc-1xbujuz-1 fyDIEo beans-link__text">Rest of <span class="visually-hidden">Frozen Mixed Vegetables</span> shelf</span><span class="styled__IconContainer-sc-1xbujuz-2 bSauSL beans-link__icon-container"><svg aria-hidden="true" class="styled__SVG-xxa4wh-1 hQMCqc beans-link__icon beans-icon__svg" height="13.33" preserveAspectRatio="xMinYMax meet" viewBox="-1 0 12 20" width="8" xmlns="http://www.w3.org/2000/svg" color="currentColor"><path d="M1.312 1.348L10.276 10l-8.964 8.644" fill="none" stroke="currentColor"></path></svg></span></a></div><div class="product-info-message-section"><div class="product-info-message-list"></div></div></div><div class="styles__StyledBuyBoxWrapper-dvv1wj-4 dSvjUC"><div class="styles__StyledBuyBoxContainer-sc-1wx0qp6-0 erryje" data-auto="buybox-container"><div class="styles__SafeFormWrapper-jtpu2t-0 lcrYKS"><form action="https://www.tesco.com/groceries/en-GB/trolley/items/264889062?_method=PUT" method="POST"><input type="submit" class="hidden"><input name="id" type="hidden" value="264889062"><input name="identifier" type="hidden" value="Page"><input name="anchorId" type="hidden" value="#tile-264889062"><input name="returnUrl" type="hidden" value="/groceries/en-GB/shop/frozen-food/all?redirectIfUnavailable=true#tile-264889062"><input name="backToUrl" type="hidden" value="#"><input name="oldValue" type="hidden" value="0"><input name="oldUnitChoice" type="hidden" value="pcs"><input name="newUnitChoice" type="hidden" value="pcs"><div class="base-components__RootElement-sc-1mosoyj-1 styled__Container-sc-6nhkzi-0 jptQqM hSNpTb beans-buybox__container"><div class="base-components__BaseElement-sc-1mosoyj-0 styled__PriceAndActions-sc-6nhkzi-3 oznwo eEPLov beans-buybox__price-and-actions"><div class="base-components__RootElement-sc-1mosoyj-1 styled__Container-sc-8qlq5b-0 jptQqM bgZrjw styled__StyledPrice-sc-6nhkzi-5 iYHeik beans-buybox__price beans-price__container"><p class="styled__StyledHeading-sc-119w3hf-2 jWPEtj styled__Text-sc-8qlq5b-1 lnaeiZ beans-price__text">£1.40</p><p class="styled__StyledFootnote-sc-119w3hf-7 icrlVF styled__Subtext-sc-8qlq5b-2 bNJmdc beans-price__subtext">£1.40/kg</p></div><div class="base-components__RootElement-sc-1mosoyj-1 styled__Container-vtxwzb-0 jptQqM bDFhXJ beans-buybox__actions beans-quantity-controls__container"><div class="base-components__RootElement-sc-1mosoyj-1 styled__Container-sc-16t2b2a-0 jptQqM PUfgZ styled__StyledFormGroup-vtxwzb-1 kzKuAr beans-quantity-controls__form-group beans-form-group__container"><label class="styled__StyledLabel-sc-1ttuvhr-0 izGEjV beans-form-group__label beans-label" for="quantity-controls-264889062">Quantity controls </label><div class="base-components__BaseElement-sc-1mosoyj-0 styled__Children-sc-16t2b2a-3 oznwo gdJvjO beans-form-group__children"><div class="styled__StyledQuantityControlWrapper-vtxwzb-6 LCxOg"><label id="quantity-controls-264889062-label" class="styled__VisuallyHiddenLabel-vtxwzb-7 gXlLiM">Quantity of Tesco Farmhouse Mixed Vegetables 1Kg</label><div class="component__Wrapper-sc-1kpmik-3 dReplG input-wrapper"><input class="base-components__RootElement-sc-1mosoyj-1 styled__StyledInput-sc-1jd5f57-0 component__StyledAsInput-sc-1kpmik-4 jptQqM eJLlow styled__StyledInput-vtxwzb-3 lwMHo beans-quantity-controls__input beans-input" data-auto="beans-quantity-controls-input" autocomplete="off" id="quantity-controls-264889062" maxlength="2" name="newValue" type="number" aria-labelledby="quantity-controls-264889062-label" value="1"></div></div><button class="styled__BaseButton-rsekm1-0 styled__PrimaryButton-rsekm1-2 jChbeY geeWOF styled__StyledButton-vtxwzb-5 japAxb beans-quantity-controls__add-button beans-button__container" type="submit" data-auto="beans-quantity-controls-add-button" aria-label="Quantity of Tesco Farmhouse Mixed Vegetables 1Kg"><span class="base-components__BaseElement-sc-1mosoyj-0 styled__InnerContainer-rsekm1-1 oznwo fuFres beans-button__inner-container"><span class="base-components__BaseElement-sc-1mosoyj-0 styled__TextSpan-rsekm1-4 oznwo GDiMp beans-button__text">Add</span></span></button></div></div></div></div></div><input name="_csrf" type="hidden" value="0WbpBJF9-cS-fAMl-ByHnl5hECj1JaZiBQ20"></form></div></div></div></div><div class="hidden-medium product-info-section-small"><div class="product-info-message-list"></div></div></div></div></div></div></li><li class="product-list--list-item"><div class="styles__StyledVerticalTileWrapper-dvv1wj-0 dtCNPH"><div data-auto="product-tile" data-auto-type="Quantity" data-auto-available="true" data-auto-is-restricted-disabled="false" data-auto-is-substitute="false" class="styles__StyledVerticalTile-dvv1wj-1 gSCsYK"><div class="styles__StyledTileContentWrapper-dvv1wj-2 bkNhNP beans"><div id="tile-251622070" data-auto-id="251622070" class="styles__StyledTiledContent-dvv1wj-3 bcglTg"><a href="https://www.tesco.com/groceries/en-GB/products/251622070" aria-hidden="true" class="product-image-wrapper" tabindex="1"><div class="product-image__container"><picture><img class="styled__Image-sjvkdn-0 bJErKA product-image beans-responsive-image__image" src="data:image/gif;base64,R0lGODlhAQABAAAAACH5BAEKAAEALAAAAAABAAEAAAICTAEAOw==" srcset="https://digitalcontent.api.tesco.com/v2/media/ghs/eaf64caf-fcdb-4550-af0b-2167cdc260f1/072643a4-dff8-4d0c-9dd1-d29b2b8a2835.jpeg?h=225&amp;w=225 768w, data:image/gif;base64,R0lGODlhAQABAAAAACH5BAEKAAEALAAAAAABAAEAAAICTAEAOw== 4000w" alt="Tesco Raspberries 350G"></picture></div></a><div class="product-details--wrapper"><h3 class="styles__H3-oa5soe-0 bCKNNq"><a href="https://www.tesco.com/groceries/en-GB/products/251622070" class="styled__Anchor-sc-1xbujuz-0 csVOnh beans-link__anchor" data-auto="product-tile--title"><span class="styled__Text-sc-1xbujuz-1 ldbwMG beans-link__text">Tesco Raspberries 350G</span></a></h3><div class="styles__StyledPromotionsAboveMobile-dvv1wj-7 iPTMuo"></div><div class="styles__StyledProductDetailsContent-dvv1wj-5 ddRSrq"><a href="https://www.tesco.com/groceries/en-GB/reviews/submission/251622070?from=%2Fshop%2Ffrozen-food%2Fall" aria-label="Write a review for Tesco Raspberries 350G" class="styled__Anchor-sc-1xbujuz-0 jSzuDt write-a-review-link beans-link__anchor" data-auto="review-link"><span class="styled__Text-sc-1xbujuz-1 fyDIEo beans-link__text">Write a review</span><span class="styled__IconContainer-sc-1xbujuz-2 bSauSL beans-link__icon-container"><svg aria-hidden="true" class="styled__SVG-xxa4wh-1 hQMCqc beans-link__icon beans-icon__svg" height="13.33" preserveAspectRatio="xMinYMax meet" viewBox="-1 0 12 20" width="8" xmlns="http://www.w3.org/2000/svg" color="currentColor"><path d="M1.312 1.348L10.276 10l-8.964 8.644" fill="none" stroke="currentColor"></path></svg></span></a><div><a href="https://www.tesco.com/groceries/en-GB/shop/frozen-food/frozen-breakfast-fruit-and-pastry/frozen-fruit/frozen-fruit" class="styled__Anchor-sc-1xbujuz-0 jSzuDt rest-of-shelf-link beans-link__anchor" data-auto="rest-of-shelf-link"><span class="styled__Text-sc-1xbujuz-1 fyDIEo beans-link__text">Rest of <span class="visually-hidden">Frozen Fruit</span> shelf</span><span class="styled__IconContainer-sc-1xbujuz-2 bSauSL beans-link__icon-container"><svg aria-hidden="true" class="styled__SVG-xxa4wh-1 hQMCqc beans-link__icon beans-icon__svg" height="13.33" preserveAspectRatio="xMinYMax meet" viewBox="-1 0 12 20" width="8" xmlns="http://www.w3.org/2000/svg" color="currentColor"><path d="M1.312 1.348L10.276 10l-8.964 8.644" fill="none" stroke="currentColor"></path></svg></span></a></div><div class="product-info-message-section"><div class="product-info-message-list"></div></div></div><div class="styles__StyledBuyBoxWrapper-dvv1wj-4 dSvjUC"><div class="styles__StyledBuyBoxContainer-sc-1wx0qp6-0 erryje" data-auto="buybox-container"><div class="styles__SafeFormWrapper-jtpu2t-0 lcrYKS"><form action="https://www.tesco.com/groceries/en-GB/trolley/items/251622070?_method=PUT" method="POST"><input type="submit" class="hidden"><input name="id" type="hidden" value="251622070"><input name="identifier" type="hidden" value="Page"><input name="anchorId" type="hidden" value="#tile-251622070"><input name="returnUrl" type="hidden" value="/groceries/en-GB/shop/frozen-food/all?redirectIfUnavailable=true#tile-251622070"><input name="backToUrl" type="hidden" value="#"><input name="oldValue" type="hidden" value="0"><input name="oldUnitChoice" type="hidden" value="pcs"><input name="newUnitChoice" type="hidden" value="pcs"><div class="base-components__RootElement-sc-1mosoyj-1 styled__Container-sc-6nhkzi-0 jptQqM hSNpTb beans-buybox__container"><div class="base-components__BaseElement-sc-1mosoyj-0 styled__PriceAndActions-sc-6nhkzi-3 oznwo eEPLov beans-buybox__price-and-actions"><div class="base-components__RootElement-sc-1mosoyj-1 styled__Container-sc-8qlq5b-0 jptQqM bgZrjw styled__StyledPrice-sc-6nhkzi-5 iYHeik beans-buybox__price beans-price__container"><p class="styled__StyledHeading-sc-119w3hf-2 jWPEtj styled__Text-sc-8qlq5b-1 lnaeiZ beans-price__text">£2.40</p><p class="styled__StyledFootnote-sc-119w3hf-7 icrlVF styled__Subtext-sc-8qlq5b-2 bNJmdc beans-price__subtext">£6.86/kg</p></div><div class="base-components__RootElement-sc-1mosoyj-1 styled__Container-vtxwzb-0 jptQqM bDFhXJ beans-buybox__actions beans-quantity-controls__container"><div class="base-components__RootElement-sc-1mosoyj-1 styled__Container-sc-16t2b2a-0 jptQqM PUfgZ styled__StyledFormGroup-vtxwzb-1 kzKuAr beans-quantity-controls__form-group beans-form-group__container"><label class="styled__StyledLabel-sc-1ttuvhr-0 izGEjV beans-form-group__label beans-label" for="quantity-controls-251622070">Quantity controls </label><div class="base-components__BaseElement-sc-1mosoyj-0 styled__Children-sc-16t2b2a-3 oznwo gdJvjO beans-form-group__children"><div class="styled__StyledQuantityControlWrapper-vtxwzb-6 LCxOg"><label id="quantity-controls-251622070-label" class="styled__VisuallyHiddenLabel-vtxwzb-7 gXlLiM">Quantity of Tesco Raspberries 350G</label><div class="component__Wrapper-sc-1kpmik-3 dReplG input-wrapper"><input class="base-components__RootElement-sc-1mosoyj-1 styled__StyledInput-sc-1jd5f57-0 component__StyledAsInput-sc-1kpmik-4 jptQqM eJLlow styled__StyledInput-vtxwzb-3 lwMHo beans-quantity-controls__input beans-input" data-auto="beans-quantity-controls-input" autocomplete="off" id="quantity-controls-251622070" maxlength="2" name="newValue" type="number" aria-labelledby="quantity-controls-251622070-label" value="1"></div></div><button class="styled__BaseButton-rsekm1-0 styled__PrimaryButton-rsekm1-2 jChbeY geeWOF styled__StyledButton-vtxwzb-5 japAxb beans-quantity-controls__add-button beans-button__container" type="submit" data-auto="beans-quantity-controls-add-button" aria-label="Quantity of Tesco Raspberries 350G"><span class="base-components__BaseElement-sc-1mosoyj-0 styled__InnerContainer-rsekm1-1 oznwo fuFres beans-button__inner-container"><span class="base-components__BaseElement-sc-1mosoyj-0 styled__TextSpan-rsekm1-4 oznwo GDiMp beans-button__text">Add</span></span></button></div></div></div></div></div><input name="_csrf" type="hidden" value="0WbpBJF9-cS-fAMl-ByHnl5hECj1JaZiBQ20"></form></div></div></div></div><div class="hidden-medium product-info-section-small"><div class="product-info-message-list"></div></div></div></div></div></div></li><li class="product-list--list-item"><div class="styles__StyledVerticalTileWrapper-dvv1wj-0 dtCNPH"><div data-auto="product-tile" data-auto-type="Quantity" data-auto-available="true" data-auto-is-restricted-disabled="false" data-auto-is-substitute="false" class="styles__StyledVerticalTile-dvv1wj-1 gSCsYK"><div class="styles__StyledTileContentWrapper-dvv1wj-2 bkNhNP beans"><div id="tile-285363525" data-auto-id="285363525" class="styles__StyledTiledContent-dvv1wj-3 bcglTg"><a href="https://www.tesco.com/groceries/en-GB/products/285363525" aria-hidden="true" class="product-image-wrapper" tabindex="1"><div class="product-image__container"><picture><img class="styled__Image-sjvkdn-0 bJErKA product-image beans-responsive-image__image" src="data:image/gif;base64,R0lGODlhAQABAAAAACH5BAEKAAEALAAAAAABAAEAAAICTAEAOw==" srcset="https://digitalcontent.api.tesco.com/v2/media/ghs/21650785-3bc8-418a-a4ab-f9aa4a55b49b/744cd042-3f87-4ce1-8701-b3507ba781fd.jpeg?h=225&amp;w=225 768w, data:image/gif;base64,R0lGODlhAQABAAAAACH5BAEKAAEALAAAAAABAAEAAAICTAEAOw== 4000w" alt="Tesco Stonebaked Thin Double Pepperoni Pizza 330G Price Marked"></picture></div></a><div class="product-details--wrapper"><h3 class="styles__H3-oa5soe-0 bCKNNq"><a href="https://www.tesco.com/groceries/en-GB/products/285363525" class="styled__Anchor-sc-1xbujuz-0 csVOnh beans-link__anchor" data-auto="product-tile--title"><span class="styled__Text-sc-1xbujuz-1 ldbwMG beans-link__text">Tesco Stonebaked Thin Double Pepperoni Pizza 330G Price Marked</span></a></h3><div class="styles__StyledPromotionsAboveMobile-dvv1wj-7 iPTMuo"></div><div class="styles__StyledProductDetailsContent-dvv1wj-5 ddRSrq"><a href="https://www.tesco.com/groceries/en-GB/reviews/submission/285363525?from=%2Fshop%2Ffrozen-food%2Fall" aria-label="Write a review for Tesco Stonebaked Thin Double Pepperoni Pizza 330G Price Marked" class="styled__Anchor-sc-1xbujuz-0 jSzuDt write-a-review-link beans-link__anchor" data-auto="review-link"><span class="styled__Text-sc-1xbujuz-1 fyDIEo beans-link__text">Write a review</span><span class="styled__IconContainer-sc-1xbujuz-2 bSauSL beans-link__icon-container"><svg aria-hidden="true" class="styled__SVG-xxa4wh-1 hQMCqc beans-link__icon beans-icon__svg" height="13.33" preserveAspectRatio="xMinYMax meet" viewBox="-1 0 12 20" width="8" xmlns="http://www.w3.org/2000/svg" color="currentColor"><path d="M1.312 1.348L10.276 10l-8.964 8.644" fill="none" stroke="currentColor"></path></svg></span></a><div><a href="https://www.tesco.com/groceries/en-GB/shop/frozen-food/frozen-pizza-and-garlic-bread/frozen-thin-crust-pizza/frozen-pizza-thin-crust-pizza" class="styled__Anchor-sc-1xbujuz-0 jSzuDt rest-of-shelf-link beans-link__anchor" data-auto="rest-of-shelf-link"><span class="styled__Text-sc-1xbujuz-1 fyDIEo beans-link__text">Rest of <span class="visually-hidden">Frozen Pizza - Thin Crust Pizza</span> shelf</span><span class="styled__IconContainer-sc-1xbujuz-2 bSauSL beans-link__icon-container"><svg aria-hidden="true" class="styled__SVG-xxa4wh-1 hQMCqc beans-link__icon beans-icon__svg" height="13.33" preserveAspectRatio="xMinYMax meet" viewBox="-1 0 12 20" width="8" xmlns="http://www.w3.org/2000/svg" color="currentColor"><path d="M1.312 1.348L10.276 10l-8.964 8.644" fill="none" stroke="currentColor"></path></svg></span></a></div><div class="product-info-message-section"><div class="product-info-message-list"></div></div></div><div class="styles__StyledBuyBoxWrapper-dvv1wj-4 dSvjUC"><div class="styles__StyledBuyBoxContainer-sc-1wx0qp6-0 erryje" data-auto="buybox-container"><div class="styles__SafeFormWrapper-jtpu2t-0 lcrYKS"><form action="https://www.tesco.com/groceries/en-GB/trolley/items/285363525?_method=PUT" method="POST"><input type="submit" class="hidden"><input name="id" type="hidden" value="285363525"><input name="identifier" type="hidden" value="Page"><input name="anchorId" type="hidden" value="#tile-285363525"><input name="returnUrl" type="hidden" value="/groceries/en-GB/shop/frozen-food/all?redirectIfUnavailable=true#tile-285363525"><input name="backToUrl" type="hidden" value="#"><input name="oldValue" type="hidden" value="0"><input name="oldUnitChoice" type="hidden" value="pcs"><input name="newUnitChoice" type="hidden" value="pcs"><div class="base-components__RootElement-sc-1mosoyj-1 styled__Container-sc-6nhkzi-0 jptQqM hSNpTb beans-buybox__container"><div class="base-components__BaseElement-sc-1mosoyj-0 styled__PriceAndActions-sc-6nhkzi-3 oznwo eEPLov beans-buybox__price-and-actions"><div class="base-components__RootElement-sc-1mosoyj-1 styled__Container-sc-8qlq5b-0 jptQqM bgZrjw styled__StyledPrice-sc-6nhkzi-5 iYHeik beans-buybox__price beans-price__container"><p class="styled__StyledHeading-sc-119w3hf-2 jWPEtj styled__Text-sc-8qlq5b-1 lnaeiZ beans-price__text">£1.45</p><p class="styled__StyledFootnote-sc-119w3hf-7 icrlVF styled__Subtext-sc-8qlq5b-2 bNJmdc beans-price__subtext">£0.44/100g</p></div><div class="base-components__RootElement-sc-1mosoyj-1 styled__Container-vtxwzb-0 jptQqM bDFhXJ beans-buybox__actions beans-quantity-controls__container"><div class="base-components__RootElement-sc-1mosoyj-1 styled__Container-sc-16t2b2a-0 jptQqM PUfgZ styled__StyledFormGroup-vtxwzb-1 kzKuAr beans-quantity-controls__form-group beans-form-group__container"><label class="styled__StyledLabel-sc-1ttuvhr-0 izGEjV beans-form-group__label beans-label" for="quantity-controls-285363525">Quantity controls </label><div class="base-components__BaseElement-sc-1mosoyj-0 styled__Children-sc-16t2b2a-3 oznwo gdJvjO beans-form-group__children"><div class="styled__StyledQuantityControlWrapper-vtxwzb-6 LCxOg"><label id="quantity-controls-285363525-label" class="styled__VisuallyHiddenLabel-vtxwzb-7 gXlLiM">Quantity of Tesco Stonebaked Thin Double Pepperoni Pizza 330G Price Marked</label><div class="component__Wrapper-sc-1kpmik-3 dReplG input-wrapper"><input class="base-components__RootElement-sc-1mosoyj-1 styled__StyledInput-sc-1jd5f57-0 component__StyledAsInput-sc-1kpmik-4 jptQqM eJLlow styled__StyledInput-vtxwzb-3 lwMHo beans-quantity-controls__input beans-input" data-auto="beans-quantity-controls-input" autocomplete="off" id="quantity-controls-285363525" maxlength="2" name="newValue" type="number" aria-labelledby="quantity-controls-285363525-label" value="1"></div></div><button class="styled__BaseButton-rsekm1-0 styled__PrimaryButton-rsekm1-2 jChbeY geeWOF styled__StyledButton-vtxwzb-5 japAxb beans-quantity-controls__add-button beans-button__container" type="submit" data-auto="beans-quantity-controls-add-button" aria-label="Quantity of Tesco Stonebaked Thin Double Pepperoni Pizza 330G Price Marked"><span class="base-components__BaseElement-sc-1mosoyj-0 styled__InnerContainer-rsekm1-1 oznwo fuFres beans-button__inner-container"><span class="base-components__BaseElement-sc-1mosoyj-0 styled__TextSpan-rsekm1-4 oznwo GDiMp beans-button__text">Add</span></span></button></div></div></div></div></div><input name="_csrf" type="hidden" value="0WbpBJF9-cS-fAMl-ByHnl5hECj1JaZiBQ20"></form></div></div></div></div><div class="hidden-medium product-info-section-small"><div class="product-info-message-list"></div></div></div></div></div></div></li><li class="product-list--list-item"><div class="styles__StyledVerticalTileWrapper-dvv1wj-0 dtCNPH"><div data-auto="product-tile" data-auto-type="Quantity" data-auto-available="true" data-auto-is-restricted-disabled="false" data-auto-is-substitute="false" class="styles__StyledVerticalTile-dvv1wj-1 gSCsYK"><div class="styles__StyledTileContentWrapper-dvv1wj-2 bkNhNP beans"><div id="tile-292797630" data-auto-id="292797630" class="styles__StyledTiledContent-dvv1wj-3 bcglTg"><a href="https://www.tesco.com/groceries/en-GB/products/292797630" aria-hidden="true" class="product-image-wrapper" tabindex="1"><div class="product-image__container"><picture><img class="styled__Image-sjvkdn-0 bJErKA product-image beans-responsive-image__image" src="data:image/gif;base64,R0lGODlhAQABAAAAACH5BAEKAAEALAAAAAABAAEAAAICTAEAOw==" srcset="https://digitalcontent.api.tesco.com/v2/media/ghs/906fa612-9966-4270-928b-91a114017b39/904b28dd-236a-4034-a137-97a404fe618e.jpeg?h=225&amp;w=225 768w, data:image/gif;base64,R0lGODlhAQABAAAAACH5BAEKAAEALAAAAAABAAEAAAICTAEAOw== 4000w" alt="Tesco Mashed Potato 900G"></picture></div></a><div class="product-details--wrapper"><h3 class="styles__H3-oa5soe-0 bCKNNq"><a href="https://www.tesco.com/groceries/en-GB/products/292797630" class="styled__Anchor-sc-1xbujuz-0 csVOnh beans-link__anchor" data-auto="product-tile--title"><span class="styled__Text-sc-1xbujuz-1 ldbwMG beans-link__text">Tesco Mashed Potato 900G</span></a></h3><div class="styles__StyledPromotionsAboveMobile-dvv1wj-7 iPTMuo"></div><div class="styles__StyledProductDetailsContent-dvv1wj-5 ddRSrq"><a href="https://www.tesco.com/groceries/en-GB/reviews/submission/292797630?from=%2Fshop%2Ffrozen-food%2Fall" aria-label="Write a review for Tesco Mashed Potato 900G" class="styled__Anchor-sc-1xbujuz-0 jSzuDt write-a-review-link beans-link__anchor" data-auto="review-link"><span class="styled__Text-sc-1xbujuz-1 fyDIEo beans-link__text">Write a review</span><span class="styled__IconContainer-sc-1xbujuz-2 bSauSL beans-link__icon-container"><svg aria-hidden="true" class="styled__SVG-xxa4wh-1 hQMCqc beans-link__icon beans-icon__svg" height="13.33" preserveAspectRatio="xMinYMax meet" viewBox="-1 0 12 20" width="8" xmlns="http://www.w3.org/2000/svg" color="currentColor"><path d="M1.312 1.348L10.276 10l-8.964 8.644" fill="none" stroke="currentColor"></path></svg></span></a><div><a href="https://www.tesco.com/groceries/en-GB/shop/frozen-food/frozen-chips-onion-rings-potatoes-and-rice/frozen-potatoes/frozen-mashed-potatoes" class="styled__Anchor-sc-1xbujuz-0 jSzuDt rest-of-shelf-link beans-link__anchor" data-auto="rest-of-shelf-link"><span class="styled__Text-sc-1xbujuz-1 fyDIEo beans-link__text">Rest of <span class="visually-hidden">Frozen Mashed Potatoes</span> shelf</span><span class="styled__IconContainer-sc-1xbujuz-2 bSauSL beans-link__icon-container"><svg aria-hidden="true" class="styled__SVG-xxa4wh-1 hQMCqc beans-link__icon beans-icon__svg" height="13.33" preserveAspectRatio="xMinYMax meet" viewBox="-1 0 12 20" width="8" xmlns="http://www.w3.org/2000/svg" color="currentColor"><path d="M1.312 1.348L10.276 10l-8.964 8.644" fill="none" stroke="currentColor"></path></svg></span></a></div><div class="product-info-message-section"><div class="product-info-message-list"></div></div></div><div class="styles__StyledBuyBoxWrapper-dvv1wj-4 dSvjUC"><div class="styles__StyledBuyBoxContainer-sc-1wx0qp6-0 erryje" data-auto="buybox-container"><div class="styles__SafeFormWrapper-jtpu2t-0 lcrYKS"><form action="https://www.tesco.com/groceries/en-GB/trolley/items/292797630?_method=PUT" method="POST"><input type="submit" class="hidden"><input name="id" type="hidden" value="292797630"><input name="identifier" type="hidden" value="Page"><input name="anchorId" type="hidden" value="#tile-292797630"><input name="returnUrl" type="hidden" value="/groceries/en-GB/shop/frozen-food/all?redirectIfUnavailable=true#tile-292797630"><input name="backToUrl" type="hidden" value="#"><input name="oldValue" type="hidden" value="0"><input name="oldUnitChoice" type="hidden" value="pcs"><input name="newUnitChoice" type="hidden" value="pcs"><div class="base-components__RootElement-sc-1mosoyj-1 styled__Container-sc-6nhkzi-0 jptQqM hSNpTb beans-buybox__container"><div class="base-components__BaseElement-sc-1mosoyj-0 styled__PriceAndActions-sc-6nhkzi-3 oznwo eEPLov beans-buybox__price-and-actions"><div class="base-components__RootElement-sc-1mosoyj-1 styled__Container-sc-8qlq5b-0 jptQqM bgZrjw styled__StyledPrice-sc-6nhkzi-5 iYHeik beans-buybox__price beans-price__container"><p class="styled__StyledHeading-sc-119w3hf-2 jWPEtj styled__Text-sc-8qlq5b-1 lnaeiZ beans-price__text">£1.55</p><p class="styled__StyledFootnote-sc-119w3hf-7 icrlVF styled__Subtext-sc-8qlq5b-2 bNJmdc beans-price__subtext">£1.73/kg</p></div><div class="base-components__RootElement-sc-1mosoyj-1 styled__Container-vtxwzb-0 jptQqM bDFhXJ beans-buybox__actions beans-quantity-controls__container"><div class="base-components__RootElement-sc-1mosoyj-1 styled__Container-sc-16t2b2a-0 jptQqM PUfgZ styled__StyledFormGroup-vtxwzb-1 kzKuAr beans-quantity-controls__form-group beans-form-group__container"><label class="styled__StyledLabel-sc-1ttuvhr-0 izGEjV beans-form-group__label beans-label" for="quantity-controls-292797630">Quantity controls </label><div class="base-components__BaseElement-sc-1mosoyj-0 styled__Children-sc-16t2b2a-3 oznwo gdJvjO beans-form-group__children"><div class="styled__StyledQuantityControlWrapper-vtxwzb-6 LCxOg"><label id="quantity-controls-292797630-label" class="styled__VisuallyHiddenLabel-vtxwzb-7 gXlLiM">Quantity of Tesco Mashed Potato 900G</label><div class="component__Wrapper-sc-1kpmik-3 dReplG input-wrapper"><input class="base-components__RootElement-sc-1mosoyj-1 styled__StyledInput-sc-1jd5f57-0 component__StyledAsInput-sc-1kpmik-4 jptQqM eJLlow styled__StyledInput-vtxwzb-3 lwMHo beans-quantity-controls__input beans-input" data-auto="beans-quantity-controls-input" autocomplete="off" id="quantity-controls-292797630" maxlength="2" name="newValue" type="number" aria-labelledby="quantity-controls-292797630-label" value="1"></div></div><button class="styled__BaseButton-rsekm1-0 styled__PrimaryButton-rsekm1-2 jChbeY geeWOF styled__StyledButton-vtxwzb-5 japAxb beans-quantity-controls__add-button beans-button__container" type="submit" data-auto="beans-quantity-controls-add-button" aria-label="Quantity of Tesco Mashed Potato 900G"><span class="base-components__BaseElement-sc-1mosoyj-0 styled__InnerContainer-rsekm1-1 oznwo fuFres beans-button__inner-container"><span class="base-components__BaseElement-sc-1mosoyj-0 styled__TextSpan-rsekm1-4 oznwo GDiMp beans-button__text">Add</span></span></button></div></div></div></div></div><input name="_csrf" type="hidden" value="0WbpBJF9-cS-fAMl-ByHnl5hECj1JaZiBQ20"></form></div></div></div></div><div class="hidden-medium product-info-section-small"><div class="product-info-message-list"></div></div></div></div></div></div></li><li class="product-list--list-item"><div class="styles__StyledVerticalTileWrapper-dvv1wj-0 dtCNPH"><div data-auto="product-tile" data-auto-type="Quantity" data-auto-available="true" data-auto-is-restricted-disabled="false" data-auto-is-substitute="false" class="styles__StyledVerticalTile-dvv1wj-1 gSCsYK"><div class="styles__StyledTileContentWrapper-dvv1wj-2 bkNhNP beans"><div id="tile-285363462" data-auto-id="285363462" class="styles__StyledTiledContent-dvv1wj-3 bcglTg"><a href="https://www.tesco.com/groceries/en-GB/products/285363462" aria-hidden="true" class="product-image-wrapper" tabindex="1"><div class="product-image__container"><picture><img class="styled__Image-sjvkdn-0 bJErKA product-image beans-responsive-image__image" src="data:image/gif;base64,R0lGODlhAQABAAAAACH5BAEKAAEALAAAAAABAAEAAAICTAEAOw==" srcset="https://digitalcontent.api.tesco.com/v2/media/ghs/3e235df2-2819-4042-8368-e6ed148901b5/839c736b-a4e5-4ff9-b51e-084a24b2bc43.jpeg?h=225&amp;w=225 768w, data:image/gif;base64,R0lGODlhAQABAAAAACH5BAEKAAEALAAAAAABAAEAAAICTAEAOw== 4000w" alt="Tesco Stonebaked Thin Four Cheese Pizza 330G Price Marked"></picture></div></a><div class="product-details--wrapper"><h3 class="styles__H3-oa5soe-0 bCKNNq"><a href="https://www.tesco.com/groceries/en-GB/products/285363462" class="styled__Anchor-sc-1xbujuz-0 csVOnh beans-link__anchor" data-auto="product-tile--title"><span class="styled__Text-sc-1xbujuz-1 ldbwMG beans-link__text">Tesco Stonebaked Thin Four Cheese Pizza 330G Price Marked</span></a></h3><div class="styles__StyledPromotionsAboveMobile-dvv1wj-7 iPTMuo"></div><div class="styles__StyledProductDetailsContent-dvv1wj-5 ddRSrq"><a href="https://www.tesco.com/groceries/en-GB/reviews/submission/285363462?from=%2Fshop%2Ffrozen-food%2Fall" aria-label="Write a review for Tesco Stonebaked Thin Four Cheese Pizza 330G Price Marked" class="styled__Anchor-sc-1xbujuz-0 jSzuDt write-a-review-link beans-link__anchor" data-auto="review-link"><span class="styled__Text-sc-1xbujuz-1 fyDIEo beans-link__text">Write a review</span><span class="styled__IconContainer-sc-1xbujuz-2 bSauSL beans-link__icon-container"><svg aria-hidden="true" class="styled__SVG-xxa4wh-1 hQMCqc beans-link__icon beans-icon__svg" height="13.33" preserveAspectRatio="xMinYMax meet" viewBox="-1 0 12 20" width="8" xmlns="http://www.w3.org/2000/svg" color="currentColor"><path d="M1.312 1.348L10.276 10l-8.964 8.644" fill="none" stroke="currentColor"></path></svg></span></a><div><a href="https://www.tesco.com/groceries/en-GB/shop/frozen-food/frozen-pizza-and-garlic-bread/frozen-thin-crust-pizza/frozen-pizza-thin-crust-pizza" class="styled__Anchor-sc-1xbujuz-0 jSzuDt rest-of-shelf-link beans-link__anchor" data-auto="rest-of-shelf-link"><span class="styled__Text-sc-1xbujuz-1 fyDIEo beans-link__text">Rest of <span class="visually-hidden">Frozen Pizza - Thin Crust Pizza</span> shelf</span><span class="styled__IconContainer-sc-1xbujuz-2 bSauSL beans-link__icon-container"><svg aria-hidden="true" class="styled__SVG-xxa4wh-1 hQMCqc beans-link__icon beans-icon__svg" height="13.33" preserveAspectRatio="xMinYMax meet" viewBox="-1 0 12 20" width="8" xmlns="http://www.w3.org/2000/svg" color="currentColor"><path d="M1.312 1.348L10.276 10l-8.964 8.644" fill="none" stroke="currentColor"></path></svg></span></a></div><div class="product-info-message-section"><div class="product-info-message-list"></div></div></div><div class="styles__StyledBuyBoxWrapper-dvv1wj-4 dSvjUC"><div class="styles__StyledBuyBoxContainer-sc-1wx0qp6-0 erryje" data-auto="buybox-container"><div class="styles__SafeFormWrapper-jtpu2t-0 lcrYKS"><form action="https://www.tesco.com/groceries/en-GB/trolley/items/285363462?_method=PUT" method="POST"><input type="submit" class="hidden"><input name="id" type="hidden" value="285363462"><input name="identifier" type="hidden" value="Page"><input name="anchorId" type="hidden" value="#tile-285363462"><input name="returnUrl" type="hidden" value="/groceries/en-GB/shop/frozen-food/all?redirectIfUnavailable=true#tile-285363462"><input name="backToUrl" type="hidden" value="#"><input name="oldValue" type="hidden" value="0"><input name="oldUnitChoice" type="hidden" value="pcs"><input name="newUnitChoice" type="hidden" value="pcs"><div class="base-components__RootElement-sc-1mosoyj-1 styled__Container-sc-6nhkzi-0 jptQqM hSNpTb beans-buybox__container"><div class="base-components__BaseElement-sc-1mosoyj-0 styled__PriceAndActions-sc-6nhkzi-3 oznwo eEPLov beans-buybox__price-and-actions"><div class="base-components__RootElement-sc-1mosoyj-1 styled__Container-sc-8qlq5b-0 jptQqM bgZrjw styled__StyledPrice-sc-6nhkzi-5 iYHeik beans-buybox__price beans-price__container"><p class="styled__StyledHeading-sc-119w3hf-2 jWPEtj styled__Text-sc-8qlq5b-1 lnaeiZ beans-price__text">£1.45</p><p class="styled__StyledFootnote-sc-119w3hf-7 icrlVF styled__Subtext-sc-8qlq5b-2 bNJmdc beans-price__subtext">£0.44/100g</p></div><div class="base-components__RootElement-sc-1mosoyj-1 styled__Container-vtxwzb-0 jptQqM bDFhXJ beans-buybox__actions beans-quantity-controls__container"><div class="base-components__RootElement-sc-1mosoyj-1 styled__Container-sc-16t2b2a-0 jptQqM PUfgZ styled__StyledFormGroup-vtxwzb-1 kzKuAr beans-quantity-controls__form-group beans-form-group__container"><label class="styled__StyledLabel-sc-1ttuvhr-0 izGEjV beans-form-group__label beans-label" for="quantity-controls-285363462">Quantity controls </label><div class="base-components__BaseElement-sc-1mosoyj-0 styled__Children-sc-16t2b2a-3 oznwo gdJvjO beans-form-group__children"><div class="styled__StyledQuantityControlWrapper-vtxwzb-6 LCxOg"><label id="quantity-controls-285363462-label" class="styled__VisuallyHiddenLabel-vtxwzb-7 gXlLiM">Quantity of Tesco Stonebaked Thin Four Cheese Pizza 330G Price Marked</label><div class="component__Wrapper-sc-1kpmik-3 dReplG input-wrapper"><input class="base-components__RootElement-sc-1mosoyj-1 styled__StyledInput-sc-1jd5f57-0 component__StyledAsInput-sc-1kpmik-4 jptQqM eJLlow styled__StyledInput-vtxwzb-3 lwMHo beans-quantity-controls__input beans-input" data-auto="beans-quantity-controls-input" autocomplete="off" id="quantity-controls-285363462" maxlength="2" name="newValue" type="number" aria-labelledby="quantity-controls-285363462-label" value="1"></div></div><button class="styled__BaseButton-rsekm1-0 styled__PrimaryButton-rsekm1-2 jChbeY geeWOF styled__StyledButton-vtxwzb-5 japAxb beans-quantity-controls__add-button beans-button__container" type="submit" data-auto="beans-quantity-controls-add-button" aria-label="Quantity of Tesco Stonebaked Thin Four Cheese Pizza 330G Price Marked"><span class="base-components__BaseElement-sc-1mosoyj-0 styled__InnerContainer-rsekm1-1 oznwo fuFres beans-button__inner-container"><span class="base-components__BaseElement-sc-1mosoyj-0 styled__TextSpan-rsekm1-4 oznwo GDiMp beans-button__text">Add</span></span></button></div></div></div></div></div><input name="_csrf" type="hidden" value="0WbpBJF9-cS-fAMl-ByHnl5hECj1JaZiBQ20"></form></div></div></div></div><div class="hidden-medium product-info-section-small"><div class="product-info-message-list"></div></div></div></div></div></div></li><li class="product-list--list-item"><div class="styles__StyledVerticalTileWrapper-dvv1wj-0 dtCNPH"><p class="styled__FlashSashContent-sc-9znnul-0 dYgYXb"><strong class="styled__FlashSashText-sc-9znnul-1 ggeHk">New</strong></p><div data-auto="product-tile" data-auto-type="Quantity" data-auto-available="true" data-auto-is-restricted-disabled="false" data-auto-is-substitute="false" class="styles__StyledVerticalTile-dvv1wj-1 gSCsYK"><div class="styles__StyledTileContentWrapper-dvv1wj-2 bkNhNP beans"><div id="tile-311783357" data-auto-id="311783357" class="styles__StyledTiledContent-dvv1wj-3 bcglTg"><a href="https://www.tesco.com/groceries/en-GB/products/311783357" aria-hidden="true" class="product-image-wrapper" tabindex="1"><div class="product-image__container"><picture><img class="styled__Image-sjvkdn-0 bJErKA product-image beans-responsive-image__image" src="data:image/gif;base64,R0lGODlhAQABAAAAACH5BAEKAAEALAAAAAABAAEAAAICTAEAOw==" srcset="https://digitalcontent.api.tesco.com/v2/media/ghs/8f01c39c-2313-44e6-a713-1ad23400e04a/ba103a7b-b82d-4b54-a1b8-32db201cafc5.jpeg?h=225&amp;w=225 768w, data:image/gif;base64,R0lGODlhAQABAAAAACH5BAEKAAEALAAAAAABAAEAAAICTAEAOw== 4000w" alt="Chicago Town Deep Dish Pepperoni Pizzas 2 X 155G"></picture></div></a><div class="product-details--wrapper"><h3 class="styles__H3-oa5soe-0 bCKNNq"><a href="https://www.tesco.com/groceries/en-GB/products/311783357" class="styled__Anchor-sc-1xbujuz-0 csVOnh beans-link__anchor" data-auto="product-tile--title"><span class="styled__Text-sc-1xbujuz-1 ldbwMG beans-link__text">Chicago Town Deep Dish Pepperoni Pizzas 2 X 155G</span></a></h3><div class="styles__StyledPromotionsAboveMobile-dvv1wj-7 iPTMuo"></div><div class="styles__StyledProductDetailsContent-dvv1wj-5 ddRSrq"><a href="https://www.tesco.com/groceries/en-GB/reviews/submission/311783357?from=%2Fshop%2Ffrozen-food%2Fall" aria-label="Write a review for Chicago Town Deep Dish Pepperoni Pizzas 2 X 155G" class="styled__Anchor-sc-1xbujuz-0 jSzuDt write-a-review-link beans-link__anchor" data-auto="review-link"><span class="styled__Text-sc-1xbujuz-1 fyDIEo beans-link__text">Write a review</span><span class="styled__IconContainer-sc-1xbujuz-2 bSauSL beans-link__icon-container"><svg aria-hidden="true" class="styled__SVG-xxa4wh-1 hQMCqc beans-link__icon beans-icon__svg" height="13.33" preserveAspectRatio="xMinYMax meet" viewBox="-1 0 12 20" width="8" xmlns="http://www.w3.org/2000/svg" color="currentColor"><path d="M1.312 1.348L10.276 10l-8.964 8.644" fill="none" stroke="currentColor"></path></svg></span></a><div><a href="https://www.tesco.com/groceries/en-GB/shop/frozen-food/frozen-pizza-and-garlic-bread/frozen-snacking-and-mini-pizza/frozen-pizza-snacking-and-mini-pizza" class="styled__Anchor-sc-1xbujuz-0 jSzuDt rest-of-shelf-link beans-link__anchor" data-auto="rest-of-shelf-link"><span class="styled__Text-sc-1xbujuz-1 fyDIEo beans-link__text">Rest of <span class="visually-hidden">Frozen Pizza - Snacking &amp; Mini Pizza</span> shelf</span><span class="styled__IconContainer-sc-1xbujuz-2 bSauSL beans-link__icon-container"><svg aria-hidden="true" class="styled__SVG-xxa4wh-1 hQMCqc beans-link__icon beans-icon__svg" height="13.33" preserveAspectRatio="xMinYMax meet" viewBox="-1 0 12 20" width="8" xmlns="http://www.w3.org/2000/svg" color="currentColor"><path d="M1.312 1.348L10.276 10l-8.964 8.644" fill="none" stroke="currentColor"></path></svg></span></a></div><div class="product-info-message-section"><div class="product-info-message-list"></div></div></div><div class="styles__StyledBuyBoxWrapper-dvv1wj-4 dSvjUC"><div class="styles__StyledBuyBoxContainer-sc-1wx0qp6-0 erryje" data-auto="buybox-container"><div class="styles__SafeFormWrapper-jtpu2t-0 lcrYKS"><form action="https://www.tesco.com/groceries/en-GB/trolley/items/311783357?_method=PUT" method="POST"><input type="submit" class="hidden"><input name="id" type="hidden" value="311783357"><input name="identifier" type="hidden" value="Page"><input name="anchorId" type="hidden" value="#tile-311783357"><input name="returnUrl" type="hidden" value="/groceries/en-GB/shop/frozen-food/all?redirectIfUnavailable=true#tile-311783357"><input name="backToUrl" type="hidden" value="#"><input name="oldValue" type="hidden" value="0"><input name="oldUnitChoice" type="hidden" value="pcs"><input name="newUnitChoice" type="hidden" value="pcs"><div class="base-components__RootElement-sc-1mosoyj-1 styled__Container-sc-6nhkzi-0 jptQqM hSNpTb beans-buybox__container"><div class="base-components__BaseElement-sc-1mosoyj-0 styled__PriceAndActions-sc-6nhkzi-3 oznwo eEPLov beans-buybox__price-and-actions"><div class="base-components__RootElement-sc-1mosoyj-1 styled__Container-sc-8qlq5b-0 jptQqM bgZrjw styled__StyledPrice-sc-6nhkzi-5 iYHeik beans-buybox__price beans-price__container"><p class="styled__StyledHeading-sc-119w3hf-2 jWPEtj styled__Text-sc-8qlq5b-1 lnaeiZ beans-price__text">£1.49</p><p class="styled__StyledFootnote-sc-119w3hf-7 icrlVF styled__Subtext-sc-8qlq5b-2 bNJmdc beans-price__subtext">£0.48/100g</p></div><div class="base-components__RootElement-sc-1mosoyj-1 styled__Container-vtxwzb-0 jptQqM bDFhXJ beans-buybox__actions beans-quantity-controls__container"><div class="base-components__RootElement-sc-1mosoyj-1 styled__Container-sc-16t2b2a-0 jptQqM PUfgZ styled__StyledFormGroup-vtxwzb-1 kzKuAr beans-quantity-controls__form-group beans-form-group__container"><label class="styled__StyledLabel-sc-1ttuvhr-0 izGEjV beans-form-group__label beans-label" for="quantity-controls-311783357">Quantity controls </label><div class="base-components__BaseElement-sc-1mosoyj-0 styled__Children-sc-16t2b2a-3 oznwo gdJvjO beans-form-group__children"><div class="styled__StyledQuantityControlWrapper-vtxwzb-6 LCxOg"><label id="quantity-controls-311783357-label" class="styled__VisuallyHiddenLabel-vtxwzb-7 gXlLiM">Quantity of Chicago Town Deep Dish Pepperoni Pizzas 2 X 155G</label><div class="component__Wrapper-sc-1kpmik-3 dReplG input-wrapper"><input class="base-components__RootElement-sc-1mosoyj-1 styled__StyledInput-sc-1jd5f57-0 component__StyledAsInput-sc-1kpmik-4 jptQqM eJLlow styled__StyledInput-vtxwzb-3 lwMHo beans-quantity-controls__input beans-input" data-auto="beans-quantity-controls-input" autocomplete="off" id="quantity-controls-311783357" maxlength="2" name="newValue" type="number" aria-labelledby="quantity-controls-311783357-label" value="1"></div></div><button class="styled__BaseButton-rsekm1-0 styled__PrimaryButton-rsekm1-2 jChbeY geeWOF styled__StyledButton-vtxwzb-5 japAxb beans-quantity-controls__add-button beans-button__container" type="submit" data-auto="beans-quantity-controls-add-button" aria-label="Quantity of Chicago Town Deep Dish Pepperoni Pizzas 2 X 155G"><span class="base-components__BaseElement-sc-1mosoyj-0 styled__InnerContainer-rsekm1-1 oznwo fuFres beans-button__inner-container"><span class="base-components__BaseElement-sc-1mosoyj-0 styled__TextSpan-rsekm1-4 oznwo GDiMp beans-button__text">Add</span></span></button></div></div></div></div></div><input name="_csrf" type="hidden" value="0WbpBJF9-cS-fAMl-ByHnl5hECj1JaZiBQ20"></form></div></div></div></div><div class="hidden-medium product-info-section-small"><div class="product-info-message-list"></div></div></div></div></div></div></li><li class="product-list--list-item"><div class="styles__StyledVerticalTileWrapper-dvv1wj-0 dtCNPH"><div data-auto="product-tile" data-auto-type="Quantity" data-auto-available="true" data-auto-is-restricted-disabled="false" data-auto-is-substitute="false" class="styles__StyledVerticalTile-dvv1wj-1 gSCsYK"><div class="styles__StyledTileContentWrapper-dvv1wj-2 bkNhNP beans"><div id="tile-311954991" data-auto-id="311954991" class="styles__StyledTiledContent-dvv1wj-3 bcglTg"><a href="https://www.tesco.com/groceries/en-GB/products/311954991" aria-hidden="true" class="product-image-wrapper" tabindex="1"><div class="product-image__container"><picture><img class="styled__Image-sjvkdn-0 bJErKA product-image beans-responsive-image__image" src="data:image/gif;base64,R0lGODlhAQABAAAAACH5BAEKAAEALAAAAAABAAEAAAICTAEAOw==" srcset="https://digitalcontent.api.tesco.com/v2/media/ghs/8a8d128f-9f24-44e9-b7fd-bcb812289f10/1038bdb5-4a9c-4325-834e-358b81dd51a5.jpeg?h=225&amp;w=225 768w, data:image/gif;base64,R0lGODlhAQABAAAAACH5BAEKAAEALAAAAAABAAEAAAICTAEAOw== 4000w" alt="Chicago Town Deep Dish Four Cheese Pizzas 2 X 148G"></picture></div></a><div class="product-details--wrapper"><h3 class="styles__H3-oa5soe-0 bCKNNq"><a href="https://www.tesco.com/groceries/en-GB/products/311954991" class="styled__Anchor-sc-1xbujuz-0 csVOnh beans-link__anchor" data-auto="product-tile--title"><span class="styled__Text-sc-1xbujuz-1 ldbwMG beans-link__text">Chicago Town Deep Dish Four Cheese Pizzas 2 X 148G</span></a></h3><div class="styles__StyledPromotionsAboveMobile-dvv1wj-7 iPTMuo"></div><div class="styles__StyledProductDetailsContent-dvv1wj-5 ddRSrq"><a href="https://www.tesco.com/groceries/en-GB/reviews/submission/311954991?from=%2Fshop%2Ffrozen-food%2Fall" aria-label="Write a review for Chicago Town Deep Dish Four Cheese Pizzas 2 X 148G" class="styled__Anchor-sc-1xbujuz-0 jSzuDt write-a-review-link beans-link__anchor" data-auto="review-link"><span class="styled__Text-sc-1xbujuz-1 fyDIEo beans-link__text">Write a review</span><span class="styled__IconContainer-sc-1xbujuz-2 bSauSL beans-link__icon-container"><svg aria-hidden="true" class="styled__SVG-xxa4wh-1 hQMCqc beans-link__icon beans-icon__svg" height="13.33" preserveAspectRatio="xMinYMax meet" viewBox="-1 0 12 20" width="8" xmlns="http://www.w3.org/2000/svg" color="currentColor"><path d="M1.312 1.348L10.276 10l-8.964 8.644" fill="none" stroke="currentColor"></path></svg></span></a><div><a href="https://www.tesco.com/groceries/en-GB/shop/frozen-food/frozen-pizza-and-garlic-bread/frozen-snacking-and-mini-pizza/frozen-pizza-snacking-and-mini-pizza" class="styled__Anchor-sc-1xbujuz-0 jSzuDt rest-of-shelf-link beans-link__anchor" data-auto="rest-of-shelf-link"><span class="styled__Text-sc-1xbujuz-1 fyDIEo beans-link__text">Rest of <span class="visually-hidden">Frozen Pizza - Snacking &amp; Mini Pizza</span> shelf</span><span class="styled__IconContainer-sc-1xbujuz-2 bSauSL beans-link__icon-container"><svg aria-hidden="true" class="styled__SVG-xxa4wh-1 hQMCqc beans-link__icon beans-icon__svg" height="13.33" preserveAspectRatio="xMinYMax meet" viewBox="-1 0 12 20" width="8" xmlns="http://www.w3.org/2000/svg" color="currentColor"><path d="M1.312 1.348L10.276 10l-8.964 8.644" fill="none" stroke="currentColor"></path></svg></span></a></div><div class="product-info-message-section"><div class="product-info-message-list"></div></div></div><div class="styles__StyledBuyBoxWrapper-dvv1wj-4 dSvjUC"><div class="styles__StyledBuyBoxContainer-sc-1wx0qp6-0 erryje" data-auto="buybox-container"><div class="styles__SafeFormWrapper-jtpu2t-0 lcrYKS"><form action="https://www.tesco.com/groceries/en-GB/trolley/items/311954991?_method=PUT" method="POST"><input type="submit" class="hidden"><input name="id" type="hidden" value="311954991"><input name="identifier" type="hidden" value="Page"><input name="anchorId" type="hidden" value="#tile-311954991"><input name="returnUrl" type="hidden" value="/groceries/en-GB/shop/frozen-food/all?redirectIfUnavailable=true#tile-311954991"><input name="backToUrl" type="hidden" value="#"><input name="oldValue" type="hidden" value="0"><input name="oldUnitChoice" type="hidden" value="pcs"><input name="newUnitChoice" type="hidden" value="pcs"><div class="base-components__RootElement-sc-1mosoyj-1 styled__Container-sc-6nhkzi-0 jptQqM hSNpTb beans-buybox__container"><div class="base-components__BaseElement-sc-1mosoyj-0 styled__PriceAndActions-sc-6nhkzi-3 oznwo eEPLov beans-buybox__price-and-actions"><div class="base-components__RootElement-sc-1mosoyj-1 styled__Container-sc-8qlq5b-0 jptQqM bgZrjw styled__StyledPrice-sc-6nhkzi-5 iYHeik beans-buybox__price beans-price__container"><p class="styled__StyledHeading-sc-119w3hf-2 jWPEtj styled__Text-sc-8qlq5b-1 lnaeiZ beans-price__text">£1.49</p><p class="styled__StyledFootnote-sc-119w3hf-7 icrlVF styled__Subtext-sc-8qlq5b-2 bNJmdc beans-price__subtext">£0.50/100g</p></div><div class="base-components__RootElement-sc-1mosoyj-1 styled__Container-vtxwzb-0 jptQqM bDFhXJ beans-buybox__actions beans-quantity-controls__container"><div class="base-components__RootElement-sc-1mosoyj-1 styled__Container-sc-16t2b2a-0 jptQqM PUfgZ styled__StyledFormGroup-vtxwzb-1 kzKuAr beans-quantity-controls__form-group beans-form-group__container"><label class="styled__StyledLabel-sc-1ttuvhr-0 izGEjV beans-form-group__label beans-label" for="quantity-controls-311954991">Quantity controls </label><div class="base-components__BaseElement-sc-1mosoyj-0 styled__Children-sc-16t2b2a-3 oznwo gdJvjO beans-form-group__children"><div class="styled__StyledQuantityControlWrapper-vtxwzb-6 LCxOg"><label id="quantity-controls-311954991-label" class="styled__VisuallyHiddenLabel-vtxwzb-7 gXlLiM">Quantity of Chicago Town Deep Dish Four Cheese Pizzas 2 X 148G</label><div class="component__Wrapper-sc-1kpmik-3 dReplG input-wrapper"><input class="base-components__RootElement-sc-1mosoyj-1 styled__StyledInput-sc-1jd5f57-0 component__StyledAsInput-sc-1kpmik-4 jptQqM eJLlow styled__StyledInput-vtxwzb-3 lwMHo beans-quantity-controls__input beans-input" data-auto="beans-quantity-controls-input" autocomplete="off" id="quantity-controls-311954991" maxlength="2" name="newValue" type="number" aria-labelledby="quantity-controls-311954991-label" value="1"></div></div><button class="styled__BaseButton-rsekm1-0 styled__PrimaryButton-rsekm1-2 jChbeY geeWOF styled__StyledButton-vtxwzb-5 japAxb beans-quantity-controls__add-button beans-button__container" type="submit" data-auto="beans-quantity-controls-add-button" aria-label="Quantity of Chicago Town Deep Dish Four Cheese Pizzas 2 X 148G"><span class="base-components__BaseElement-sc-1mosoyj-0 styled__InnerContainer-rsekm1-1 oznwo fuFres beans-button__inner-container"><span class="base-components__BaseElement-sc-1mosoyj-0 styled__TextSpan-rsekm1-4 oznwo GDiMp beans-button__text">Add</span></span></button></div></div></div></div></div><input name="_csrf" type="hidden" value="0WbpBJF9-cS-fAMl-ByHnl5hECj1JaZiBQ20"></form></div></div></div></div><div class="hidden-medium product-info-section-small"><div class="product-info-message-list"></div></div></div></div></div></div></li><li class="product-list--list-item"><div class="styles__StyledVerticalTileWrapper-dvv1wj-0 dtCNPH"><div data-auto="product-tile" data-auto-type="Quantity" data-auto-available="false" data-auto-is-restricted-disabled="false" data-auto-is-substitute="false" class="styles__StyledVerticalTile-dvv1wj-1 hdMvIX"><div class="styles__StyledTileContentWrapper-dvv1wj-2 bkNhNP beans"><div id="tile-263352376" data-auto-id="263352376" class="styles__StyledTiledContent-dvv1wj-3 bcglTg"><a href="https://www.tesco.com/groceries/en-GB/products/263352376" aria-hidden="true" class="product-image-wrapper" tabindex="1"><div class="product-image__container"><picture><img class="styled__Image-sjvkdn-0 bJErKA product-image grayscale beans-responsive-image__image" src="data:image/gif;base64,R0lGODlhAQABAAAAACH5BAEKAAEALAAAAAABAAEAAAICTAEAOw==" srcset="https://digitalcontent.api.tesco.com/v2/media/ghs/f5b95fec-6b6b-479b-9800-93d105f37dac/e66f1063-b8f4-4b9a-9715-18f7a674c10e.jpeg?h=225&amp;w=225 768w, data:image/gif;base64,R0lGODlhAQABAAAAACH5BAEKAAEALAAAAAABAAEAAAICTAEAOw== 4000w" alt="Tesco Diced Onions 500G"></picture></div></a><div class="product-details--wrapper"><h3 class="styles__H3-oa5soe-0 bCKNNq"><a href="https://www.tesco.com/groceries/en-GB/products/263352376" class="styled__Anchor-sc-1xbujuz-0 csVOnh beans-link__anchor" data-auto="product-tile--title"><span class="styled__Text-sc-1xbujuz-1 ldbwMG beans-link__text">Tesco Diced Onions 500G</span></a></h3><div class="styles__StyledPromotionsAboveMobile-dvv1wj-7 iPTMuo"></div><div class="styles__StyledProductDetailsContent-dvv1wj-5 ddRSrq"><a href="https://www.tesco.com/groceries/en-GB/reviews/submission/263352376?from=%2Fshop%2Ffrozen-food%2Fall" aria-label="Write a review for Tesco Diced Onions 500G" class="styled__Anchor-sc-1xbujuz-0 jSzuDt write-a-review-link beans-link__anchor" data-auto="review-link"><span class="styled__Text-sc-1xbujuz-1 fyDIEo beans-link__text">Write a review</span><span class="styled__IconContainer-sc-1xbujuz-2 bSauSL beans-link__icon-container"><svg aria-hidden="true" class="styled__SVG-xxa4wh-1 hQMCqc beans-link__icon beans-icon__svg" height="13.33" preserveAspectRatio="xMinYMax meet" viewBox="-1 0 12 20" width="8" xmlns="http://www.w3.org/2000/svg" color="currentColor"><path d="M1.312 1.348L10.276 10l-8.964 8.644" fill="none" stroke="currentColor"></path></svg></span></a><div class="product-info-message-section"><div class="product-info-message-list"><ul><li><div data-auto="info-message" class="product-info-message with-warning-background unavailable-messages"><p>This product's currently out of stock</p></div></li></ul></div></div></div><div class="styles__StyledRestOfShelfButton-sc-1zolry-0 jqKCro"><a href="https://www.tesco.com/shop/frozen-food/frozen-vegetables-and-herbs/frozen-prepared-vegetables/frozen-peppers-onions-and-mushrooms" class="styles__StyledRestOfShelfLink-sc-1zolry-1 klfAZc rest-of-shelf"><a class="styled__Anchor-sc-16kp6v-0 cOTsfM styled__StyledLink-ey2bia-0 dHydHk beans-link__anchor"><span class="styled__Text-sc-16kp6v-1 iOdjfG beans-link__text">Rest of <span class="visually-hidden">Frozen Peppers, Onions &amp; Mushrooms</span> shelf</span><span class="styled__IconContainer-sc-16kp6v-2 WcbZx beans-link__icon-container"><svg aria-hidden="true" class="styled__SVG-xxa4wh-1 hQMCqc beans-link__icon beans-icon__svg" height="20" preserveAspectRatio="xMinYMax meet" viewBox="-1 0 12 20" width="12" xmlns="http://www.w3.org/2000/svg" color="currentColor"><path d="M1.312 1.348L10.276 10l-8.964 8.644" fill="none" stroke="currentColor"></path></svg></span></a></a></div></div><div class="hidden-medium product-info-section-small"><div class="product-info-message-list"><ul><li><div data-auto="info-message" class="product-info-message with-warning-background unavailable-messages"><p>This product's currently out of stock</p></div></li></ul></div></div></div></div></div></div></li><li class="product-list--list-item"><div class="styles__StyledVerticalTileWrapper-dvv1wj-0 dtCNPH"><div data-auto="product-tile" data-auto-type="Quantity" data-auto-available="true" data-auto-is-restricted-disabled="false" data-auto-is-substitute="false" class="styles__StyledVerticalTile-dvv1wj-1 gSCsYK"><div class="styles__StyledTileContentWrapper-dvv1wj-2 bkNhNP beans"><div id="tile-306810938" data-auto-id="306810938" class="styles__StyledTiledContent-dvv1wj-3 bcglTg"><a href="https://www.tesco.com/groceries/en-GB/products/306810938" aria-hidden="true" class="product-image-wrapper" tabindex="1"><div class="product-image__container"><picture><img class="styled__Image-sjvkdn-0 bJErKA product-image beans-responsive-image__image" src="data:image/gif;base64,R0lGODlhAQABAAAAACH5BAEKAAEALAAAAAABAAEAAAICTAEAOw==" srcset="https://digitalcontent.api.tesco.com/v2/media/ghs/a78d4c62-1b7f-48c3-bee6-6756b8758b54/1e6dbe6e-3f27-4d01-9c2b-9e2207be76ee.jpeg?h=225&amp;w=225 768w, data:image/gif;base64,R0lGODlhAQABAAAAACH5BAEKAAEALAAAAAABAAEAAAICTAEAOw== 4000w" alt="Tesco 50 Sausage Rolls 750G"></picture></div></a><div class="product-details--wrapper"><h3 class="styles__H3-oa5soe-0 bCKNNq"><a href="https://www.tesco.com/groceries/en-GB/products/306810938" class="styled__Anchor-sc-1xbujuz-0 csVOnh beans-link__anchor" data-auto="product-tile--title"><span class="styled__Text-sc-1xbujuz-1 ldbwMG beans-link__text">Tesco 50 Sausage Rolls 750G</span></a></h3><div class="styles__StyledPromotionsAboveMobile-dvv1wj-7 iPTMuo"></div><div class="styles__StyledProductDetailsContent-dvv1wj-5 ddRSrq"><a href="https://www.tesco.com/groceries/en-GB/reviews/submission/306810938?from=%2Fshop%2Ffrozen-food%2Fall" aria-label="Write a review for Tesco 50 Sausage Rolls 750G" class="styled__Anchor-sc-1xbujuz-0 jSzuDt write-a-review-link beans-link__anchor" data-auto="review-link"><span class="styled__Text-sc-1xbujuz-1 fyDIEo beans-link__text">Write a review</span><span class="styled__IconContainer-sc-1xbujuz-2 bSauSL beans-link__icon-container"><svg aria-hidden="true" class="styled__SVG-xxa4wh-1 hQMCqc beans-link__icon beans-icon__svg" height="13.33" preserveAspectRatio="xMinYMax meet" viewBox="-1 0 12 20" width="8" xmlns="http://www.w3.org/2000/svg" color="currentColor"><path d="M1.312 1.348L10.276 10l-8.964 8.644" fill="none" stroke="currentColor"></path></svg></span></a><div><a href="https://www.tesco.com/groceries/en-GB/shop/frozen-food/frozen-party-food-and-sausage-rolls/frozen-party-food-and-sausage-rolls/frozen-party-food-and-sausage-rolls" class="styled__Anchor-sc-1xbujuz-0 jSzuDt rest-of-shelf-link beans-link__anchor" data-auto="rest-of-shelf-link"><span class="styled__Text-sc-1xbujuz-1 fyDIEo beans-link__text">Rest of <span class="visually-hidden">Frozen Party Food &amp; Sausage Rolls</span> shelf</span><span class="styled__IconContainer-sc-1xbujuz-2 bSauSL beans-link__icon-container"><svg aria-hidden="true" class="styled__SVG-xxa4wh-1 hQMCqc beans-link__icon beans-icon__svg" height="13.33" preserveAspectRatio="xMinYMax meet" viewBox="-1 0 12 20" width="8" xmlns="http://www.w3.org/2000/svg" color="currentColor"><path d="M1.312 1.348L10.276 10l-8.964 8.644" fill="none" stroke="currentColor"></path></svg></span></a></div><div class="product-info-message-section"><div class="product-info-message-list"></div></div></div><div class="styles__StyledBuyBoxWrapper-dvv1wj-4 dSvjUC"><div class="styles__StyledBuyBoxContainer-sc-1wx0qp6-0 erryje" data-auto="buybox-container"><div class="styles__SafeFormWrapper-jtpu2t-0 lcrYKS"><form action="https://www.tesco.com/groceries/en-GB/trolley/items/306810938?_method=PUT" method="POST"><input type="submit" class="hidden"><input name="id" type="hidden" value="306810938"><input name="identifier" type="hidden" value="Page"><input name="anchorId" type="hidden" value="#tile-306810938"><input name="returnUrl" type="hidden" value="/groceries/en-GB/shop/frozen-food/all?redirectIfUnavailable=true#tile-306810938"><input name="backToUrl" type="hidden" value="#"><input name="oldValue" type="hidden" value="0"><input name="oldUnitChoice" type="hidden" value="pcs"><input name="newUnitChoice" type="hidden" value="pcs"><div class="base-components__RootElement-sc-1mosoyj-1 styled__Container-sc-6nhkzi-0 jptQqM hSNpTb beans-buybox__container"><div class="base-components__BaseElement-sc-1mosoyj-0 styled__PriceAndActions-sc-6nhkzi-3 oznwo eEPLov beans-buybox__price-and-actions"><div class="base-components__RootElement-sc-1mosoyj-1 styled__Container-sc-8qlq5b-0 jptQqM bgZrjw styled__StyledPrice-sc-6nhkzi-5 iYHeik beans-buybox__price beans-price__container"><p class="styled__StyledHeading-sc-119w3hf-2 jWPEtj styled__Text-sc-8qlq5b-1 lnaeiZ beans-price__text">£1.55</p><p class="styled__StyledFootnote-sc-119w3hf-7 icrlVF styled__Subtext-sc-8qlq5b-2 bNJmdc beans-price__subtext">£0.21/100g</p></div><div class="base-components__RootElement-sc-1mosoyj-1 styled__Container-vtxwzb-0 jptQqM bDFhXJ beans-buybox__actions beans-quantity-controls__container"><div class="base-components__RootElement-sc-1mosoyj-1 styled__Container-sc-16t2b2a-0 jptQqM PUfgZ styled__StyledFormGroup-vtxwzb-1 kzKuAr beans-quantity-controls__form-group beans-form-group__container"><label class="styled__StyledLabel-sc-1ttuvhr-0 izGEjV beans-form-group__label beans-label" for="quantity-controls-306810938">Quantity controls </label><div class="base-components__BaseElement-sc-1mosoyj-0 styled__Children-sc-16t2b2a-3 oznwo gdJvjO beans-form-group__children"><div class="styled__StyledQuantityControlWrapper-vtxwzb-6 LCxOg"><label id="quantity-controls-306810938-label" class="styled__VisuallyHiddenLabel-vtxwzb-7 gXlLiM">Quantity of Tesco 50 Sausage Rolls 750G</label><div class="component__Wrapper-sc-1kpmik-3 dReplG input-wrapper"><input class="base-components__RootElement-sc-1mosoyj-1 styled__StyledInput-sc-1jd5f57-0 component__StyledAsInput-sc-1kpmik-4 jptQqM eJLlow styled__StyledInput-vtxwzb-3 lwMHo beans-quantity-controls__input beans-input" data-auto="beans-quantity-controls-input" autocomplete="off" id="quantity-controls-306810938" maxlength="2" name="newValue" type="number" aria-labelledby="quantity-controls-306810938-label" value="1"></div></div><button class="styled__BaseButton-rsekm1-0 styled__PrimaryButton-rsekm1-2 jChbeY geeWOF styled__StyledButton-vtxwzb-5 japAxb beans-quantity-controls__add-button beans-button__container" type="submit" data-auto="beans-quantity-controls-add-button" aria-label="Quantity of Tesco 50 Sausage Rolls 750G"><span class="base-components__BaseElement-sc-1mosoyj-0 styled__InnerContainer-rsekm1-1 oznwo fuFres beans-button__inner-container"><span class="base-components__BaseElement-sc-1mosoyj-0 styled__TextSpan-rsekm1-4 oznwo GDiMp beans-button__text">Add</span></span></button></div></div></div></div></div><input name="_csrf" type="hidden" value="0WbpBJF9-cS-fAMl-ByHnl5hECj1JaZiBQ20"></form></div></div></div></div><div class="hidden-medium product-info-section-small"><div class="product-info-message-list"></div></div></div></div></div></div></li><li class="product-list--list-item"><div class="styles__StyledVerticalTileWrapper-dvv1wj-0 dtCNPH"><div data-auto="product-tile" data-auto-type="Quantity" data-auto-available="true" data-auto-is-restricted-disabled="false" data-auto-is-substitute="false" class="styles__StyledVerticalTile-dvv1wj-1 gSCsYK"><div class="styles__StyledTileContentWrapper-dvv1wj-2 bkNhNP beans"><div id="tile-253803694" data-auto-id="253803694" class="styles__StyledTiledContent-dvv1wj-3 bcglTg"><a href="https://www.tesco.com/groceries/en-GB/products/253803694" aria-hidden="true" class="product-image-wrapper" tabindex="1"><div class="product-image__container"><picture><img class="styled__Image-sjvkdn-0 bJErKA product-image beans-responsive-image__image" src="data:image/gif;base64,R0lGODlhAQABAAAAACH5BAEKAAEALAAAAAABAAEAAAICTAEAOw==" srcset="https://digitalcontent.api.tesco.com/v2/media/ghs/19d8b9e1-ea9c-4dc4-9820-1481a01de48a/1abd5e0f-4e5f-43c0-a0ac-b7ac8cae2e71.jpeg?h=225&amp;w=225 768w, data:image/gif;base64,R0lGODlhAQABAAAAACH5BAEKAAEALAAAAAABAAEAAAICTAEAOw== 4000w" alt="Tesco 10 Garlic Bread Slices 260G"></picture></div></a><div class="product-details--wrapper"><h3 class="styles__H3-oa5soe-0 bCKNNq"><a href="https://www.tesco.com/groceries/en-GB/products/253803694" class="styled__Anchor-sc-1xbujuz-0 csVOnh beans-link__anchor" data-auto="product-tile--title"><span class="styled__Text-sc-1xbujuz-1 ldbwMG beans-link__text">Tesco 10 Garlic Bread Slices 260G</span></a></h3><div class="styles__StyledPromotionsAboveMobile-dvv1wj-7 iPTMuo"></div><div class="styles__StyledProductDetailsContent-dvv1wj-5 ddRSrq"><a href="https://www.tesco.com/groceries/en-GB/reviews/submission/253803694?from=%2Fshop%2Ffrozen-food%2Fall" aria-label="Write a review for Tesco 10 Garlic Bread Slices 260G" class="styled__Anchor-sc-1xbujuz-0 jSzuDt write-a-review-link beans-link__anchor" data-auto="review-link"><span class="styled__Text-sc-1xbujuz-1 fyDIEo beans-link__text">Write a review</span><span class="styled__IconContainer-sc-1xbujuz-2 bSauSL beans-link__icon-container"><svg aria-hidden="true" class="styled__SVG-xxa4wh-1 hQMCqc beans-link__icon beans-icon__svg" height="13.33" preserveAspectRatio="xMinYMax meet" viewBox="-1 0 12 20" width="8" xmlns="http://www.w3.org/2000/svg" color="currentColor"><path d="M1.312 1.348L10.276 10l-8.964 8.644" fill="none" stroke="currentColor"></path></svg></span></a><div><a href="https://www.tesco.com/groceries/en-GB/shop/frozen-food/frozen-pizza-and-garlic-bread/frozen-garlic-bread-and-doughballs/frozen-garlic-bread-dough-and-doughballs" class="styled__Anchor-sc-1xbujuz-0 jSzuDt rest-of-shelf-link beans-link__anchor" data-auto="rest-of-shelf-link"><span class="styled__Text-sc-1xbujuz-1 fyDIEo beans-link__text">Rest of <span class="visually-hidden">Frozen Garlic Bread, Dough &amp; Doughballs</span> shelf</span><span class="styled__IconContainer-sc-1xbujuz-2 bSauSL beans-link__icon-container"><svg aria-hidden="true" class="styled__SVG-xxa4wh-1 hQMCqc beans-link__icon beans-icon__svg" height="13.33" preserveAspectRatio="xMinYMax meet" viewBox="-1 0 12 20" width="8" xmlns="http://www.w3.org/2000/svg" color="currentColor"><path d="M1.312 1.348L10.276 10l-8.964 8.644" fill="none" stroke="currentColor"></path></svg></span></a></div><div class="product-info-message-section"><div class="product-info-message-list"></div></div></div><div class="styles__StyledBuyBoxWrapper-dvv1wj-4 dSvjUC"><div class="styles__StyledBuyBoxContainer-sc-1wx0qp6-0 erryje" data-auto="buybox-container"><div class="styles__SafeFormWrapper-jtpu2t-0 lcrYKS"><form action="https://www.tesco.com/groceries/en-GB/trolley/items/253803694?_method=PUT" method="POST"><input type="submit" class="hidden"><input name="id" type="hidden" value="253803694"><input name="identifier" type="hidden" value="Page"><input name="anchorId" type="hidden" value="#tile-253803694"><input name="returnUrl" type="hidden" value="/groceries/en-GB/shop/frozen-food/all?redirectIfUnavailable=true#tile-253803694"><input name="backToUrl" type="hidden" value="#"><input name="oldValue" type="hidden" value="0"><input name="oldUnitChoice" type="hidden" value="pcs"><input name="newUnitChoice" type="hidden" value="pcs"><div class="base-components__RootElement-sc-1mosoyj-1 styled__Container-sc-6nhkzi-0 jptQqM hSNpTb beans-buybox__container"><div class="base-components__BaseElement-sc-1mosoyj-0 styled__PriceAndActions-sc-6nhkzi-3 oznwo eEPLov beans-buybox__price-and-actions"><div class="base-components__RootElement-sc-1mosoyj-1 styled__Container-sc-8qlq5b-0 jptQqM bgZrjw styled__StyledPrice-sc-6nhkzi-5 iYHeik beans-buybox__price beans-price__container"><p class="styled__StyledHeading-sc-119w3hf-2 jWPEtj styled__Text-sc-8qlq5b-1 lnaeiZ beans-price__text">£1.50</p><p class="styled__StyledFootnote-sc-119w3hf-7 icrlVF styled__Subtext-sc-8qlq5b-2 bNJmdc beans-price__subtext">£0.58/100g</p></div><div class="base-components__RootElement-sc-1mosoyj-1 styled__Container-vtxwzb-0 jptQqM bDFhXJ beans-buybox__actions beans-quantity-controls__container"><div class="base-components__RootElement-sc-1mosoyj-1 styled__Container-sc-16t2b2a-0 jptQqM PUfgZ styled__StyledFormGroup-vtxwzb-1 kzKuAr beans-quantity-controls__form-group beans-form-group__container"><label class="styled__StyledLabel-sc-1ttuvhr-0 izGEjV beans-form-group__label beans-label" for="quantity-controls-253803694">Quantity controls </label><div class="base-components__BaseElement-sc-1mosoyj-0 styled__Children-sc-16t2b2a-3 oznwo gdJvjO beans-form-group__children"><div class="styled__StyledQuantityControlWrapper-vtxwzb-6 LCxOg"><label id="quantity-controls-253803694-label" class="styled__VisuallyHiddenLabel-vtxwzb-7 gXlLiM">Quantity of Tesco 10 Garlic Bread Slices 260G</label><div class="component__Wrapper-sc-1kpmik-3 dReplG input-wrapper"><input class="base-components__RootElement-sc-1mosoyj-1 styled__StyledInput-sc-1jd5f57-0 component__StyledAsInput-sc-1kpmik-4 jptQqM eJLlow styled__StyledInput-vtxwzb-3 lwMHo beans-quantity-controls__input beans-input" data-auto="beans-quantity-controls-input" autocomplete="off" id="quantity-controls-253803694" maxlength="2" name="newValue" type="number" aria-labelledby="quantity-controls-253803694-label" value="1"></div></div><button class="styled__BaseButton-rsekm1-0 styled__PrimaryButton-rsekm1-2 jChbeY geeWOF styled__StyledButton-vtxwzb-5 japAxb beans-quantity-controls__add-button beans-button__container" type="submit" data-auto="beans-quantity-controls-add-button" aria-label="Quantity of Tesco 10 Garlic Bread Slices 260G"><span class="base-components__BaseElement-sc-1mosoyj-0 styled__InnerContainer-rsekm1-1 oznwo fuFres beans-button__inner-container"><span class="base-components__BaseElement-sc-1mosoyj-0 styled__TextSpan-rsekm1-4 oznwo GDiMp beans-button__text">Add</span></span></button></div></div></div></div></div><input name="_csrf" type="hidden" value="0WbpBJF9-cS-fAMl-ByHnl5hECj1JaZiBQ20"></form></div></div></div></div><div class="hidden-medium product-info-section-small"><div class="product-info-message-list"></div></div></div></div></div></div></li><li class="product-list--list-item"><div class="styles__StyledVerticalTileWrapper-dvv1wj-0 dtCNPH"><div data-auto="product-tile" data-auto-type="Quantity" data-auto-available="true" data-auto-is-restricted-disabled="false" data-auto-is-substitute="false" class="styles__StyledVerticalTile-dvv1wj-1 gSCsYK"><div class="styles__StyledTileContentWrapper-dvv1wj-2 bkNhNP beans"><div id="tile-263565176" data-auto-id="263565176" class="styles__StyledTiledContent-dvv1wj-3 bcglTg"><a href="https://www.tesco.com/groceries/en-GB/products/263565176" aria-hidden="true" class="product-image-wrapper" tabindex="1"><div class="product-image__container"><picture><img class="styled__Image-sjvkdn-0 bJErKA product-image beans-responsive-image__image" src="data:image/gif;base64,R0lGODlhAQABAAAAACH5BAEKAAEALAAAAAABAAEAAAICTAEAOw==" srcset="https://digitalcontent.api.tesco.com/v2/media/ghs/056761fc-1831-4a87-af93-9cef3c27203d/3b47fa79-47f2-4175-98c1-8a45ab94c397.jpeg?h=225&amp;w=225 768w, data:image/gif;base64,R0lGODlhAQABAAAAACH5BAEKAAEALAAAAAABAAEAAAICTAEAOw== 4000w" alt="Tesco 12 Potato Waffles 680G"></picture></div></a><div class="product-details--wrapper"><h3 class="styles__H3-oa5soe-0 bCKNNq"><a href="https://www.tesco.com/groceries/en-GB/products/263565176" class="styled__Anchor-sc-1xbujuz-0 csVOnh beans-link__anchor" data-auto="product-tile--title"><span class="styled__Text-sc-1xbujuz-1 ldbwMG beans-link__text">Tesco 12 Potato Waffles 680G</span></a></h3><div class="styles__StyledPromotionsAboveMobile-dvv1wj-7 iPTMuo"></div><div class="styles__StyledProductDetailsContent-dvv1wj-5 ddRSrq"><a href="https://www.tesco.com/groceries/en-GB/reviews/submission/263565176?from=%2Fshop%2Ffrozen-food%2Fall" aria-label="Write a review for Tesco 12 Potato Waffles 680G" class="styled__Anchor-sc-1xbujuz-0 jSzuDt write-a-review-link beans-link__anchor" data-auto="review-link"><span class="styled__Text-sc-1xbujuz-1 fyDIEo beans-link__text">Write a review</span><span class="styled__IconContainer-sc-1xbujuz-2 bSauSL beans-link__icon-container"><svg aria-hidden="true" class="styled__SVG-xxa4wh-1 hQMCqc beans-link__icon beans-icon__svg" height="13.33" preserveAspectRatio="xMinYMax meet" viewBox="-1 0 12 20" width="8" xmlns="http://www.w3.org/2000/svg" color="currentColor"><path d="M1.312 1.348L10.276 10l-8.964 8.644" fill="none" stroke="currentColor"></path></svg></span></a><div><a href="https://www.tesco.com/groceries/en-GB/shop/frozen-food/frozen-chips-onion-rings-potatoes-and-rice/frozen-potatoes/frozen-potato-waffles" class="styled__Anchor-sc-1xbujuz-0 jSzuDt rest-of-shelf-link beans-link__anchor" data-auto="rest-of-shelf-link"><span class="styled__Text-sc-1xbujuz-1 fyDIEo beans-link__text">Rest of <span class="visually-hidden">Frozen Potato Waffles</span> shelf</span><span class="styled__IconContainer-sc-1xbujuz-2 bSauSL beans-link__icon-container"><svg aria-hidden="true" class="styled__SVG-xxa4wh-1 hQMCqc beans-link__icon beans-icon__svg" height="13.33" preserveAspectRatio="xMinYMax meet" viewBox="-1 0 12 20" width="8" xmlns="http://www.w3.org/2000/svg" color="currentColor"><path d="M1.312 1.348L10.276 10l-8.964 8.644" fill="none" stroke="currentColor"></path></svg></span></a></div><div class="product-info-message-section"><div class="product-info-message-list"></div></div></div><div class="styles__StyledBuyBoxWrapper-dvv1wj-4 dSvjUC"><div class="styles__StyledBuyBoxContainer-sc-1wx0qp6-0 erryje" data-auto="buybox-container"><div class="styles__SafeFormWrapper-jtpu2t-0 lcrYKS"><form action="https://www.tesco.com/groceries/en-GB/trolley/items/263565176?_method=PUT" method="POST"><input type="submit" class="hidden"><input name="id" type="hidden" value="263565176"><input name="identifier" type="hidden" value="Page"><input name="anchorId" type="hidden" value="#tile-263565176"><input name="returnUrl" type="hidden" value="/groceries/en-GB/shop/frozen-food/all?redirectIfUnavailable=true#tile-263565176"><input name="backToUrl" type="hidden" value="#"><input name="oldValue" type="hidden" value="0"><input name="oldUnitChoice" type="hidden" value="pcs"><input name="newUnitChoice" type="hidden" value="pcs"><div class="base-components__RootElement-sc-1mosoyj-1 styled__Container-sc-6nhkzi-0 jptQqM hSNpTb beans-buybox__container"><div class="base-components__BaseElement-sc-1mosoyj-0 styled__PriceAndActions-sc-6nhkzi-3 oznwo eEPLov beans-buybox__price-and-actions"><div class="base-components__RootElement-sc-1mosoyj-1 styled__Container-sc-8qlq5b-0 jptQqM bgZrjw styled__StyledPrice-sc-6nhkzi-5 iYHeik beans-buybox__price beans-price__container"><p class="styled__StyledHeading-sc-119w3hf-2 jWPEtj styled__Text-sc-8qlq5b-1 lnaeiZ beans-price__text">£1.65</p><p class="styled__StyledFootnote-sc-119w3hf-7 icrlVF styled__Subtext-sc-8qlq5b-2 bNJmdc beans-price__subtext">£2.43/kg</p></div><div class="base-components__RootElement-sc-1mosoyj-1 styled__Container-vtxwzb-0 jptQqM bDFhXJ beans-buybox__actions beans-quantity-controls__container"><div class="base-components__RootElement-sc-1mosoyj-1 styled__Container-sc-16t2b2a-0 jptQqM PUfgZ styled__StyledFormGroup-vtxwzb-1 kzKuAr beans-quantity-controls__form-group beans-form-group__container"><label class="styled__StyledLabel-sc-1ttuvhr-0 izGEjV beans-form-group__label beans-label" for="quantity-controls-263565176">Quantity controls </label><div class="base-components__BaseElement-sc-1mosoyj-0 styled__Children-sc-16t2b2a-3 oznwo gdJvjO beans-form-group__children"><div class="styled__StyledQuantityControlWrapper-vtxwzb-6 LCxOg"><label id="quantity-controls-263565176-label" class="styled__VisuallyHiddenLabel-vtxwzb-7 gXlLiM">Quantity of Tesco 12 Potato Waffles 680G</label><div class="component__Wrapper-sc-1kpmik-3 dReplG input-wrapper"><input class="base-components__RootElement-sc-1mosoyj-1 styled__StyledInput-sc-1jd5f57-0 component__StyledAsInput-sc-1kpmik-4 jptQqM eJLlow styled__StyledInput-vtxwzb-3 lwMHo beans-quantity-controls__input beans-input" data-auto="beans-quantity-controls-input" autocomplete="off" id="quantity-controls-263565176" maxlength="2" name="newValue" type="number" aria-labelledby="quantity-controls-263565176-label" value="1"></div></div><button class="styled__BaseButton-rsekm1-0 styled__PrimaryButton-rsekm1-2 jChbeY geeWOF styled__StyledButton-vtxwzb-5 japAxb beans-quantity-controls__add-button beans-button__container" type="submit" data-auto="beans-quantity-controls-add-button" aria-label="Quantity of Tesco 12 Potato Waffles 680G"><span class="base-components__BaseElement-sc-1mosoyj-0 styled__InnerContainer-rsekm1-1 oznwo fuFres beans-button__inner-container"><span class="base-components__BaseElement-sc-1mosoyj-0 styled__TextSpan-rsekm1-4 oznwo GDiMp beans-button__text">Add</span></span></button></div></div></div></div></div><input name="_csrf" type="hidden" value="0WbpBJF9-cS-fAMl-ByHnl5hECj1JaZiBQ20"></form></div></div></div></div><div class="hidden-medium product-info-section-small"><div class="product-info-message-list"></div></div></div></div></div></div></li><li class="product-list--list-item"><div class="styles__StyledVerticalTileWrapper-dvv1wj-0 dtCNPH"><div data-auto="product-tile" data-auto-type="Quantity" data-auto-available="true" data-auto-is-restricted-disabled="false" data-auto-is-substitute="false" class="styles__StyledVerticalTile-dvv1wj-1 gSCsYK"><div class="styles__StyledTileContentWrapper-dvv1wj-2 bkNhNP beans"><div id="tile-263352514" data-auto-id="263352514" class="styles__StyledTiledContent-dvv1wj-3 bcglTg"><a href="https://www.tesco.com/groceries/en-GB/products/263352514" aria-hidden="true" class="product-image-wrapper" tabindex="1"><div class="product-image__container"><picture><img class="styled__Image-sjvkdn-0 bJErKA product-image beans-responsive-image__image" src="data:image/gif;base64,R0lGODlhAQABAAAAACH5BAEKAAEALAAAAAABAAEAAAICTAEAOw==" srcset="https://digitalcontent.api.tesco.com/v2/media/ghs/cc4e78e6-b5d0-4aff-bac8-47c5d1c1894f/ef0a03e1-897a-4436-9e34-b9fab8b1a04e.jpeg?h=225&amp;w=225 768w, data:image/gif;base64,R0lGODlhAQABAAAAACH5BAEKAAEALAAAAAABAAEAAAICTAEAOw== 4000w" alt="Tesco Sliced Mixed Peppers 500G"></picture></div></a><div class="product-details--wrapper"><h3 class="styles__H3-oa5soe-0 bCKNNq"><a href="https://www.tesco.com/groceries/en-GB/products/263352514" class="styled__Anchor-sc-1xbujuz-0 csVOnh beans-link__anchor" data-auto="product-tile--title"><span class="styled__Text-sc-1xbujuz-1 ldbwMG beans-link__text">Tesco Sliced Mixed Peppers 500G</span></a></h3><div class="styles__StyledPromotionsAboveMobile-dvv1wj-7 iPTMuo"></div><div class="styles__StyledProductDetailsContent-dvv1wj-5 ddRSrq"><a href="https://www.tesco.com/groceries/en-GB/reviews/submission/263352514?from=%2Fshop%2Ffrozen-food%2Fall" aria-label="Write a review for Tesco Sliced Mixed Peppers 500G" class="styled__Anchor-sc-1xbujuz-0 jSzuDt write-a-review-link beans-link__anchor" data-auto="review-link"><span class="styled__Text-sc-1xbujuz-1 fyDIEo beans-link__text">Write a review</span><span class="styled__IconContainer-sc-1xbujuz-2 bSauSL beans-link__icon-container"><svg aria-hidden="true" class="styled__SVG-xxa4wh-1 hQMCqc beans-link__icon beans-icon__svg" height="13.33" preserveAspectRatio="xMinYMax meet" viewBox="-1 0 12 20" width="8" xmlns="http://www.w3.org/2000/svg" color="currentColor"><path d="M1.312 1.348L10.276 10l-8.964 8.644" fill="none" stroke="currentColor"></path></svg></span></a><div><a href="https://www.tesco.com/groceries/en-GB/shop/frozen-food/frozen-vegetables-and-herbs/frozen-prepared-vegetables/frozen-peppers-onions-and-mushrooms" class="styled__Anchor-sc-1xbujuz-0 jSzuDt rest-of-shelf-link beans-link__anchor" data-auto="rest-of-shelf-link"><span class="styled__Text-sc-1xbujuz-1 fyDIEo beans-link__text">Rest of <span class="visually-hidden">Frozen Peppers, Onions &amp; Mushrooms</span> shelf</span><span class="styled__IconContainer-sc-1xbujuz-2 bSauSL beans-link__icon-container"><svg aria-hidden="true" class="styled__SVG-xxa4wh-1 hQMCqc beans-link__icon beans-icon__svg" height="13.33" preserveAspectRatio="xMinYMax meet" viewBox="-1 0 12 20" width="8" xmlns="http://www.w3.org/2000/svg" color="currentColor"><path d="M1.312 1.348L10.276 10l-8.964 8.644" fill="none" stroke="currentColor"></path></svg></span></a></div><div class="product-info-message-section"><div class="product-info-message-list"></div></div></div><div class="styles__StyledBuyBoxWrapper-dvv1wj-4 dSvjUC"><div class="styles__StyledBuyBoxContainer-sc-1wx0qp6-0 erryje" data-auto="buybox-container"><div class="styles__SafeFormWrapper-jtpu2t-0 lcrYKS"><form action="https://www.tesco.com/groceries/en-GB/trolley/items/263352514?_method=PUT" method="POST"><input type="submit" class="hidden"><input name="id" type="hidden" value="263352514"><input name="identifier" type="hidden" value="Page"><input name="anchorId" type="hidden" value="#tile-263352514"><input name="returnUrl" type="hidden" value="/groceries/en-GB/shop/frozen-food/all?redirectIfUnavailable=true#tile-263352514"><input name="backToUrl" type="hidden" value="#"><input name="oldValue" type="hidden" value="0"><input name="oldUnitChoice" type="hidden" value="pcs"><input name="newUnitChoice" type="hidden" value="pcs"><div class="base-components__RootElement-sc-1mosoyj-1 styled__Container-sc-6nhkzi-0 jptQqM hSNpTb beans-buybox__container"><div class="base-components__BaseElement-sc-1mosoyj-0 styled__PriceAndActions-sc-6nhkzi-3 oznwo eEPLov beans-buybox__price-and-actions"><div class="base-components__RootElement-sc-1mosoyj-1 styled__Container-sc-8qlq5b-0 jptQqM bgZrjw styled__StyledPrice-sc-6nhkzi-5 iYHeik beans-buybox__price beans-price__container"><p class="styled__StyledHeading-sc-119w3hf-2 jWPEtj styled__Text-sc-8qlq5b-1 lnaeiZ beans-price__text">£1.00</p><p class="styled__StyledFootnote-sc-119w3hf-7 icrlVF styled__Subtext-sc-8qlq5b-2 bNJmdc beans-price__subtext">£2.00/kg</p></div><div class="base-components__RootElement-sc-1mosoyj-1 styled__Container-vtxwzb-0 jptQqM bDFhXJ beans-buybox__actions beans-quantity-controls__container"><div class="base-components__RootElement-sc-1mosoyj-1 styled__Container-sc-16t2b2a-0 jptQqM PUfgZ styled__StyledFormGroup-vtxwzb-1 kzKuAr beans-quantity-controls__form-group beans-form-group__container"><label class="styled__StyledLabel-sc-1ttuvhr-0 izGEjV beans-form-group__label beans-label" for="quantity-controls-263352514">Quantity controls </label><div class="base-components__BaseElement-sc-1mosoyj-0 styled__Children-sc-16t2b2a-3 oznwo gdJvjO beans-form-group__children"><div class="styled__StyledQuantityControlWrapper-vtxwzb-6 LCxOg"><label id="quantity-controls-263352514-label" class="styled__VisuallyHiddenLabel-vtxwzb-7 gXlLiM">Quantity of Tesco Sliced Mixed Peppers 500G</label><div class="component__Wrapper-sc-1kpmik-3 dReplG input-wrapper"><input class="base-components__RootElement-sc-1mosoyj-1 styled__StyledInput-sc-1jd5f57-0 component__StyledAsInput-sc-1kpmik-4 jptQqM eJLlow styled__StyledInput-vtxwzb-3 lwMHo beans-quantity-controls__input beans-input" data-auto="beans-quantity-controls-input" autocomplete="off" id="quantity-controls-263352514" maxlength="2" name="newValue" type="number" aria-labelledby="quantity-controls-263352514-label" value="1"></div></div><button class="styled__BaseButton-rsekm1-0 styled__PrimaryButton-rsekm1-2 jChbeY geeWOF styled__StyledButton-vtxwzb-5 japAxb beans-quantity-controls__add-button beans-button__container" type="submit" data-auto="beans-quantity-controls-add-button" aria-label="Quantity of Tesco Sliced Mixed Peppers 500G"><span class="base-components__BaseElement-sc-1mosoyj-0 styled__InnerContainer-rsekm1-1 oznwo fuFres beans-button__inner-container"><span class="base-components__BaseElement-sc-1mosoyj-0 styled__TextSpan-rsekm1-4 oznwo GDiMp beans-button__text">Add</span></span></button></div></div></div></div></div><input name="_csrf" type="hidden" value="0WbpBJF9-cS-fAMl-ByHnl5hECj1JaZiBQ20"></form></div></div></div></div><div class="hidden-medium product-info-section-small"><div class="product-info-message-list"></div></div></div></div></div></div></li><li class="product-list--list-item"><div class="styles__StyledVerticalTileWrapper-dvv1wj-0 dtCNPH"><div data-auto="product-tile" data-auto-type="Quantity" data-auto-available="true" data-auto-is-restricted-disabled="false" data-auto-is-substitute="false" class="styles__StyledVerticalTile-dvv1wj-1 gSCsYK"><div class="styles__StyledTileContentWrapper-dvv1wj-2 bkNhNP beans"><div id="tile-250172608" data-auto-id="250172608" class="styles__StyledTiledContent-dvv1wj-3 bcglTg"><a href="https://www.tesco.com/groceries/en-GB/products/250172608" aria-hidden="true" class="product-image-wrapper" tabindex="1"><div class="product-image__container"><picture><img class="styled__Image-sjvkdn-0 bJErKA product-image beans-responsive-image__image" src="data:image/gif;base64,R0lGODlhAQABAAAAACH5BAEKAAEALAAAAAABAAEAAAICTAEAOw==" srcset="https://digitalcontent.api.tesco.com/v2/media/ghs/20954dca-5b5d-4e94-9b44-32e77ab3760a/40c22145-1cf3-4eb8-953a-f79627b3be66.jpeg?h=225&amp;w=225 768w, data:image/gif;base64,R0lGODlhAQABAAAAACH5BAEKAAEALAAAAAABAAEAAAICTAEAOw== 4000w" alt="Tesco Petits Pois 1Kg"></picture></div></a><div class="product-details--wrapper"><h3 class="styles__H3-oa5soe-0 bCKNNq"><a href="https://www.tesco.com/groceries/en-GB/products/250172608" class="styled__Anchor-sc-1xbujuz-0 csVOnh beans-link__anchor" data-auto="product-tile--title"><span class="styled__Text-sc-1xbujuz-1 ldbwMG beans-link__text">Tesco Petits Pois 1Kg</span></a></h3><div class="styles__StyledPromotionsAboveMobile-dvv1wj-7 iPTMuo"></div><div class="styles__StyledProductDetailsContent-dvv1wj-5 ddRSrq"><a href="https://www.tesco.com/groceries/en-GB/reviews/submission/250172608?from=%2Fshop%2Ffrozen-food%2Fall" aria-label="Write a review for Tesco Petits Pois 1Kg" class="styled__Anchor-sc-1xbujuz-0 jSzuDt write-a-review-link beans-link__anchor" data-auto="review-link"><span class="styled__Text-sc-1xbujuz-1 fyDIEo beans-link__text">Write a review</span><span class="styled__IconContainer-sc-1xbujuz-2 bSauSL beans-link__icon-container"><svg aria-hidden="true" class="styled__SVG-xxa4wh-1 hQMCqc beans-link__icon beans-icon__svg" height="13.33" preserveAspectRatio="xMinYMax meet" viewBox="-1 0 12 20" width="8" xmlns="http://www.w3.org/2000/svg" color="currentColor"><path d="M1.312 1.348L10.276 10l-8.964 8.644" fill="none" stroke="currentColor"></path></svg></span></a><div><a href="https://www.tesco.com/groceries/en-GB/shop/frozen-food/frozen-vegetables-and-herbs/frozen-peas/frozen-petit-pois-peas" class="styled__Anchor-sc-1xbujuz-0 jSzuDt rest-of-shelf-link beans-link__anchor" data-auto="rest-of-shelf-link"><span class="styled__Text-sc-1xbujuz-1 fyDIEo beans-link__text">Rest of <span class="visually-hidden">Frozen Petit Pois Peas</span> shelf</span><span class="styled__IconContainer-sc-1xbujuz-2 bSauSL beans-link__icon-container"><svg aria-hidden="true" class="styled__SVG-xxa4wh-1 hQMCqc beans-link__icon beans-icon__svg" height="13.33" preserveAspectRatio="xMinYMax meet" viewBox="-1 0 12 20" width="8" xmlns="http://www.w3.org/2000/svg" color="currentColor"><path d="M1.312 1.348L10.276 10l-8.964 8.644" fill="none" stroke="currentColor"></path></svg></span></a></div><div class="product-info-message-section"><div class="product-info-message-list"></div></div></div><div class="styles__StyledBuyBoxWrapper-dvv1wj-4 dSvjUC"><div class="styles__StyledBuyBoxContainer-sc-1wx0qp6-0 erryje" data-auto="buybox-container"><div class="styles__SafeFormWrapper-jtpu2t-0 lcrYKS"><form action="https://www.tesco.com/groceries/en-GB/trolley/items/250172608?_method=PUT" method="POST"><input type="submit" class="hidden"><input name="id" type="hidden" value="250172608"><input name="identifier" type="hidden" value="Page"><input name="anchorId" type="hidden" value="#tile-250172608"><input name="returnUrl" type="hidden" value="/groceries/en-GB/shop/frozen-food/all?redirectIfUnavailable=true#tile-250172608"><input name="backToUrl" type="hidden" value="#"><input name="oldValue" type="hidden" value="0"><input name="oldUnitChoice" type="hidden" value="pcs"><input name="newUnitChoice" type="hidden" value="pcs"><div class="base-components__RootElement-sc-1mosoyj-1 styled__Container-sc-6nhkzi-0 jptQqM hSNpTb beans-buybox__container"><div class="base-components__BaseElement-sc-1mosoyj-0 styled__PriceAndActions-sc-6nhkzi-3 oznwo eEPLov beans-buybox__price-and-actions"><div class="base-components__RootElement-sc-1mosoyj-1 styled__Container-sc-8qlq5b-0 jptQqM bgZrjw styled__StyledPrice-sc-6nhkzi-5 iYHeik beans-buybox__price beans-price__container"><p class="styled__StyledHeading-sc-119w3hf-2 jWPEtj styled__Text-sc-8qlq5b-1 lnaeiZ beans-price__text">£1.50</p><p class="styled__StyledFootnote-sc-119w3hf-7 icrlVF styled__Subtext-sc-8qlq5b-2 bNJmdc beans-price__subtext">£1.50/kg</p></div><div class="base-components__RootElement-sc-1mosoyj-1 styled__Container-vtxwzb-0 jptQqM bDFhXJ beans-buybox__actions beans-quantity-controls__container"><div class="base-components__RootElement-sc-1mosoyj-1 styled__Container-sc-16t2b2a-0 jptQqM PUfgZ styled__StyledFormGroup-vtxwzb-1 kzKuAr beans-quantity-controls__form-group beans-form-group__container"><label class="styled__StyledLabel-sc-1ttuvhr-0 izGEjV beans-form-group__label beans-label" for="quantity-controls-250172608">Quantity controls </label><div class="base-components__BaseElement-sc-1mosoyj-0 styled__Children-sc-16t2b2a-3 oznwo gdJvjO beans-form-group__children"><div class="styled__StyledQuantityControlWrapper-vtxwzb-6 LCxOg"><label id="quantity-controls-250172608-label" class="styled__VisuallyHiddenLabel-vtxwzb-7 gXlLiM">Quantity of Tesco Petits Pois 1Kg</label><div class="component__Wrapper-sc-1kpmik-3 dReplG input-wrapper"><input class="base-components__RootElement-sc-1mosoyj-1 styled__StyledInput-sc-1jd5f57-0 component__StyledAsInput-sc-1kpmik-4 jptQqM eJLlow styled__StyledInput-vtxwzb-3 lwMHo beans-quantity-controls__input beans-input" data-auto="beans-quantity-controls-input" autocomplete="off" id="quantity-controls-250172608" maxlength="2" name="newValue" type="number" aria-labelledby="quantity-controls-250172608-label" value="1"></div></div><button class="styled__BaseButton-rsekm1-0 styled__PrimaryButton-rsekm1-2 jChbeY geeWOF styled__StyledButton-vtxwzb-5 japAxb beans-quantity-controls__add-button beans-button__container" type="submit" data-auto="beans-quantity-controls-add-button" aria-label="Quantity of Tesco Petits Pois 1Kg"><span class="base-components__BaseElement-sc-1mosoyj-0 styled__InnerContainer-rsekm1-1 oznwo fuFres beans-button__inner-container"><span class="base-components__BaseElement-sc-1mosoyj-0 styled__TextSpan-rsekm1-4 oznwo GDiMp beans-button__text">Add</span></span></button></div></div></div></div></div><input name="_csrf" type="hidden" value="0WbpBJF9-cS-fAMl-ByHnl5hECj1JaZiBQ20"></form></div></div></div></div><div class="hidden-medium product-info-section-small"><div class="product-info-message-list"></div></div></div></div></div></div></li><li class="product-list--list-item"><div class="styles__StyledVerticalTileWrapper-dvv1wj-0 dtCNPH"><div data-auto="product-tile" data-auto-type="Quantity" data-auto-available="true" data-auto-is-restricted-disabled="false" data-auto-is-substitute="false" class="styles__StyledVerticalTile-dvv1wj-1 gSCsYK"><div class="styles__StyledTileContentWrapper-dvv1wj-2 bkNhNP beans"><div id="tile-299587469" data-auto-id="299587469" class="styles__StyledTiledContent-dvv1wj-3 bcglTg"><a href="https://www.tesco.com/groceries/en-GB/products/299587469" aria-hidden="true" class="product-image-wrapper" tabindex="1"><div class="product-image__container"><picture><img class="styled__Image-sjvkdn-0 bJErKA product-image beans-responsive-image__image" src="data:image/gif;base64,R0lGODlhAQABAAAAACH5BAEKAAEALAAAAAABAAEAAAICTAEAOw==" srcset="https://digitalcontent.api.tesco.com/v2/media/ghs/fdcab4e1-d15d-4a9d-8055-6e03e98a29a1/b90cf013-7534-4400-a56b-b6121e1b2970.jpeg?h=225&amp;w=225 768w, data:image/gif;base64,R0lGODlhAQABAAAAACH5BAEKAAEALAAAAAABAAEAAAICTAEAOw== 4000w" alt="Hearty Food Co 20 Breaded Chicken Nuggets 320G"></picture></div></a><div class="product-details--wrapper"><h3 class="styles__H3-oa5soe-0 bCKNNq"><a href="https://www.tesco.com/groceries/en-GB/products/299587469" class="styled__Anchor-sc-1xbujuz-0 csVOnh beans-link__anchor" data-auto="product-tile--title"><span class="styled__Text-sc-1xbujuz-1 ldbwMG beans-link__text">Hearty Food Co 20 Breaded Chicken Nuggets 320G</span></a></h3><div class="styles__StyledPromotionsAboveMobile-dvv1wj-7 iPTMuo"></div><div class="styles__StyledProductDetailsContent-dvv1wj-5 ddRSrq"><a href="https://www.tesco.com/groceries/en-GB/reviews/submission/299587469?from=%2Fshop%2Ffrozen-food%2Fall" aria-label="Write a review for Hearty Food Co 20 Breaded Chicken Nuggets 320G" class="styled__Anchor-sc-1xbujuz-0 jSzuDt write-a-review-link beans-link__anchor" data-auto="review-link"><span class="styled__Text-sc-1xbujuz-1 fyDIEo beans-link__text">Write a review</span><span class="styled__IconContainer-sc-1xbujuz-2 bSauSL beans-link__icon-container"><svg aria-hidden="true" class="styled__SVG-xxa4wh-1 hQMCqc beans-link__icon beans-icon__svg" height="13.33" preserveAspectRatio="xMinYMax meet" viewBox="-1 0 12 20" width="8" xmlns="http://www.w3.org/2000/svg" color="currentColor"><path d="M1.312 1.348L10.276 10l-8.964 8.644" fill="none" stroke="currentColor"></path></svg></span></a><div><a href="https://www.tesco.com/groceries/en-GB/shop/frozen-food/frozen-meat-and-poultry/frozen-breaded-chicken/frozen-chicken-dippers-and-nuggets" class="styled__Anchor-sc-1xbujuz-0 jSzuDt rest-of-shelf-link beans-link__anchor" data-auto="rest-of-shelf-link"><span class="styled__Text-sc-1xbujuz-1 fyDIEo beans-link__text">Rest of <span class="visually-hidden">Frozen Chicken Dippers &amp; Nuggets</span> shelf</span><span class="styled__IconContainer-sc-1xbujuz-2 bSauSL beans-link__icon-container"><svg aria-hidden="true" class="styled__SVG-xxa4wh-1 hQMCqc beans-link__icon beans-icon__svg" height="13.33" preserveAspectRatio="xMinYMax meet" viewBox="-1 0 12 20" width="8" xmlns="http://www.w3.org/2000/svg" color="currentColor"><path d="M1.312 1.348L10.276 10l-8.964 8.644" fill="none" stroke="currentColor"></path></svg></span></a></div><div class="product-info-message-section"><div class="product-info-message-list"><div class="styled__WhiteBackground-sc-9yzfq2-1 jthPIJ"><svg width="56" height="56" viewBox="0 0 56 56" fill="none" xmlns="http://www.w3.org/2000/svg"><path d="M52.1301 27.8766C52.1301 14.5534 41.3293 3.75308 28.0066 3.75308C14.6834 3.75308 3.88306 14.5534 3.88306 27.8766C3.88306 41.1998 14.6834 52.0002 28.0066 52.0002C41.3293 52.0002 52.1301 41.1998 52.1301 27.8766Z" fill="#EE1C2E"></path><path d="M19.6853 36.5687L31.8169 48.6998L52.6633 27.8998L51.9894 23.0423L31.886 43.1452L22.5438 33.803L19.6853 36.5687Z" fill="white"></path><path d="M24.2699 12.0048L23.5594 9.93467L22.8484 12.0048H24.2699ZM24.6345 13.0711H22.4844L21.9776 14.5375H20.7515L22.9815 8.31722H24.1369L26.3669 14.5375H25.1408L24.6345 13.0711Z" fill="white"></path><path d="M27.8359 14.5375H26.734V8.24609H27.8359V14.5375Z" fill="white"></path><path d="M31.5684 13.2309C31.7849 12.9886 31.8927 12.6597 31.8927 12.2446C31.8927 11.8306 31.7849 11.5016 31.5684 11.2588C31.3524 11.0159 31.0811 10.8942 30.7558 10.8942C30.4299 10.8942 30.1587 11.0159 29.9427 11.2588C29.7267 11.5016 29.6184 11.8306 29.6184 12.2446C29.6184 12.6597 29.7267 12.9886 29.9427 13.2309C30.1587 13.4738 30.4299 13.5955 30.7558 13.5955C31.0811 13.5955 31.3524 13.4738 31.5684 13.2309ZM29.4673 14.3065C29.159 14.1049 28.9177 13.8234 28.7429 13.4619C28.5681 13.101 28.481 12.6952 28.481 12.2446C28.481 11.7888 28.5655 11.3815 28.7341 11.0231C28.9032 10.6648 29.1384 10.3848 29.4405 10.1837C29.7426 9.98212 30.0891 9.88158 30.48 9.88158C30.7883 9.88158 31.0579 9.93624 31.2889 10.0455C31.5199 10.1554 31.6978 10.3106 31.8221 10.5122V8.24609H32.9239V14.5375H31.8221V13.9863C31.6916 14.1704 31.5137 14.3194 31.2889 14.4349C31.0636 14.5504 30.797 14.6086 30.4892 14.6086C30.1159 14.6086 29.7751 14.5076 29.4673 14.3065Z" fill="white"></path><path d="M34.9657 14.5375H33.8638V9.95224H34.9657V14.5375ZM33.9082 8.34408C34.0443 8.20796 34.2129 8.1399 34.4145 8.1399C34.6161 8.1399 34.7847 8.20796 34.9208 8.34408C35.0574 8.48071 35.1255 8.64931 35.1255 8.8504C35.1255 9.052 35.0574 9.22112 34.9208 9.35724C34.7847 9.49336 34.6161 9.56142 34.4145 9.56142C34.2129 9.56142 34.0443 9.49336 33.9082 9.35724C33.7715 9.22112 33.704 9.052 33.704 8.8504C33.704 8.64931 33.7715 8.48071 33.9082 8.34408Z" fill="white"></path><path d="M19.6791 19.3347C19.8894 19.1506 19.9946 18.8779 19.9946 18.5169C19.9946 18.1565 19.8894 17.8838 19.6791 17.6997C19.4682 17.5156 19.183 17.4233 18.8221 17.4233H17.5027V19.6111H18.8221C19.183 19.6111 19.4682 19.5188 19.6791 19.3347ZM17.5027 23.9628H16.0374V16.0704H18.9345C19.461 16.0704 19.9157 16.1776 20.2988 16.3921C20.6824 16.6061 20.9753 16.8995 21.1784 17.2712C21.3816 17.6435 21.4826 18.0586 21.4826 18.5169C21.4826 18.9758 21.3816 19.3909 21.1784 19.7632C20.9753 20.1354 20.6824 20.4283 20.2988 20.6423C19.9157 20.8568 19.461 20.9635 18.9345 20.9635H17.5027V23.9628Z" fill="white"></path><path d="M22.0396 18.1451H23.4379V19.0248C23.6029 18.7087 23.8359 18.4684 24.1365 18.3029C24.4376 18.1374 24.7717 18.0549 25.1404 18.0549C25.5235 18.0549 25.8241 18.1415 26.0422 18.3143L25.5689 19.4981C25.3729 19.3929 25.1662 19.3403 24.9486 19.3403C24.5124 19.3403 24.152 19.528 23.8663 19.9039C23.5802 20.2797 23.4379 20.8582 23.4379 21.6404V23.9627H22.0396V18.1451Z" fill="white"></path><path d="M27.8879 23.9627H26.4896V18.1451H27.8879V23.9627ZM26.5458 16.1044C26.7191 15.9316 26.933 15.845 27.1888 15.845C27.444 15.845 27.658 15.9316 27.8312 16.1044C28.0039 16.2771 28.0906 16.4916 28.0906 16.7468C28.0906 17.0026 28.0039 17.217 27.8312 17.3898C27.658 17.5625 27.444 17.6491 27.1888 17.6491C26.933 17.6491 26.7191 17.5625 26.5458 17.3898C26.3731 17.217 26.287 17.0026 26.287 16.7468C26.287 16.4916 26.3731 16.2771 26.5458 16.1044Z" fill="white"></path><path d="M30.0603 23.6693C29.6168 23.4141 29.2714 23.0588 29.0234 22.6041C28.7754 22.1493 28.6511 21.6327 28.6511 21.0537C28.6511 20.4752 28.7754 19.9585 29.0234 19.5038C29.2714 19.049 29.6168 18.6937 30.0603 18.438C30.5037 18.1828 31.011 18.0549 31.5823 18.0549C32.8749 18.0549 33.751 18.585 34.2093 19.6445L32.9353 20.2199C32.6424 19.6332 32.1913 19.3403 31.5823 19.3403C31.1466 19.3403 30.7857 19.4981 30.5001 19.8136C30.2144 20.1297 30.0716 20.5427 30.0716 21.0537C30.0716 21.5651 30.2144 21.9787 30.5001 22.2942C30.7857 22.6097 31.1466 22.7675 31.5823 22.7675C32.1913 22.7675 32.6424 22.4747 32.9353 21.8884L34.2093 22.4633C33.751 23.5229 32.8749 24.0529 31.5823 24.0529C31.011 24.0529 30.5037 23.9251 30.0603 23.6693Z" fill="white"></path><path d="M38.727 20.3999C38.6744 20.0694 38.5223 19.7987 38.2707 19.5883C38.0186 19.3779 37.7015 19.2728 37.3179 19.2728C36.9946 19.2728 36.7048 19.3723 36.4496 19.5713C36.1939 19.7708 36.0175 20.0467 35.9196 20.3999H38.727ZM40.1588 21.5048H35.8633C35.9381 21.9333 36.115 22.2586 36.3934 22.4803C36.6713 22.702 37.0095 22.8129 37.4081 22.8129C37.7386 22.8129 38.015 22.7433 38.2367 22.6041C38.4584 22.4649 38.6708 22.253 38.874 21.9673L40.0573 22.6097C39.7716 23.0759 39.4092 23.4327 38.9693 23.6812C38.5295 23.9287 37.983 24.0529 37.3292 24.0529C36.7125 24.0529 36.1846 23.9086 35.7453 23.6188C35.3055 23.3295 34.9765 22.9557 34.7584 22.4968C34.5403 22.0385 34.4315 21.5574 34.4315 21.0537C34.4315 20.5504 34.546 20.0694 34.7754 19.611C35.0044 19.1526 35.3374 18.7783 35.7731 18.4891C36.2088 18.1998 36.7239 18.0549 37.3179 18.0549C37.9191 18.0549 38.4341 18.19 38.8626 18.4607C39.2911 18.7314 39.6139 19.0866 39.832 19.5264C40.0501 19.9657 40.1588 20.4339 40.1588 20.9299V21.5048Z" fill="white"></path><path d="M16.3879 25.558H17.7399L19.2454 29.4977L20.751 25.558H22.1029V31.8684H20.9309V28.0282L19.6873 31.2915H18.8035L17.5599 28.0282V31.8684H16.3879V25.558Z" fill="white"></path><path d="M25.4058 30.7146C25.6131 30.5341 25.7167 30.3119 25.7167 30.0474V29.9216H24.8335C24.5746 29.9216 24.3689 29.971 24.2158 30.07C24.0626 30.169 23.9858 30.3057 23.9858 30.48C23.9858 30.6424 24.0415 30.7671 24.1529 30.8543C24.2637 30.9414 24.4277 30.9847 24.6437 30.9847C24.9443 30.9847 25.1985 30.8945 25.4058 30.7146ZM23.6074 31.7782C23.3671 31.67 23.1748 31.5122 23.0304 31.3049C22.886 31.0976 22.8138 30.8496 22.8138 30.5609C22.8138 30.1046 22.9855 29.7364 23.3279 29.457C23.6703 29.1775 24.1333 29.0378 24.7159 29.0378H25.7167V28.8754C25.7167 28.6413 25.6357 28.4531 25.4733 28.3118C25.3109 28.1711 25.0918 28.1004 24.8154 28.1004C24.5927 28.1004 24.3916 28.1592 24.2111 28.2763C24.0312 28.3933 23.8956 28.5299 23.8059 28.6862L22.9494 28.1726C23.1113 27.8782 23.3516 27.6333 23.6703 27.4379C23.9889 27.2425 24.3705 27.145 24.8154 27.145C25.4522 27.145 25.9482 27.2982 26.3024 27.6044C26.6572 27.9112 26.8345 28.3526 26.8345 28.9295V31.8685H25.9152L25.7621 31.2735C25.6115 31.4776 25.4207 31.6401 25.1892 31.7602C24.9582 31.8803 24.686 31.9401 24.3735 31.9401C24.1029 31.9401 23.8476 31.8865 23.6074 31.7782Z" fill="white"></path><path d="M27.8214 30.3V28.1726H27.1182V27.2167H27.8214V26.4417L28.9393 25.7384V27.2167H30.1381V28.1726H28.9393V30.2458C28.9393 30.6903 29.1166 30.9125 29.4709 30.9125C29.6333 30.9125 29.7895 30.8496 29.9395 30.7233L30.4443 31.5797C30.2881 31.706 30.1169 31.7978 29.9308 31.855C29.7446 31.9117 29.5549 31.9401 29.3626 31.9401C28.3355 31.9401 27.8214 31.3936 27.8214 30.3Z" fill="white"></path><path d="M31.5487 31.6339C31.194 31.4297 30.9176 31.1456 30.7196 30.7821C30.5211 30.4186 30.4221 30.0056 30.4221 29.5426C30.4221 29.0801 30.5211 28.6666 30.7196 28.3031C30.9176 27.9396 31.194 27.6555 31.5487 27.4513C31.9034 27.2471 32.3087 27.145 32.7655 27.145C33.7993 27.145 34.4995 27.5683 34.8661 28.416L33.8473 28.8754C33.6132 28.4067 33.2528 28.1726 32.7655 28.1726C32.417 28.1726 32.1288 28.2989 31.9004 28.5511C31.6719 28.8037 31.558 29.1342 31.558 29.5426C31.558 29.9509 31.6719 30.282 31.9004 30.5341C32.1288 30.7867 32.417 30.9125 32.7655 30.9125C33.2528 30.9125 33.6132 30.6785 33.8473 30.2098L34.8661 30.6697C34.4995 31.5168 33.7993 31.9401 32.7655 31.9401C32.3087 31.9401 31.9034 31.8386 31.5487 31.6339Z" fill="white"></path><path d="M35.3998 25.4863H36.5176V27.9473C36.662 27.707 36.8615 27.5132 37.1167 27.3657C37.3725 27.2188 37.6592 27.145 37.9778 27.145C38.4702 27.145 38.8579 27.2909 39.1405 27.5823C39.423 27.8736 39.5643 28.2804 39.5643 28.8037V31.8685H38.4465V29.0285C38.4465 28.7522 38.3758 28.5408 38.2346 28.3933C38.0933 28.2458 37.8907 28.1726 37.6262 28.1726C37.3199 28.1726 37.0585 28.3093 36.8419 28.5825C36.6254 28.8558 36.5176 29.275 36.5176 29.8401V31.8685H35.3998V25.4863Z" fill="white"></path></svg><p class="styled__StyledBodyText-sc-119w3hf-5 ggtTyf styled__DarkGreyBodyText-jk5kya-0 iwRWTH">Aldi Price Match</p></div></div></div></div><div class="styles__StyledBuyBoxWrapper-dvv1wj-4 dSvjUC"><div class="styles__StyledBuyBoxContainer-sc-1wx0qp6-0 erryje" data-auto="buybox-container"><div class="styles__SafeFormWrapper-jtpu2t-0 lcrYKS"><form action="https://www.tesco.com/groceries/en-GB/trolley/items/299587469?_method=PUT" method="POST"><input type="submit" class="hidden"><input name="id" type="hidden" value="299587469"><input name="identifier" type="hidden" value="Page"><input name="anchorId" type="hidden" value="#tile-299587469"><input name="returnUrl" type="hidden" value="/groceries/en-GB/shop/frozen-food/all?redirectIfUnavailable=true#tile-299587469"><input name="backToUrl" type="hidden" value="#"><input name="oldValue" type="hidden" value="0"><input name="oldUnitChoice" type="hidden" value="pcs"><input name="newUnitChoice" type="hidden" value="pcs"><div class="base-components__RootElement-sc-1mosoyj-1 styled__Container-sc-6nhkzi-0 jptQqM hSNpTb beans-buybox__container"><div class="base-components__BaseElement-sc-1mosoyj-0 styled__PriceAndActions-sc-6nhkzi-3 oznwo eEPLov beans-buybox__price-and-actions"><div class="base-components__RootElement-sc-1mosoyj-1 styled__Container-sc-8qlq5b-0 jptQqM bgZrjw styled__StyledPrice-sc-6nhkzi-5 iYHeik beans-buybox__price beans-price__container"><p class="styled__StyledHeading-sc-119w3hf-2 jWPEtj styled__Text-sc-8qlq5b-1 lnaeiZ beans-price__text">£0.99</p><p class="styled__StyledFootnote-sc-119w3hf-7 icrlVF styled__Subtext-sc-8qlq5b-2 bNJmdc beans-price__subtext">£3.10/kg</p></div><div class="base-components__RootElement-sc-1mosoyj-1 styled__Container-vtxwzb-0 jptQqM bDFhXJ beans-buybox__actions beans-quantity-controls__container"><div class="base-components__RootElement-sc-1mosoyj-1 styled__Container-sc-16t2b2a-0 jptQqM PUfgZ styled__StyledFormGroup-vtxwzb-1 kzKuAr beans-quantity-controls__form-group beans-form-group__container"><label class="styled__StyledLabel-sc-1ttuvhr-0 izGEjV beans-form-group__label beans-label" for="quantity-controls-299587469">Quantity controls </label><div class="base-components__BaseElement-sc-1mosoyj-0 styled__Children-sc-16t2b2a-3 oznwo gdJvjO beans-form-group__children"><div class="styled__StyledQuantityControlWrapper-vtxwzb-6 LCxOg"><label id="quantity-controls-299587469-label" class="styled__VisuallyHiddenLabel-vtxwzb-7 gXlLiM">Quantity of Hearty Food Co 20 Breaded Chicken Nuggets 320G</label><div class="component__Wrapper-sc-1kpmik-3 dReplG input-wrapper"><input class="base-components__RootElement-sc-1mosoyj-1 styled__StyledInput-sc-1jd5f57-0 component__StyledAsInput-sc-1kpmik-4 jptQqM eJLlow styled__StyledInput-vtxwzb-3 lwMHo beans-quantity-controls__input beans-input" data-auto="beans-quantity-controls-input" autocomplete="off" id="quantity-controls-299587469" maxlength="2" name="newValue" type="number" aria-labelledby="quantity-controls-299587469-label" value="1"></div></div><button class="styled__BaseButton-rsekm1-0 styled__PrimaryButton-rsekm1-2 jChbeY geeWOF styled__StyledButton-vtxwzb-5 japAxb beans-quantity-controls__add-button beans-button__container" type="submit" data-auto="beans-quantity-controls-add-button" aria-label="Quantity of Hearty Food Co 20 Breaded Chicken Nuggets 320G"><span class="base-components__BaseElement-sc-1mosoyj-0 styled__InnerContainer-rsekm1-1 oznwo fuFres beans-button__inner-container"><span class="base-components__BaseElement-sc-1mosoyj-0 styled__TextSpan-rsekm1-4 oznwo GDiMp beans-button__text">Add</span></span></button></div></div></div></div></div><input name="_csrf" type="hidden" value="0WbpBJF9-cS-fAMl-ByHnl5hECj1JaZiBQ20"></form></div></div></div></div><div class="hidden-medium product-info-section-small"><div class="product-info-message-list"><div class="styled__WhiteBackground-sc-9yzfq2-1 jthPIJ"><svg width="56" height="56" viewBox="0 0 56 56" fill="none" xmlns="http://www.w3.org/2000/svg"><path d="M52.1301 27.8766C52.1301 14.5534 41.3293 3.75308 28.0066 3.75308C14.6834 3.75308 3.88306 14.5534 3.88306 27.8766C3.88306 41.1998 14.6834 52.0002 28.0066 52.0002C41.3293 52.0002 52.1301 41.1998 52.1301 27.8766Z" fill="#EE1C2E"></path><path d="M19.6853 36.5687L31.8169 48.6998L52.6633 27.8998L51.9894 23.0423L31.886 43.1452L22.5438 33.803L19.6853 36.5687Z" fill="white"></path><path d="M24.2699 12.0048L23.5594 9.93467L22.8484 12.0048H24.2699ZM24.6345 13.0711H22.4844L21.9776 14.5375H20.7515L22.9815 8.31722H24.1369L26.3669 14.5375H25.1408L24.6345 13.0711Z" fill="white"></path><path d="M27.8359 14.5375H26.734V8.24609H27.8359V14.5375Z" fill="white"></path><path d="M31.5684 13.2309C31.7849 12.9886 31.8927 12.6597 31.8927 12.2446C31.8927 11.8306 31.7849 11.5016 31.5684 11.2588C31.3524 11.0159 31.0811 10.8942 30.7558 10.8942C30.4299 10.8942 30.1587 11.0159 29.9427 11.2588C29.7267 11.5016 29.6184 11.8306 29.6184 12.2446C29.6184 12.6597 29.7267 12.9886 29.9427 13.2309C30.1587 13.4738 30.4299 13.5955 30.7558 13.5955C31.0811 13.5955 31.3524 13.4738 31.5684 13.2309ZM29.4673 14.3065C29.159 14.1049 28.9177 13.8234 28.7429 13.4619C28.5681 13.101 28.481 12.6952 28.481 12.2446C28.481 11.7888 28.5655 11.3815 28.7341 11.0231C28.9032 10.6648 29.1384 10.3848 29.4405 10.1837C29.7426 9.98212 30.0891 9.88158 30.48 9.88158C30.7883 9.88158 31.0579 9.93624 31.2889 10.0455C31.5199 10.1554 31.6978 10.3106 31.8221 10.5122V8.24609H32.9239V14.5375H31.8221V13.9863C31.6916 14.1704 31.5137 14.3194 31.2889 14.4349C31.0636 14.5504 30.797 14.6086 30.4892 14.6086C30.1159 14.6086 29.7751 14.5076 29.4673 14.3065Z" fill="white"></path><path d="M34.9657 14.5375H33.8638V9.95224H34.9657V14.5375ZM33.9082 8.34408C34.0443 8.20796 34.2129 8.1399 34.4145 8.1399C34.6161 8.1399 34.7847 8.20796 34.9208 8.34408C35.0574 8.48071 35.1255 8.64931 35.1255 8.8504C35.1255 9.052 35.0574 9.22112 34.9208 9.35724C34.7847 9.49336 34.6161 9.56142 34.4145 9.56142C34.2129 9.56142 34.0443 9.49336 33.9082 9.35724C33.7715 9.22112 33.704 9.052 33.704 8.8504C33.704 8.64931 33.7715 8.48071 33.9082 8.34408Z" fill="white"></path><path d="M19.6791 19.3347C19.8894 19.1506 19.9946 18.8779 19.9946 18.5169C19.9946 18.1565 19.8894 17.8838 19.6791 17.6997C19.4682 17.5156 19.183 17.4233 18.8221 17.4233H17.5027V19.6111H18.8221C19.183 19.6111 19.4682 19.5188 19.6791 19.3347ZM17.5027 23.9628H16.0374V16.0704H18.9345C19.461 16.0704 19.9157 16.1776 20.2988 16.3921C20.6824 16.6061 20.9753 16.8995 21.1784 17.2712C21.3816 17.6435 21.4826 18.0586 21.4826 18.5169C21.4826 18.9758 21.3816 19.3909 21.1784 19.7632C20.9753 20.1354 20.6824 20.4283 20.2988 20.6423C19.9157 20.8568 19.461 20.9635 18.9345 20.9635H17.5027V23.9628Z" fill="white"></path><path d="M22.0396 18.1451H23.4379V19.0248C23.6029 18.7087 23.8359 18.4684 24.1365 18.3029C24.4376 18.1374 24.7717 18.0549 25.1404 18.0549C25.5235 18.0549 25.8241 18.1415 26.0422 18.3143L25.5689 19.4981C25.3729 19.3929 25.1662 19.3403 24.9486 19.3403C24.5124 19.3403 24.152 19.528 23.8663 19.9039C23.5802 20.2797 23.4379 20.8582 23.4379 21.6404V23.9627H22.0396V18.1451Z" fill="white"></path><path d="M27.8879 23.9627H26.4896V18.1451H27.8879V23.9627ZM26.5458 16.1044C26.7191 15.9316 26.933 15.845 27.1888 15.845C27.444 15.845 27.658 15.9316 27.8312 16.1044C28.0039 16.2771 28.0906 16.4916 28.0906 16.7468C28.0906 17.0026 28.0039 17.217 27.8312 17.3898C27.658 17.5625 27.444 17.6491 27.1888 17.6491C26.933 17.6491 26.7191 17.5625 26.5458 17.3898C26.3731 17.217 26.287 17.0026 26.287 16.7468C26.287 16.4916 26.3731 16.2771 26.5458 16.1044Z" fill="white"></path><path d="M30.0603 23.6693C29.6168 23.4141 29.2714 23.0588 29.0234 22.6041C28.7754 22.1493 28.6511 21.6327 28.6511 21.0537C28.6511 20.4752 28.7754 19.9585 29.0234 19.5038C29.2714 19.049 29.6168 18.6937 30.0603 18.438C30.5037 18.1828 31.011 18.0549 31.5823 18.0549C32.8749 18.0549 33.751 18.585 34.2093 19.6445L32.9353 20.2199C32.6424 19.6332 32.1913 19.3403 31.5823 19.3403C31.1466 19.3403 30.7857 19.4981 30.5001 19.8136C30.2144 20.1297 30.0716 20.5427 30.0716 21.0537C30.0716 21.5651 30.2144 21.9787 30.5001 22.2942C30.7857 22.6097 31.1466 22.7675 31.5823 22.7675C32.1913 22.7675 32.6424 22.4747 32.9353 21.8884L34.2093 22.4633C33.751 23.5229 32.8749 24.0529 31.5823 24.0529C31.011 24.0529 30.5037 23.9251 30.0603 23.6693Z" fill="white"></path><path d="M38.727 20.3999C38.6744 20.0694 38.5223 19.7987 38.2707 19.5883C38.0186 19.3779 37.7015 19.2728 37.3179 19.2728C36.9946 19.2728 36.7048 19.3723 36.4496 19.5713C36.1939 19.7708 36.0175 20.0467 35.9196 20.3999H38.727ZM40.1588 21.5048H35.8633C35.9381 21.9333 36.115 22.2586 36.3934 22.4803C36.6713 22.702 37.0095 22.8129 37.4081 22.8129C37.7386 22.8129 38.015 22.7433 38.2367 22.6041C38.4584 22.4649 38.6708 22.253 38.874 21.9673L40.0573 22.6097C39.7716 23.0759 39.4092 23.4327 38.9693 23.6812C38.5295 23.9287 37.983 24.0529 37.3292 24.0529C36.7125 24.0529 36.1846 23.9086 35.7453 23.6188C35.3055 23.3295 34.9765 22.9557 34.7584 22.4968C34.5403 22.0385 34.4315 21.5574 34.4315 21.0537C34.4315 20.5504 34.546 20.0694 34.7754 19.611C35.0044 19.1526 35.3374 18.7783 35.7731 18.4891C36.2088 18.1998 36.7239 18.0549 37.3179 18.0549C37.9191 18.0549 38.4341 18.19 38.8626 18.4607C39.2911 18.7314 39.6139 19.0866 39.832 19.5264C40.0501 19.9657 40.1588 20.4339 40.1588 20.9299V21.5048Z" fill="white"></path><path d="M16.3879 25.558H17.7399L19.2454 29.4977L20.751 25.558H22.1029V31.8684H20.9309V28.0282L19.6873 31.2915H18.8035L17.5599 28.0282V31.8684H16.3879V25.558Z" fill="white"></path><path d="M25.4058 30.7146C25.6131 30.5341 25.7167 30.3119 25.7167 30.0474V29.9216H24.8335C24.5746 29.9216 24.3689 29.971 24.2158 30.07C24.0626 30.169 23.9858 30.3057 23.9858 30.48C23.9858 30.6424 24.0415 30.7671 24.1529 30.8543C24.2637 30.9414 24.4277 30.9847 24.6437 30.9847C24.9443 30.9847 25.1985 30.8945 25.4058 30.7146ZM23.6074 31.7782C23.3671 31.67 23.1748 31.5122 23.0304 31.3049C22.886 31.0976 22.8138 30.8496 22.8138 30.5609C22.8138 30.1046 22.9855 29.7364 23.3279 29.457C23.6703 29.1775 24.1333 29.0378 24.7159 29.0378H25.7167V28.8754C25.7167 28.6413 25.6357 28.4531 25.4733 28.3118C25.3109 28.1711 25.0918 28.1004 24.8154 28.1004C24.5927 28.1004 24.3916 28.1592 24.2111 28.2763C24.0312 28.3933 23.8956 28.5299 23.8059 28.6862L22.9494 28.1726C23.1113 27.8782 23.3516 27.6333 23.6703 27.4379C23.9889 27.2425 24.3705 27.145 24.8154 27.145C25.4522 27.145 25.9482 27.2982 26.3024 27.6044C26.6572 27.9112 26.8345 28.3526 26.8345 28.9295V31.8685H25.9152L25.7621 31.2735C25.6115 31.4776 25.4207 31.6401 25.1892 31.7602C24.9582 31.8803 24.686 31.9401 24.3735 31.9401C24.1029 31.9401 23.8476 31.8865 23.6074 31.7782Z" fill="white"></path><path d="M27.8214 30.3V28.1726H27.1182V27.2167H27.8214V26.4417L28.9393 25.7384V27.2167H30.1381V28.1726H28.9393V30.2458C28.9393 30.6903 29.1166 30.9125 29.4709 30.9125C29.6333 30.9125 29.7895 30.8496 29.9395 30.7233L30.4443 31.5797C30.2881 31.706 30.1169 31.7978 29.9308 31.855C29.7446 31.9117 29.5549 31.9401 29.3626 31.9401C28.3355 31.9401 27.8214 31.3936 27.8214 30.3Z" fill="white"></path><path d="M31.5487 31.6339C31.194 31.4297 30.9176 31.1456 30.7196 30.7821C30.5211 30.4186 30.4221 30.0056 30.4221 29.5426C30.4221 29.0801 30.5211 28.6666 30.7196 28.3031C30.9176 27.9396 31.194 27.6555 31.5487 27.4513C31.9034 27.2471 32.3087 27.145 32.7655 27.145C33.7993 27.145 34.4995 27.5683 34.8661 28.416L33.8473 28.8754C33.6132 28.4067 33.2528 28.1726 32.7655 28.1726C32.417 28.1726 32.1288 28.2989 31.9004 28.5511C31.6719 28.8037 31.558 29.1342 31.558 29.5426C31.558 29.9509 31.6719 30.282 31.9004 30.5341C32.1288 30.7867 32.417 30.9125 32.7655 30.9125C33.2528 30.9125 33.6132 30.6785 33.8473 30.2098L34.8661 30.6697C34.4995 31.5168 33.7993 31.9401 32.7655 31.9401C32.3087 31.9401 31.9034 31.8386 31.5487 31.6339Z" fill="white"></path><path d="M35.3998 25.4863H36.5176V27.9473C36.662 27.707 36.8615 27.5132 37.1167 27.3657C37.3725 27.2188 37.6592 27.145 37.9778 27.145C38.4702 27.145 38.8579 27.2909 39.1405 27.5823C39.423 27.8736 39.5643 28.2804 39.5643 28.8037V31.8685H38.4465V29.0285C38.4465 28.7522 38.3758 28.5408 38.2346 28.3933C38.0933 28.2458 37.8907 28.1726 37.6262 28.1726C37.3199 28.1726 37.0585 28.3093 36.8419 28.5825C36.6254 28.8558 36.5176 29.275 36.5176 29.8401V31.8685H35.3998V25.4863Z" fill="white"></path></svg><p class="styled__StyledBodyText-sc-119w3hf-5 ggtTyf styled__DarkGreyBodyText-jk5kya-0 iwRWTH">Aldi Price Match</p></div></div></div></div></div></div></div></li><li class="product-list--list-item"><div class="styles__StyledVerticalTileWrapper-dvv1wj-0 dtCNPH"><div data-auto="product-tile" data-auto-type="Quantity" data-auto-available="true" data-auto-is-restricted-disabled="false" data-auto-is-substitute="false" class="styles__StyledVerticalTile-dvv1wj-1 gSCsYK"><div class="styles__StyledTileContentWrapper-dvv1wj-2 bkNhNP beans"><div id="tile-299598151" data-auto-id="299598151" class="styles__StyledTiledContent-dvv1wj-3 bcglTg"><a href="https://www.tesco.com/groceries/en-GB/products/299598151" aria-hidden="true" class="product-image-wrapper" tabindex="1"><div class="product-image__container"><picture><img class="styled__Image-sjvkdn-0 bJErKA product-image beans-responsive-image__image" src="data:image/gif;base64,R0lGODlhAQABAAAAACH5BAEKAAEALAAAAAABAAEAAAICTAEAOw==" srcset="https://digitalcontent.api.tesco.com/v2/media/ghs/efb4a6df-7556-455f-a9d4-5403a2d7b442/14908118-78ac-4873-b79c-48bc4de083b0.jpeg?h=225&amp;w=225 768w, data:image/gif;base64,R0lGODlhAQABAAAAACH5BAEKAAEALAAAAAABAAEAAAICTAEAOw== 4000w" alt="Tesco French Fries 1.5Kg"></picture></div></a><div class="product-details--wrapper"><h3 class="styles__H3-oa5soe-0 bCKNNq"><a href="https://www.tesco.com/groceries/en-GB/products/299598151" class="styled__Anchor-sc-1xbujuz-0 csVOnh beans-link__anchor" data-auto="product-tile--title"><span class="styled__Text-sc-1xbujuz-1 ldbwMG beans-link__text">Tesco French Fries 1.5Kg</span></a></h3><div class="styles__StyledPromotionsAboveMobile-dvv1wj-7 iPTMuo"></div><div class="styles__StyledProductDetailsContent-dvv1wj-5 ddRSrq"><a href="https://www.tesco.com/groceries/en-GB/reviews/submission/299598151?from=%2Fshop%2Ffrozen-food%2Fall" aria-label="Write a review for Tesco French Fries 1.5Kg" class="styled__Anchor-sc-1xbujuz-0 jSzuDt write-a-review-link beans-link__anchor" data-auto="review-link"><span class="styled__Text-sc-1xbujuz-1 fyDIEo beans-link__text">Write a review</span><span class="styled__IconContainer-sc-1xbujuz-2 bSauSL beans-link__icon-container"><svg aria-hidden="true" class="styled__SVG-xxa4wh-1 hQMCqc beans-link__icon beans-icon__svg" height="13.33" preserveAspectRatio="xMinYMax meet" viewBox="-1 0 12 20" width="8" xmlns="http://www.w3.org/2000/svg" color="currentColor"><path d="M1.312 1.348L10.276 10l-8.964 8.644" fill="none" stroke="currentColor"></path></svg></span></a><div><a href="https://www.tesco.com/groceries/en-GB/shop/frozen-food/frozen-chips-onion-rings-potatoes-and-rice/frozen-chips/frozen-french-fries" class="styled__Anchor-sc-1xbujuz-0 jSzuDt rest-of-shelf-link beans-link__anchor" data-auto="rest-of-shelf-link"><span class="styled__Text-sc-1xbujuz-1 fyDIEo beans-link__text">Rest of <span class="visually-hidden">Frozen French Fries</span> shelf</span><span class="styled__IconContainer-sc-1xbujuz-2 bSauSL beans-link__icon-container"><svg aria-hidden="true" class="styled__SVG-xxa4wh-1 hQMCqc beans-link__icon beans-icon__svg" height="13.33" preserveAspectRatio="xMinYMax meet" viewBox="-1 0 12 20" width="8" xmlns="http://www.w3.org/2000/svg" color="currentColor"><path d="M1.312 1.348L10.276 10l-8.964 8.644" fill="none" stroke="currentColor"></path></svg></span></a></div><div class="product-info-message-section"><div class="product-info-message-list"></div></div></div><div class="styles__StyledBuyBoxWrapper-dvv1wj-4 dSvjUC"><div class="styles__StyledBuyBoxContainer-sc-1wx0qp6-0 erryje" data-auto="buybox-container"><div class="styles__SafeFormWrapper-jtpu2t-0 lcrYKS"><form action="https://www.tesco.com/groceries/en-GB/trolley/items/299598151?_method=PUT" method="POST"><input type="submit" class="hidden"><input name="id" type="hidden" value="299598151"><input name="identifier" type="hidden" value="Page"><input name="anchorId" type="hidden" value="#tile-299598151"><input name="returnUrl" type="hidden" value="/groceries/en-GB/shop/frozen-food/all?redirectIfUnavailable=true#tile-299598151"><input name="backToUrl" type="hidden" value="#"><input name="oldValue" type="hidden" value="0"><input name="oldUnitChoice" type="hidden" value="pcs"><input name="newUnitChoice" type="hidden" value="pcs"><div class="base-components__RootElement-sc-1mosoyj-1 styled__Container-sc-6nhkzi-0 jptQqM hSNpTb beans-buybox__container"><div class="base-components__BaseElement-sc-1mosoyj-0 styled__PriceAndActions-sc-6nhkzi-3 oznwo eEPLov beans-buybox__price-and-actions"><div class="base-components__RootElement-sc-1mosoyj-1 styled__Container-sc-8qlq5b-0 jptQqM bgZrjw styled__StyledPrice-sc-6nhkzi-5 iYHeik beans-buybox__price beans-price__container"><p class="styled__StyledHeading-sc-119w3hf-2 jWPEtj styled__Text-sc-8qlq5b-1 lnaeiZ beans-price__text">£2.15</p><p class="styled__StyledFootnote-sc-119w3hf-7 icrlVF styled__Subtext-sc-8qlq5b-2 bNJmdc beans-price__subtext">£1.44/kg</p></div><div class="base-components__RootElement-sc-1mosoyj-1 styled__Container-vtxwzb-0 jptQqM bDFhXJ beans-buybox__actions beans-quantity-controls__container"><div class="base-components__RootElement-sc-1mosoyj-1 styled__Container-sc-16t2b2a-0 jptQqM PUfgZ styled__StyledFormGroup-vtxwzb-1 kzKuAr beans-quantity-controls__form-group beans-form-group__container"><label class="styled__StyledLabel-sc-1ttuvhr-0 izGEjV beans-form-group__label beans-label" for="quantity-controls-299598151">Quantity controls </label><div class="base-components__BaseElement-sc-1mosoyj-0 styled__Children-sc-16t2b2a-3 oznwo gdJvjO beans-form-group__children"><div class="styled__StyledQuantityControlWrapper-vtxwzb-6 LCxOg"><label id="quantity-controls-299598151-label" class="styled__VisuallyHiddenLabel-vtxwzb-7 gXlLiM">Quantity of Tesco French Fries 1.5Kg</label><div class="component__Wrapper-sc-1kpmik-3 dReplG input-wrapper"><input class="base-components__RootElement-sc-1mosoyj-1 styled__StyledInput-sc-1jd5f57-0 component__StyledAsInput-sc-1kpmik-4 jptQqM eJLlow styled__StyledInput-vtxwzb-3 lwMHo beans-quantity-controls__input beans-input" data-auto="beans-quantity-controls-input" autocomplete="off" id="quantity-controls-299598151" maxlength="2" name="newValue" type="number" aria-labelledby="quantity-controls-299598151-label" value="1"></div></div><button class="styled__BaseButton-rsekm1-0 styled__PrimaryButton-rsekm1-2 jChbeY geeWOF styled__StyledButton-vtxwzb-5 japAxb beans-quantity-controls__add-button beans-button__container" type="submit" data-auto="beans-quantity-controls-add-button" aria-label="Quantity of Tesco French Fries 1.5Kg"><span class="base-components__BaseElement-sc-1mosoyj-0 styled__InnerContainer-rsekm1-1 oznwo fuFres beans-button__inner-container"><span class="base-components__BaseElement-sc-1mosoyj-0 styled__TextSpan-rsekm1-4 oznwo GDiMp beans-button__text">Add</span></span></button></div></div></div></div></div><input name="_csrf" type="hidden" value="0WbpBJF9-cS-fAMl-ByHnl5hECj1JaZiBQ20"></form></div></div></div></div><div class="hidden-medium product-info-section-small"><div class="product-info-message-list"></div></div></div></div></div></div></li><li class="product-list--list-item"><div class="styles__StyledVerticalTileWrapper-dvv1wj-0 dtCNPH"><div data-auto="product-tile" data-auto-type="Quantity" data-auto-available="true" data-auto-is-restricted-disabled="false" data-auto-is-substitute="false" class="styles__StyledVerticalTile-dvv1wj-1 gSCsYK"><div class="styles__StyledTileContentWrapper-dvv1wj-2 bkNhNP beans"><div id="tile-299539429" data-auto-id="299539429" class="styles__StyledTiledContent-dvv1wj-3 bcglTg"><a href="https://www.tesco.com/groceries/en-GB/products/299539429" aria-hidden="true" class="product-image-wrapper" tabindex="1"><div class="product-image__container"><picture><img class="styled__Image-sjvkdn-0 bJErKA product-image beans-responsive-image__image" src="data:image/gif;base64,R0lGODlhAQABAAAAACH5BAEKAAEALAAAAAABAAEAAAICTAEAOw==" srcset="https://digitalcontent.api.tesco.com/v2/media/ghs/4c69ae43-3be1-46e7-955c-3dff40790f38/cc0c58d5-d6ea-4041-9b23-a05c8ff240ef.jpeg?h=225&amp;w=225 768w, data:image/gif;base64,R0lGODlhAQABAAAAACH5BAEKAAEALAAAAAABAAEAAAICTAEAOw== 4000w" alt="Grower&#39;s Harvest Sweetcorn 907G"></picture></div></a><div class="product-details--wrapper"><h3 class="styles__H3-oa5soe-0 bCKNNq"><a href="https://www.tesco.com/groceries/en-GB/products/299539429" class="styled__Anchor-sc-1xbujuz-0 csVOnh beans-link__anchor" data-auto="product-tile--title"><span class="styled__Text-sc-1xbujuz-1 ldbwMG beans-link__text">Grower's Harvest Sweetcorn 907G</span></a></h3><div class="styles__StyledPromotionsAboveMobile-dvv1wj-7 iPTMuo"></div><div class="styles__StyledProductDetailsContent-dvv1wj-5 ddRSrq"><a href="https://www.tesco.com/groceries/en-GB/reviews/submission/299539429?from=%2Fshop%2Ffrozen-food%2Fall" aria-label="Write a review for Grower&#39;s Harvest Sweetcorn 907G" class="styled__Anchor-sc-1xbujuz-0 jSzuDt write-a-review-link beans-link__anchor" data-auto="review-link"><span class="styled__Text-sc-1xbujuz-1 fyDIEo beans-link__text">Write a review</span><span class="styled__IconContainer-sc-1xbujuz-2 bSauSL beans-link__icon-container"><svg aria-hidden="true" class="styled__SVG-xxa4wh-1 hQMCqc beans-link__icon beans-icon__svg" height="13.33" preserveAspectRatio="xMinYMax meet" viewBox="-1 0 12 20" width="8" xmlns="http://www.w3.org/2000/svg" color="currentColor"><path d="M1.312 1.348L10.276 10l-8.964 8.644" fill="none" stroke="currentColor"></path></svg></span></a><div><a href="https://www.tesco.com/groceries/en-GB/shop/frozen-food/frozen-vegetables-and-herbs/frozen-sweetcorn/frozen-sweetcorn" class="styled__Anchor-sc-1xbujuz-0 jSzuDt rest-of-shelf-link beans-link__anchor" data-auto="rest-of-shelf-link"><span class="styled__Text-sc-1xbujuz-1 fyDIEo beans-link__text">Rest of <span class="visually-hidden">Frozen Sweetcorn</span> shelf</span><span class="styled__IconContainer-sc-1xbujuz-2 bSauSL beans-link__icon-container"><svg aria-hidden="true" class="styled__SVG-xxa4wh-1 hQMCqc beans-link__icon beans-icon__svg" height="13.33" preserveAspectRatio="xMinYMax meet" viewBox="-1 0 12 20" width="8" xmlns="http://www.w3.org/2000/svg" color="currentColor"><path d="M1.312 1.348L10.276 10l-8.964 8.644" fill="none" stroke="currentColor"></path></svg></span></a></div><div class="product-info-message-section"><div class="product-info-message-list"><div class="styled__WhiteBackground-sc-9yzfq2-1 jthPIJ"><svg width="56" height="56" viewBox="0 0 56 56" fill="none" xmlns="http://www.w3.org/2000/svg"><path d="M52.1301 27.8766C52.1301 14.5534 41.3293 3.75308 28.0066 3.75308C14.6834 3.75308 3.88306 14.5534 3.88306 27.8766C3.88306 41.1998 14.6834 52.0002 28.0066 52.0002C41.3293 52.0002 52.1301 41.1998 52.1301 27.8766Z" fill="#EE1C2E"></path><path d="M19.6853 36.5687L31.8169 48.6998L52.6633 27.8998L51.9894 23.0423L31.886 43.1452L22.5438 33.803L19.6853 36.5687Z" fill="white"></path><path d="M24.2699 12.0048L23.5594 9.93467L22.8484 12.0048H24.2699ZM24.6345 13.0711H22.4844L21.9776 14.5375H20.7515L22.9815 8.31722H24.1369L26.3669 14.5375H25.1408L24.6345 13.0711Z" fill="white"></path><path d="M27.8359 14.5375H26.734V8.24609H27.8359V14.5375Z" fill="white"></path><path d="M31.5684 13.2309C31.7849 12.9886 31.8927 12.6597 31.8927 12.2446C31.8927 11.8306 31.7849 11.5016 31.5684 11.2588C31.3524 11.0159 31.0811 10.8942 30.7558 10.8942C30.4299 10.8942 30.1587 11.0159 29.9427 11.2588C29.7267 11.5016 29.6184 11.8306 29.6184 12.2446C29.6184 12.6597 29.7267 12.9886 29.9427 13.2309C30.1587 13.4738 30.4299 13.5955 30.7558 13.5955C31.0811 13.5955 31.3524 13.4738 31.5684 13.2309ZM29.4673 14.3065C29.159 14.1049 28.9177 13.8234 28.7429 13.4619C28.5681 13.101 28.481 12.6952 28.481 12.2446C28.481 11.7888 28.5655 11.3815 28.7341 11.0231C28.9032 10.6648 29.1384 10.3848 29.4405 10.1837C29.7426 9.98212 30.0891 9.88158 30.48 9.88158C30.7883 9.88158 31.0579 9.93624 31.2889 10.0455C31.5199 10.1554 31.6978 10.3106 31.8221 10.5122V8.24609H32.9239V14.5375H31.8221V13.9863C31.6916 14.1704 31.5137 14.3194 31.2889 14.4349C31.0636 14.5504 30.797 14.6086 30.4892 14.6086C30.1159 14.6086 29.7751 14.5076 29.4673 14.3065Z" fill="white"></path><path d="M34.9657 14.5375H33.8638V9.95224H34.9657V14.5375ZM33.9082 8.34408C34.0443 8.20796 34.2129 8.1399 34.4145 8.1399C34.6161 8.1399 34.7847 8.20796 34.9208 8.34408C35.0574 8.48071 35.1255 8.64931 35.1255 8.8504C35.1255 9.052 35.0574 9.22112 34.9208 9.35724C34.7847 9.49336 34.6161 9.56142 34.4145 9.56142C34.2129 9.56142 34.0443 9.49336 33.9082 9.35724C33.7715 9.22112 33.704 9.052 33.704 8.8504C33.704 8.64931 33.7715 8.48071 33.9082 8.34408Z" fill="white"></path><path d="M19.6791 19.3347C19.8894 19.1506 19.9946 18.8779 19.9946 18.5169C19.9946 18.1565 19.8894 17.8838 19.6791 17.6997C19.4682 17.5156 19.183 17.4233 18.8221 17.4233H17.5027V19.6111H18.8221C19.183 19.6111 19.4682 19.5188 19.6791 19.3347ZM17.5027 23.9628H16.0374V16.0704H18.9345C19.461 16.0704 19.9157 16.1776 20.2988 16.3921C20.6824 16.6061 20.9753 16.8995 21.1784 17.2712C21.3816 17.6435 21.4826 18.0586 21.4826 18.5169C21.4826 18.9758 21.3816 19.3909 21.1784 19.7632C20.9753 20.1354 20.6824 20.4283 20.2988 20.6423C19.9157 20.8568 19.461 20.9635 18.9345 20.9635H17.5027V23.9628Z" fill="white"></path><path d="M22.0396 18.1451H23.4379V19.0248C23.6029 18.7087 23.8359 18.4684 24.1365 18.3029C24.4376 18.1374 24.7717 18.0549 25.1404 18.0549C25.5235 18.0549 25.8241 18.1415 26.0422 18.3143L25.5689 19.4981C25.3729 19.3929 25.1662 19.3403 24.9486 19.3403C24.5124 19.3403 24.152 19.528 23.8663 19.9039C23.5802 20.2797 23.4379 20.8582 23.4379 21.6404V23.9627H22.0396V18.1451Z" fill="white"></path><path d="M27.8879 23.9627H26.4896V18.1451H27.8879V23.9627ZM26.5458 16.1044C26.7191 15.9316 26.933 15.845 27.1888 15.845C27.444 15.845 27.658 15.9316 27.8312 16.1044C28.0039 16.2771 28.0906 16.4916 28.0906 16.7468C28.0906 17.0026 28.0039 17.217 27.8312 17.3898C27.658 17.5625 27.444 17.6491 27.1888 17.6491C26.933 17.6491 26.7191 17.5625 26.5458 17.3898C26.3731 17.217 26.287 17.0026 26.287 16.7468C26.287 16.4916 26.3731 16.2771 26.5458 16.1044Z" fill="white"></path><path d="M30.0603 23.6693C29.6168 23.4141 29.2714 23.0588 29.0234 22.6041C28.7754 22.1493 28.6511 21.6327 28.6511 21.0537C28.6511 20.4752 28.7754 19.9585 29.0234 19.5038C29.2714 19.049 29.6168 18.6937 30.0603 18.438C30.5037 18.1828 31.011 18.0549 31.5823 18.0549C32.8749 18.0549 33.751 18.585 34.2093 19.6445L32.9353 20.2199C32.6424 19.6332 32.1913 19.3403 31.5823 19.3403C31.1466 19.3403 30.7857 19.4981 30.5001 19.8136C30.2144 20.1297 30.0716 20.5427 30.0716 21.0537C30.0716 21.5651 30.2144 21.9787 30.5001 22.2942C30.7857 22.6097 31.1466 22.7675 31.5823 22.7675C32.1913 22.7675 32.6424 22.4747 32.9353 21.8884L34.2093 22.4633C33.751 23.5229 32.8749 24.0529 31.5823 24.0529C31.011 24.0529 30.5037 23.9251 30.0603 23.6693Z" fill="white"></path><path d="M38.727 20.3999C38.6744 20.0694 38.5223 19.7987 38.2707 19.5883C38.0186 19.3779 37.7015 19.2728 37.3179 19.2728C36.9946 19.2728 36.7048 19.3723 36.4496 19.5713C36.1939 19.7708 36.0175 20.0467 35.9196 20.3999H38.727ZM40.1588 21.5048H35.8633C35.9381 21.9333 36.115 22.2586 36.3934 22.4803C36.6713 22.702 37.0095 22.8129 37.4081 22.8129C37.7386 22.8129 38.015 22.7433 38.2367 22.6041C38.4584 22.4649 38.6708 22.253 38.874 21.9673L40.0573 22.6097C39.7716 23.0759 39.4092 23.4327 38.9693 23.6812C38.5295 23.9287 37.983 24.0529 37.3292 24.0529C36.7125 24.0529 36.1846 23.9086 35.7453 23.6188C35.3055 23.3295 34.9765 22.9557 34.7584 22.4968C34.5403 22.0385 34.4315 21.5574 34.4315 21.0537C34.4315 20.5504 34.546 20.0694 34.7754 19.611C35.0044 19.1526 35.3374 18.7783 35.7731 18.4891C36.2088 18.1998 36.7239 18.0549 37.3179 18.0549C37.9191 18.0549 38.4341 18.19 38.8626 18.4607C39.2911 18.7314 39.6139 19.0866 39.832 19.5264C40.0501 19.9657 40.1588 20.4339 40.1588 20.9299V21.5048Z" fill="white"></path><path d="M16.3879 25.558H17.7399L19.2454 29.4977L20.751 25.558H22.1029V31.8684H20.9309V28.0282L19.6873 31.2915H18.8035L17.5599 28.0282V31.8684H16.3879V25.558Z" fill="white"></path><path d="M25.4058 30.7146C25.6131 30.5341 25.7167 30.3119 25.7167 30.0474V29.9216H24.8335C24.5746 29.9216 24.3689 29.971 24.2158 30.07C24.0626 30.169 23.9858 30.3057 23.9858 30.48C23.9858 30.6424 24.0415 30.7671 24.1529 30.8543C24.2637 30.9414 24.4277 30.9847 24.6437 30.9847C24.9443 30.9847 25.1985 30.8945 25.4058 30.7146ZM23.6074 31.7782C23.3671 31.67 23.1748 31.5122 23.0304 31.3049C22.886 31.0976 22.8138 30.8496 22.8138 30.5609C22.8138 30.1046 22.9855 29.7364 23.3279 29.457C23.6703 29.1775 24.1333 29.0378 24.7159 29.0378H25.7167V28.8754C25.7167 28.6413 25.6357 28.4531 25.4733 28.3118C25.3109 28.1711 25.0918 28.1004 24.8154 28.1004C24.5927 28.1004 24.3916 28.1592 24.2111 28.2763C24.0312 28.3933 23.8956 28.5299 23.8059 28.6862L22.9494 28.1726C23.1113 27.8782 23.3516 27.6333 23.6703 27.4379C23.9889 27.2425 24.3705 27.145 24.8154 27.145C25.4522 27.145 25.9482 27.2982 26.3024 27.6044C26.6572 27.9112 26.8345 28.3526 26.8345 28.9295V31.8685H25.9152L25.7621 31.2735C25.6115 31.4776 25.4207 31.6401 25.1892 31.7602C24.9582 31.8803 24.686 31.9401 24.3735 31.9401C24.1029 31.9401 23.8476 31.8865 23.6074 31.7782Z" fill="white"></path><path d="M27.8214 30.3V28.1726H27.1182V27.2167H27.8214V26.4417L28.9393 25.7384V27.2167H30.1381V28.1726H28.9393V30.2458C28.9393 30.6903 29.1166 30.9125 29.4709 30.9125C29.6333 30.9125 29.7895 30.8496 29.9395 30.7233L30.4443 31.5797C30.2881 31.706 30.1169 31.7978 29.9308 31.855C29.7446 31.9117 29.5549 31.9401 29.3626 31.9401C28.3355 31.9401 27.8214 31.3936 27.8214 30.3Z" fill="white"></path><path d="M31.5487 31.6339C31.194 31.4297 30.9176 31.1456 30.7196 30.7821C30.5211 30.4186 30.4221 30.0056 30.4221 29.5426C30.4221 29.0801 30.5211 28.6666 30.7196 28.3031C30.9176 27.9396 31.194 27.6555 31.5487 27.4513C31.9034 27.2471 32.3087 27.145 32.7655 27.145C33.7993 27.145 34.4995 27.5683 34.8661 28.416L33.8473 28.8754C33.6132 28.4067 33.2528 28.1726 32.7655 28.1726C32.417 28.1726 32.1288 28.2989 31.9004 28.5511C31.6719 28.8037 31.558 29.1342 31.558 29.5426C31.558 29.9509 31.6719 30.282 31.9004 30.5341C32.1288 30.7867 32.417 30.9125 32.7655 30.9125C33.2528 30.9125 33.6132 30.6785 33.8473 30.2098L34.8661 30.6697C34.4995 31.5168 33.7993 31.9401 32.7655 31.9401C32.3087 31.9401 31.9034 31.8386 31.5487 31.6339Z" fill="white"></path><path d="M35.3998 25.4863H36.5176V27.9473C36.662 27.707 36.8615 27.5132 37.1167 27.3657C37.3725 27.2188 37.6592 27.145 37.9778 27.145C38.4702 27.145 38.8579 27.2909 39.1405 27.5823C39.423 27.8736 39.5643 28.2804 39.5643 28.8037V31.8685H38.4465V29.0285C38.4465 28.7522 38.3758 28.5408 38.2346 28.3933C38.0933 28.2458 37.8907 28.1726 37.6262 28.1726C37.3199 28.1726 37.0585 28.3093 36.8419 28.5825C36.6254 28.8558 36.5176 29.275 36.5176 29.8401V31.8685H35.3998V25.4863Z" fill="white"></path></svg><p class="styled__StyledBodyText-sc-119w3hf-5 ggtTyf styled__DarkGreyBodyText-jk5kya-0 iwRWTH">Aldi Price Match</p></div></div></div></div><div class="styles__StyledBuyBoxWrapper-dvv1wj-4 dSvjUC"><div class="styles__StyledBuyBoxContainer-sc-1wx0qp6-0 erryje" data-auto="buybox-container"><div class="styles__SafeFormWrapper-jtpu2t-0 lcrYKS"><form action="https://www.tesco.com/groceries/en-GB/trolley/items/299539429?_method=PUT" method="POST"><input type="submit" class="hidden"><input name="id" type="hidden" value="299539429"><input name="identifier" type="hidden" value="Page"><input name="anchorId" type="hidden" value="#tile-299539429"><input name="returnUrl" type="hidden" value="/groceries/en-GB/shop/frozen-food/all?redirectIfUnavailable=true#tile-299539429"><input name="backToUrl" type="hidden" value="#"><input name="oldValue" type="hidden" value="0"><input name="oldUnitChoice" type="hidden" value="pcs"><input name="newUnitChoice" type="hidden" value="pcs"><div class="base-components__RootElement-sc-1mosoyj-1 styled__Container-sc-6nhkzi-0 jptQqM hSNpTb beans-buybox__container"><div class="base-components__BaseElement-sc-1mosoyj-0 styled__PriceAndActions-sc-6nhkzi-3 oznwo eEPLov beans-buybox__price-and-actions"><div class="base-components__RootElement-sc-1mosoyj-1 styled__Container-sc-8qlq5b-0 jptQqM bgZrjw styled__StyledPrice-sc-6nhkzi-5 iYHeik beans-buybox__price beans-price__container"><p class="styled__StyledHeading-sc-119w3hf-2 jWPEtj styled__Text-sc-8qlq5b-1 lnaeiZ beans-price__text">£1.22</p><p class="styled__StyledFootnote-sc-119w3hf-7 icrlVF styled__Subtext-sc-8qlq5b-2 bNJmdc beans-price__subtext">£1.35/kg</p></div><div class="base-components__RootElement-sc-1mosoyj-1 styled__Container-vtxwzb-0 jptQqM bDFhXJ beans-buybox__actions beans-quantity-controls__container"><div class="base-components__RootElement-sc-1mosoyj-1 styled__Container-sc-16t2b2a-0 jptQqM PUfgZ styled__StyledFormGroup-vtxwzb-1 kzKuAr beans-quantity-controls__form-group beans-form-group__container"><label class="styled__StyledLabel-sc-1ttuvhr-0 izGEjV beans-form-group__label beans-label" for="quantity-controls-299539429">Quantity controls </label><div class="base-components__BaseElement-sc-1mosoyj-0 styled__Children-sc-16t2b2a-3 oznwo gdJvjO beans-form-group__children"><div class="styled__StyledQuantityControlWrapper-vtxwzb-6 LCxOg"><label id="quantity-controls-299539429-label" class="styled__VisuallyHiddenLabel-vtxwzb-7 gXlLiM">Quantity of Grower's Harvest Sweetcorn 907G</label><div class="component__Wrapper-sc-1kpmik-3 dReplG input-wrapper"><input class="base-components__RootElement-sc-1mosoyj-1 styled__StyledInput-sc-1jd5f57-0 component__StyledAsInput-sc-1kpmik-4 jptQqM eJLlow styled__StyledInput-vtxwzb-3 lwMHo beans-quantity-controls__input beans-input" data-auto="beans-quantity-controls-input" autocomplete="off" id="quantity-controls-299539429" maxlength="2" name="newValue" type="number" aria-labelledby="quantity-controls-299539429-label" value="1"></div></div><button class="styled__BaseButton-rsekm1-0 styled__PrimaryButton-rsekm1-2 jChbeY geeWOF styled__StyledButton-vtxwzb-5 japAxb beans-quantity-controls__add-button beans-button__container" type="submit" data-auto="beans-quantity-controls-add-button" aria-label="Quantity of Grower&#39;s Harvest Sweetcorn 907G"><span class="base-components__BaseElement-sc-1mosoyj-0 styled__InnerContainer-rsekm1-1 oznwo fuFres beans-button__inner-container"><span class="base-components__BaseElement-sc-1mosoyj-0 styled__TextSpan-rsekm1-4 oznwo GDiMp beans-button__text">Add</span></span></button></div></div></div></div></div><input name="_csrf" type="hidden" value="0WbpBJF9-cS-fAMl-ByHnl5hECj1JaZiBQ20"></form></div></div></div></div><div class="hidden-medium product-info-section-small"><div class="product-info-message-list"><div class="styled__WhiteBackground-sc-9yzfq2-1 jthPIJ"><svg width="56" height="56" viewBox="0 0 56 56" fill="none" xmlns="http://www.w3.org/2000/svg"><path d="M52.1301 27.8766C52.1301 14.5534 41.3293 3.75308 28.0066 3.75308C14.6834 3.75308 3.88306 14.5534 3.88306 27.8766C3.88306 41.1998 14.6834 52.0002 28.0066 52.0002C41.3293 52.0002 52.1301 41.1998 52.1301 27.8766Z" fill="#EE1C2E"></path><path d="M19.6853 36.5687L31.8169 48.6998L52.6633 27.8998L51.9894 23.0423L31.886 43.1452L22.5438 33.803L19.6853 36.5687Z" fill="white"></path><path d="M24.2699 12.0048L23.5594 9.93467L22.8484 12.0048H24.2699ZM24.6345 13.0711H22.4844L21.9776 14.5375H20.7515L22.9815 8.31722H24.1369L26.3669 14.5375H25.1408L24.6345 13.0711Z" fill="white"></path><path d="M27.8359 14.5375H26.734V8.24609H27.8359V14.5375Z" fill="white"></path><path d="M31.5684 13.2309C31.7849 12.9886 31.8927 12.6597 31.8927 12.2446C31.8927 11.8306 31.7849 11.5016 31.5684 11.2588C31.3524 11.0159 31.0811 10.8942 30.7558 10.8942C30.4299 10.8942 30.1587 11.0159 29.9427 11.2588C29.7267 11.5016 29.6184 11.8306 29.6184 12.2446C29.6184 12.6597 29.7267 12.9886 29.9427 13.2309C30.1587 13.4738 30.4299 13.5955 30.7558 13.5955C31.0811 13.5955 31.3524 13.4738 31.5684 13.2309ZM29.4673 14.3065C29.159 14.1049 28.9177 13.8234 28.7429 13.4619C28.5681 13.101 28.481 12.6952 28.481 12.2446C28.481 11.7888 28.5655 11.3815 28.7341 11.0231C28.9032 10.6648 29.1384 10.3848 29.4405 10.1837C29.7426 9.98212 30.0891 9.88158 30.48 9.88158C30.7883 9.88158 31.0579 9.93624 31.2889 10.0455C31.5199 10.1554 31.6978 10.3106 31.8221 10.5122V8.24609H32.9239V14.5375H31.8221V13.9863C31.6916 14.1704 31.5137 14.3194 31.2889 14.4349C31.0636 14.5504 30.797 14.6086 30.4892 14.6086C30.1159 14.6086 29.7751 14.5076 29.4673 14.3065Z" fill="white"></path><path d="M34.9657 14.5375H33.8638V9.95224H34.9657V14.5375ZM33.9082 8.34408C34.0443 8.20796 34.2129 8.1399 34.4145 8.1399C34.6161 8.1399 34.7847 8.20796 34.9208 8.34408C35.0574 8.48071 35.1255 8.64931 35.1255 8.8504C35.1255 9.052 35.0574 9.22112 34.9208 9.35724C34.7847 9.49336 34.6161 9.56142 34.4145 9.56142C34.2129 9.56142 34.0443 9.49336 33.9082 9.35724C33.7715 9.22112 33.704 9.052 33.704 8.8504C33.704 8.64931 33.7715 8.48071 33.9082 8.34408Z" fill="white"></path><path d="M19.6791 19.3347C19.8894 19.1506 19.9946 18.8779 19.9946 18.5169C19.9946 18.1565 19.8894 17.8838 19.6791 17.6997C19.4682 17.5156 19.183 17.4233 18.8221 17.4233H17.5027V19.6111H18.8221C19.183 19.6111 19.4682 19.5188 19.6791 19.3347ZM17.5027 23.9628H16.0374V16.0704H18.9345C19.461 16.0704 19.9157 16.1776 20.2988 16.3921C20.6824 16.6061 20.9753 16.8995 21.1784 17.2712C21.3816 17.6435 21.4826 18.0586 21.4826 18.5169C21.4826 18.9758 21.3816 19.3909 21.1784 19.7632C20.9753 20.1354 20.6824 20.4283 20.2988 20.6423C19.9157 20.8568 19.461 20.9635 18.9345 20.9635H17.5027V23.9628Z" fill="white"></path><path d="M22.0396 18.1451H23.4379V19.0248C23.6029 18.7087 23.8359 18.4684 24.1365 18.3029C24.4376 18.1374 24.7717 18.0549 25.1404 18.0549C25.5235 18.0549 25.8241 18.1415 26.0422 18.3143L25.5689 19.4981C25.3729 19.3929 25.1662 19.3403 24.9486 19.3403C24.5124 19.3403 24.152 19.528 23.8663 19.9039C23.5802 20.2797 23.4379 20.8582 23.4379 21.6404V23.9627H22.0396V18.1451Z" fill="white"></path><path d="M27.8879 23.9627H26.4896V18.1451H27.8879V23.9627ZM26.5458 16.1044C26.7191 15.9316 26.933 15.845 27.1888 15.845C27.444 15.845 27.658 15.9316 27.8312 16.1044C28.0039 16.2771 28.0906 16.4916 28.0906 16.7468C28.0906 17.0026 28.0039 17.217 27.8312 17.3898C27.658 17.5625 27.444 17.6491 27.1888 17.6491C26.933 17.6491 26.7191 17.5625 26.5458 17.3898C26.3731 17.217 26.287 17.0026 26.287 16.7468C26.287 16.4916 26.3731 16.2771 26.5458 16.1044Z" fill="white"></path><path d="M30.0603 23.6693C29.6168 23.4141 29.2714 23.0588 29.0234 22.6041C28.7754 22.1493 28.6511 21.6327 28.6511 21.0537C28.6511 20.4752 28.7754 19.9585 29.0234 19.5038C29.2714 19.049 29.6168 18.6937 30.0603 18.438C30.5037 18.1828 31.011 18.0549 31.5823 18.0549C32.8749 18.0549 33.751 18.585 34.2093 19.6445L32.9353 20.2199C32.6424 19.6332 32.1913 19.3403 31.5823 19.3403C31.1466 19.3403 30.7857 19.4981 30.5001 19.8136C30.2144 20.1297 30.0716 20.5427 30.0716 21.0537C30.0716 21.5651 30.2144 21.9787 30.5001 22.2942C30.7857 22.6097 31.1466 22.7675 31.5823 22.7675C32.1913 22.7675 32.6424 22.4747 32.9353 21.8884L34.2093 22.4633C33.751 23.5229 32.8749 24.0529 31.5823 24.0529C31.011 24.0529 30.5037 23.9251 30.0603 23.6693Z" fill="white"></path><path d="M38.727 20.3999C38.6744 20.0694 38.5223 19.7987 38.2707 19.5883C38.0186 19.3779 37.7015 19.2728 37.3179 19.2728C36.9946 19.2728 36.7048 19.3723 36.4496 19.5713C36.1939 19.7708 36.0175 20.0467 35.9196 20.3999H38.727ZM40.1588 21.5048H35.8633C35.9381 21.9333 36.115 22.2586 36.3934 22.4803C36.6713 22.702 37.0095 22.8129 37.4081 22.8129C37.7386 22.8129 38.015 22.7433 38.2367 22.6041C38.4584 22.4649 38.6708 22.253 38.874 21.9673L40.0573 22.6097C39.7716 23.0759 39.4092 23.4327 38.9693 23.6812C38.5295 23.9287 37.983 24.0529 37.3292 24.0529C36.7125 24.0529 36.1846 23.9086 35.7453 23.6188C35.3055 23.3295 34.9765 22.9557 34.7584 22.4968C34.5403 22.0385 34.4315 21.5574 34.4315 21.0537C34.4315 20.5504 34.546 20.0694 34.7754 19.611C35.0044 19.1526 35.3374 18.7783 35.7731 18.4891C36.2088 18.1998 36.7239 18.0549 37.3179 18.0549C37.9191 18.0549 38.4341 18.19 38.8626 18.4607C39.2911 18.7314 39.6139 19.0866 39.832 19.5264C40.0501 19.9657 40.1588 20.4339 40.1588 20.9299V21.5048Z" fill="white"></path><path d="M16.3879 25.558H17.7399L19.2454 29.4977L20.751 25.558H22.1029V31.8684H20.9309V28.0282L19.6873 31.2915H18.8035L17.5599 28.0282V31.8684H16.3879V25.558Z" fill="white"></path><path d="M25.4058 30.7146C25.6131 30.5341 25.7167 30.3119 25.7167 30.0474V29.9216H24.8335C24.5746 29.9216 24.3689 29.971 24.2158 30.07C24.0626 30.169 23.9858 30.3057 23.9858 30.48C23.9858 30.6424 24.0415 30.7671 24.1529 30.8543C24.2637 30.9414 24.4277 30.9847 24.6437 30.9847C24.9443 30.9847 25.1985 30.8945 25.4058 30.7146ZM23.6074 31.7782C23.3671 31.67 23.1748 31.5122 23.0304 31.3049C22.886 31.0976 22.8138 30.8496 22.8138 30.5609C22.8138 30.1046 22.9855 29.7364 23.3279 29.457C23.6703 29.1775 24.1333 29.0378 24.7159 29.0378H25.7167V28.8754C25.7167 28.6413 25.6357 28.4531 25.4733 28.3118C25.3109 28.1711 25.0918 28.1004 24.8154 28.1004C24.5927 28.1004 24.3916 28.1592 24.2111 28.2763C24.0312 28.3933 23.8956 28.5299 23.8059 28.6862L22.9494 28.1726C23.1113 27.8782 23.3516 27.6333 23.6703 27.4379C23.9889 27.2425 24.3705 27.145 24.8154 27.145C25.4522 27.145 25.9482 27.2982 26.3024 27.6044C26.6572 27.9112 26.8345 28.3526 26.8345 28.9295V31.8685H25.9152L25.7621 31.2735C25.6115 31.4776 25.4207 31.6401 25.1892 31.7602C24.9582 31.8803 24.686 31.9401 24.3735 31.9401C24.1029 31.9401 23.8476 31.8865 23.6074 31.7782Z" fill="white"></path><path d="M27.8214 30.3V28.1726H27.1182V27.2167H27.8214V26.4417L28.9393 25.7384V27.2167H30.1381V28.1726H28.9393V30.2458C28.9393 30.6903 29.1166 30.9125 29.4709 30.9125C29.6333 30.9125 29.7895 30.8496 29.9395 30.7233L30.4443 31.5797C30.2881 31.706 30.1169 31.7978 29.9308 31.855C29.7446 31.9117 29.5549 31.9401 29.3626 31.9401C28.3355 31.9401 27.8214 31.3936 27.8214 30.3Z" fill="white"></path><path d="M31.5487 31.6339C31.194 31.4297 30.9176 31.1456 30.7196 30.7821C30.5211 30.4186 30.4221 30.0056 30.4221 29.5426C30.4221 29.0801 30.5211 28.6666 30.7196 28.3031C30.9176 27.9396 31.194 27.6555 31.5487 27.4513C31.9034 27.2471 32.3087 27.145 32.7655 27.145C33.7993 27.145 34.4995 27.5683 34.8661 28.416L33.8473 28.8754C33.6132 28.4067 33.2528 28.1726 32.7655 28.1726C32.417 28.1726 32.1288 28.2989 31.9004 28.5511C31.6719 28.8037 31.558 29.1342 31.558 29.5426C31.558 29.9509 31.6719 30.282 31.9004 30.5341C32.1288 30.7867 32.417 30.9125 32.7655 30.9125C33.2528 30.9125 33.6132 30.6785 33.8473 30.2098L34.8661 30.6697C34.4995 31.5168 33.7993 31.9401 32.7655 31.9401C32.3087 31.9401 31.9034 31.8386 31.5487 31.6339Z" fill="white"></path><path d="M35.3998 25.4863H36.5176V27.9473C36.662 27.707 36.8615 27.5132 37.1167 27.3657C37.3725 27.2188 37.6592 27.145 37.9778 27.145C38.4702 27.145 38.8579 27.2909 39.1405 27.5823C39.423 27.8736 39.5643 28.2804 39.5643 28.8037V31.8685H38.4465V29.0285C38.4465 28.7522 38.3758 28.5408 38.2346 28.3933C38.0933 28.2458 37.8907 28.1726 37.6262 28.1726C37.3199 28.1726 37.0585 28.3093 36.8419 28.5825C36.6254 28.8558 36.5176 29.275 36.5176 29.8401V31.8685H35.3998V25.4863Z" fill="white"></path></svg><p class="styled__StyledBodyText-sc-119w3hf-5 ggtTyf styled__DarkGreyBodyText-jk5kya-0 iwRWTH">Aldi Price Match</p></div></div></div></div></div></div></div></li><li class="product-list--list-item"><div class="styles__StyledVerticalTileWrapper-dvv1wj-0 dtCNPH"><div data-auto="product-tile" data-auto-type="Quantity" data-auto-available="true" data-auto-is-restricted-disabled="false" data-auto-is-substitute="false" class="styles__StyledVerticalTile-dvv1wj-1 gSCsYK"><div class="styles__StyledTileContentWrapper-dvv1wj-2 bkNhNP beans"><div id="tile-299424801" data-auto-id="299424801" class="styles__StyledTiledContent-dvv1wj-3 bcglTg"><a href="https://www.tesco.com/groceries/en-GB/products/299424801" aria-hidden="true" class="product-image-wrapper" tabindex="1"><div class="product-image__container"><picture><img class="styled__Image-sjvkdn-0 bJErKA product-image beans-responsive-image__image" src="data:image/gif;base64,R0lGODlhAQABAAAAACH5BAEKAAEALAAAAAABAAEAAAICTAEAOw==" srcset="https://digitalcontent.api.tesco.com/v2/media/ghs/148a1581-c300-41b9-953d-259d4ea55d02/42a97041-03b0-4161-86d6-75ec1e4c1244.jpeg?h=225&amp;w=225 768w, data:image/gif;base64,R0lGODlhAQABAAAAACH5BAEKAAEALAAAAAABAAEAAAICTAEAOw== 4000w" alt="Hearty Food Co. 2 Garlic Baguettes 338G"></picture></div></a><div class="product-details--wrapper"><h3 class="styles__H3-oa5soe-0 bCKNNq"><a href="https://www.tesco.com/groceries/en-GB/products/299424801" class="styled__Anchor-sc-1xbujuz-0 csVOnh beans-link__anchor" data-auto="product-tile--title"><span class="styled__Text-sc-1xbujuz-1 ldbwMG beans-link__text">Hearty Food Co. 2 Garlic Baguettes 338G</span></a></h3><div class="styles__StyledPromotionsAboveMobile-dvv1wj-7 iPTMuo"></div><div class="styles__StyledProductDetailsContent-dvv1wj-5 ddRSrq"><a href="https://www.tesco.com/groceries/en-GB/reviews/submission/299424801?from=%2Fshop%2Ffrozen-food%2Fall" aria-label="Write a review for Hearty Food Co. 2 Garlic Baguettes 338G" class="styled__Anchor-sc-1xbujuz-0 jSzuDt write-a-review-link beans-link__anchor" data-auto="review-link"><span class="styled__Text-sc-1xbujuz-1 fyDIEo beans-link__text">Write a review</span><span class="styled__IconContainer-sc-1xbujuz-2 bSauSL beans-link__icon-container"><svg aria-hidden="true" class="styled__SVG-xxa4wh-1 hQMCqc beans-link__icon beans-icon__svg" height="13.33" preserveAspectRatio="xMinYMax meet" viewBox="-1 0 12 20" width="8" xmlns="http://www.w3.org/2000/svg" color="currentColor"><path d="M1.312 1.348L10.276 10l-8.964 8.644" fill="none" stroke="currentColor"></path></svg></span></a><div><a href="https://www.tesco.com/groceries/en-GB/shop/frozen-food/frozen-pizza-and-garlic-bread/frozen-garlic-bread-and-doughballs/frozen-garlic-bread-dough-and-doughballs" class="styled__Anchor-sc-1xbujuz-0 jSzuDt rest-of-shelf-link beans-link__anchor" data-auto="rest-of-shelf-link"><span class="styled__Text-sc-1xbujuz-1 fyDIEo beans-link__text">Rest of <span class="visually-hidden">Frozen Garlic Bread, Dough &amp; Doughballs</span> shelf</span><span class="styled__IconContainer-sc-1xbujuz-2 bSauSL beans-link__icon-container"><svg aria-hidden="true" class="styled__SVG-xxa4wh-1 hQMCqc beans-link__icon beans-icon__svg" height="13.33" preserveAspectRatio="xMinYMax meet" viewBox="-1 0 12 20" width="8" xmlns="http://www.w3.org/2000/svg" color="currentColor"><path d="M1.312 1.348L10.276 10l-8.964 8.644" fill="none" stroke="currentColor"></path></svg></span></a></div><div class="product-info-message-section"><div class="product-info-message-list"><div class="styled__WhiteBackground-sc-9yzfq2-1 jthPIJ"><svg width="56" height="56" viewBox="0 0 56 56" fill="none" xmlns="http://www.w3.org/2000/svg"><path d="M52.1301 27.8766C52.1301 14.5534 41.3293 3.75308 28.0066 3.75308C14.6834 3.75308 3.88306 14.5534 3.88306 27.8766C3.88306 41.1998 14.6834 52.0002 28.0066 52.0002C41.3293 52.0002 52.1301 41.1998 52.1301 27.8766Z" fill="#EE1C2E"></path><path d="M19.6853 36.5687L31.8169 48.6998L52.6633 27.8998L51.9894 23.0423L31.886 43.1452L22.5438 33.803L19.6853 36.5687Z" fill="white"></path><path d="M24.2699 12.0048L23.5594 9.93467L22.8484 12.0048H24.2699ZM24.6345 13.0711H22.4844L21.9776 14.5375H20.7515L22.9815 8.31722H24.1369L26.3669 14.5375H25.1408L24.6345 13.0711Z" fill="white"></path><path d="M27.8359 14.5375H26.734V8.24609H27.8359V14.5375Z" fill="white"></path><path d="M31.5684 13.2309C31.7849 12.9886 31.8927 12.6597 31.8927 12.2446C31.8927 11.8306 31.7849 11.5016 31.5684 11.2588C31.3524 11.0159 31.0811 10.8942 30.7558 10.8942C30.4299 10.8942 30.1587 11.0159 29.9427 11.2588C29.7267 11.5016 29.6184 11.8306 29.6184 12.2446C29.6184 12.6597 29.7267 12.9886 29.9427 13.2309C30.1587 13.4738 30.4299 13.5955 30.7558 13.5955C31.0811 13.5955 31.3524 13.4738 31.5684 13.2309ZM29.4673 14.3065C29.159 14.1049 28.9177 13.8234 28.7429 13.4619C28.5681 13.101 28.481 12.6952 28.481 12.2446C28.481 11.7888 28.5655 11.3815 28.7341 11.0231C28.9032 10.6648 29.1384 10.3848 29.4405 10.1837C29.7426 9.98212 30.0891 9.88158 30.48 9.88158C30.7883 9.88158 31.0579 9.93624 31.2889 10.0455C31.5199 10.1554 31.6978 10.3106 31.8221 10.5122V8.24609H32.9239V14.5375H31.8221V13.9863C31.6916 14.1704 31.5137 14.3194 31.2889 14.4349C31.0636 14.5504 30.797 14.6086 30.4892 14.6086C30.1159 14.6086 29.7751 14.5076 29.4673 14.3065Z" fill="white"></path><path d="M34.9657 14.5375H33.8638V9.95224H34.9657V14.5375ZM33.9082 8.34408C34.0443 8.20796 34.2129 8.1399 34.4145 8.1399C34.6161 8.1399 34.7847 8.20796 34.9208 8.34408C35.0574 8.48071 35.1255 8.64931 35.1255 8.8504C35.1255 9.052 35.0574 9.22112 34.9208 9.35724C34.7847 9.49336 34.6161 9.56142 34.4145 9.56142C34.2129 9.56142 34.0443 9.49336 33.9082 9.35724C33.7715 9.22112 33.704 9.052 33.704 8.8504C33.704 8.64931 33.7715 8.48071 33.9082 8.34408Z" fill="white"></path><path d="M19.6791 19.3347C19.8894 19.1506 19.9946 18.8779 19.9946 18.5169C19.9946 18.1565 19.8894 17.8838 19.6791 17.6997C19.4682 17.5156 19.183 17.4233 18.8221 17.4233H17.5027V19.6111H18.8221C19.183 19.6111 19.4682 19.5188 19.6791 19.3347ZM17.5027 23.9628H16.0374V16.0704H18.9345C19.461 16.0704 19.9157 16.1776 20.2988 16.3921C20.6824 16.6061 20.9753 16.8995 21.1784 17.2712C21.3816 17.6435 21.4826 18.0586 21.4826 18.5169C21.4826 18.9758 21.3816 19.3909 21.1784 19.7632C20.9753 20.1354 20.6824 20.4283 20.2988 20.6423C19.9157 20.8568 19.461 20.9635 18.9345 20.9635H17.5027V23.9628Z" fill="white"></path><path d="M22.0396 18.1451H23.4379V19.0248C23.6029 18.7087 23.8359 18.4684 24.1365 18.3029C24.4376 18.1374 24.7717 18.0549 25.1404 18.0549C25.5235 18.0549 25.8241 18.1415 26.0422 18.3143L25.5689 19.4981C25.3729 19.3929 25.1662 19.3403 24.9486 19.3403C24.5124 19.3403 24.152 19.528 23.8663 19.9039C23.5802 20.2797 23.4379 20.8582 23.4379 21.6404V23.9627H22.0396V18.1451Z" fill="white"></path><path d="M27.8879 23.9627H26.4896V18.1451H27.8879V23.9627ZM26.5458 16.1044C26.7191 15.9316 26.933 15.845 27.1888 15.845C27.444 15.845 27.658 15.9316 27.8312 16.1044C28.0039 16.2771 28.0906 16.4916 28.0906 16.7468C28.0906 17.0026 28.0039 17.217 27.8312 17.3898C27.658 17.5625 27.444 17.6491 27.1888 17.6491C26.933 17.6491 26.7191 17.5625 26.5458 17.3898C26.3731 17.217 26.287 17.0026 26.287 16.7468C26.287 16.4916 26.3731 16.2771 26.5458 16.1044Z" fill="white"></path><path d="M30.0603 23.6693C29.6168 23.4141 29.2714 23.0588 29.0234 22.6041C28.7754 22.1493 28.6511 21.6327 28.6511 21.0537C28.6511 20.4752 28.7754 19.9585 29.0234 19.5038C29.2714 19.049 29.6168 18.6937 30.0603 18.438C30.5037 18.1828 31.011 18.0549 31.5823 18.0549C32.8749 18.0549 33.751 18.585 34.2093 19.6445L32.9353 20.2199C32.6424 19.6332 32.1913 19.3403 31.5823 19.3403C31.1466 19.3403 30.7857 19.4981 30.5001 19.8136C30.2144 20.1297 30.0716 20.5427 30.0716 21.0537C30.0716 21.5651 30.2144 21.9787 30.5001 22.2942C30.7857 22.6097 31.1466 22.7675 31.5823 22.7675C32.1913 22.7675 32.6424 22.4747 32.9353 21.8884L34.2093 22.4633C33.751 23.5229 32.8749 24.0529 31.5823 24.0529C31.011 24.0529 30.5037 23.9251 30.0603 23.6693Z" fill="white"></path><path d="M38.727 20.3999C38.6744 20.0694 38.5223 19.7987 38.2707 19.5883C38.0186 19.3779 37.7015 19.2728 37.3179 19.2728C36.9946 19.2728 36.7048 19.3723 36.4496 19.5713C36.1939 19.7708 36.0175 20.0467 35.9196 20.3999H38.727ZM40.1588 21.5048H35.8633C35.9381 21.9333 36.115 22.2586 36.3934 22.4803C36.6713 22.702 37.0095 22.8129 37.4081 22.8129C37.7386 22.8129 38.015 22.7433 38.2367 22.6041C38.4584 22.4649 38.6708 22.253 38.874 21.9673L40.0573 22.6097C39.7716 23.0759 39.4092 23.4327 38.9693 23.6812C38.5295 23.9287 37.983 24.0529 37.3292 24.0529C36.7125 24.0529 36.1846 23.9086 35.7453 23.6188C35.3055 23.3295 34.9765 22.9557 34.7584 22.4968C34.5403 22.0385 34.4315 21.5574 34.4315 21.0537C34.4315 20.5504 34.546 20.0694 34.7754 19.611C35.0044 19.1526 35.3374 18.7783 35.7731 18.4891C36.2088 18.1998 36.7239 18.0549 37.3179 18.0549C37.9191 18.0549 38.4341 18.19 38.8626 18.4607C39.2911 18.7314 39.6139 19.0866 39.832 19.5264C40.0501 19.9657 40.1588 20.4339 40.1588 20.9299V21.5048Z" fill="white"></path><path d="M16.3879 25.558H17.7399L19.2454 29.4977L20.751 25.558H22.1029V31.8684H20.9309V28.0282L19.6873 31.2915H18.8035L17.5599 28.0282V31.8684H16.3879V25.558Z" fill="white"></path><path d="M25.4058 30.7146C25.6131 30.5341 25.7167 30.3119 25.7167 30.0474V29.9216H24.8335C24.5746 29.9216 24.3689 29.971 24.2158 30.07C24.0626 30.169 23.9858 30.3057 23.9858 30.48C23.9858 30.6424 24.0415 30.7671 24.1529 30.8543C24.2637 30.9414 24.4277 30.9847 24.6437 30.9847C24.9443 30.9847 25.1985 30.8945 25.4058 30.7146ZM23.6074 31.7782C23.3671 31.67 23.1748 31.5122 23.0304 31.3049C22.886 31.0976 22.8138 30.8496 22.8138 30.5609C22.8138 30.1046 22.9855 29.7364 23.3279 29.457C23.6703 29.1775 24.1333 29.0378 24.7159 29.0378H25.7167V28.8754C25.7167 28.6413 25.6357 28.4531 25.4733 28.3118C25.3109 28.1711 25.0918 28.1004 24.8154 28.1004C24.5927 28.1004 24.3916 28.1592 24.2111 28.2763C24.0312 28.3933 23.8956 28.5299 23.8059 28.6862L22.9494 28.1726C23.1113 27.8782 23.3516 27.6333 23.6703 27.4379C23.9889 27.2425 24.3705 27.145 24.8154 27.145C25.4522 27.145 25.9482 27.2982 26.3024 27.6044C26.6572 27.9112 26.8345 28.3526 26.8345 28.9295V31.8685H25.9152L25.7621 31.2735C25.6115 31.4776 25.4207 31.6401 25.1892 31.7602C24.9582 31.8803 24.686 31.9401 24.3735 31.9401C24.1029 31.9401 23.8476 31.8865 23.6074 31.7782Z" fill="white"></path><path d="M27.8214 30.3V28.1726H27.1182V27.2167H27.8214V26.4417L28.9393 25.7384V27.2167H30.1381V28.1726H28.9393V30.2458C28.9393 30.6903 29.1166 30.9125 29.4709 30.9125C29.6333 30.9125 29.7895 30.8496 29.9395 30.7233L30.4443 31.5797C30.2881 31.706 30.1169 31.7978 29.9308 31.855C29.7446 31.9117 29.5549 31.9401 29.3626 31.9401C28.3355 31.9401 27.8214 31.3936 27.8214 30.3Z" fill="white"></path><path d="M31.5487 31.6339C31.194 31.4297 30.9176 31.1456 30.7196 30.7821C30.5211 30.4186 30.4221 30.0056 30.4221 29.5426C30.4221 29.0801 30.5211 28.6666 30.7196 28.3031C30.9176 27.9396 31.194 27.6555 31.5487 27.4513C31.9034 27.2471 32.3087 27.145 32.7655 27.145C33.7993 27.145 34.4995 27.5683 34.8661 28.416L33.8473 28.8754C33.6132 28.4067 33.2528 28.1726 32.7655 28.1726C32.417 28.1726 32.1288 28.2989 31.9004 28.5511C31.6719 28.8037 31.558 29.1342 31.558 29.5426C31.558 29.9509 31.6719 30.282 31.9004 30.5341C32.1288 30.7867 32.417 30.9125 32.7655 30.9125C33.2528 30.9125 33.6132 30.6785 33.8473 30.2098L34.8661 30.6697C34.4995 31.5168 33.7993 31.9401 32.7655 31.9401C32.3087 31.9401 31.9034 31.8386 31.5487 31.6339Z" fill="white"></path><path d="M35.3998 25.4863H36.5176V27.9473C36.662 27.707 36.8615 27.5132 37.1167 27.3657C37.3725 27.2188 37.6592 27.145 37.9778 27.145C38.4702 27.145 38.8579 27.2909 39.1405 27.5823C39.423 27.8736 39.5643 28.2804 39.5643 28.8037V31.8685H38.4465V29.0285C38.4465 28.7522 38.3758 28.5408 38.2346 28.3933C38.0933 28.2458 37.8907 28.1726 37.6262 28.1726C37.3199 28.1726 37.0585 28.3093 36.8419 28.5825C36.6254 28.8558 36.5176 29.275 36.5176 29.8401V31.8685H35.3998V25.4863Z" fill="white"></path></svg><p class="styled__StyledBodyText-sc-119w3hf-5 ggtTyf styled__DarkGreyBodyText-jk5kya-0 iwRWTH">Aldi Price Match</p></div></div></div></div><div class="styles__StyledBuyBoxWrapper-dvv1wj-4 dSvjUC"><div class="styles__StyledBuyBoxContainer-sc-1wx0qp6-0 erryje" data-auto="buybox-container"><div class="styles__SafeFormWrapper-jtpu2t-0 lcrYKS"><form action="https://www.tesco.com/groceries/en-GB/trolley/items/299424801?_method=PUT" method="POST"><input type="submit" class="hidden"><input name="id" type="hidden" value="299424801"><input name="identifier" type="hidden" value="Page"><input name="anchorId" type="hidden" value="#tile-299424801"><input name="returnUrl" type="hidden" value="/groceries/en-GB/shop/frozen-food/all?redirectIfUnavailable=true#tile-299424801"><input name="backToUrl" type="hidden" value="#"><input name="oldValue" type="hidden" value="0"><input name="oldUnitChoice" type="hidden" value="pcs"><input name="newUnitChoice" type="hidden" value="pcs"><div class="base-components__RootElement-sc-1mosoyj-1 styled__Container-sc-6nhkzi-0 jptQqM hSNpTb beans-buybox__container"><div class="base-components__BaseElement-sc-1mosoyj-0 styled__PriceAndActions-sc-6nhkzi-3 oznwo eEPLov beans-buybox__price-and-actions"><div class="base-components__RootElement-sc-1mosoyj-1 styled__Container-sc-8qlq5b-0 jptQqM bgZrjw styled__StyledPrice-sc-6nhkzi-5 iYHeik beans-buybox__price beans-price__container"><p class="styled__StyledHeading-sc-119w3hf-2 jWPEtj styled__Text-sc-8qlq5b-1 lnaeiZ beans-price__text">£0.79</p><p class="styled__StyledFootnote-sc-119w3hf-7 icrlVF styled__Subtext-sc-8qlq5b-2 bNJmdc beans-price__subtext">£0.23/100g</p></div><div class="base-components__RootElement-sc-1mosoyj-1 styled__Container-vtxwzb-0 jptQqM bDFhXJ beans-buybox__actions beans-quantity-controls__container"><div class="base-components__RootElement-sc-1mosoyj-1 styled__Container-sc-16t2b2a-0 jptQqM PUfgZ styled__StyledFormGroup-vtxwzb-1 kzKuAr beans-quantity-controls__form-group beans-form-group__container"><label class="styled__StyledLabel-sc-1ttuvhr-0 izGEjV beans-form-group__label beans-label" for="quantity-controls-299424801">Quantity controls </label><div class="base-components__BaseElement-sc-1mosoyj-0 styled__Children-sc-16t2b2a-3 oznwo gdJvjO beans-form-group__children"><div class="styled__StyledQuantityControlWrapper-vtxwzb-6 LCxOg"><label id="quantity-controls-299424801-label" class="styled__VisuallyHiddenLabel-vtxwzb-7 gXlLiM">Quantity of Hearty Food Co. 2 Garlic Baguettes 338G</label><div class="component__Wrapper-sc-1kpmik-3 dReplG input-wrapper"><input class="base-components__RootElement-sc-1mosoyj-1 styled__StyledInput-sc-1jd5f57-0 component__StyledAsInput-sc-1kpmik-4 jptQqM eJLlow styled__StyledInput-vtxwzb-3 lwMHo beans-quantity-controls__input beans-input" data-auto="beans-quantity-controls-input" autocomplete="off" id="quantity-controls-299424801" maxlength="2" name="newValue" type="number" aria-labelledby="quantity-controls-299424801-label" value="1"></div></div><button class="styled__BaseButton-rsekm1-0 styled__PrimaryButton-rsekm1-2 jChbeY geeWOF styled__StyledButton-vtxwzb-5 japAxb beans-quantity-controls__add-button beans-button__container" type="submit" data-auto="beans-quantity-controls-add-button" aria-label="Quantity of Hearty Food Co. 2 Garlic Baguettes 338G"><span class="base-components__BaseElement-sc-1mosoyj-0 styled__InnerContainer-rsekm1-1 oznwo fuFres beans-button__inner-container"><span class="base-components__BaseElement-sc-1mosoyj-0 styled__TextSpan-rsekm1-4 oznwo GDiMp beans-button__text">Add</span></span></button></div></div></div></div></div><input name="_csrf" type="hidden" value="0WbpBJF9-cS-fAMl-ByHnl5hECj1JaZiBQ20"></form></div></div></div></div><div class="hidden-medium product-info-section-small"><div class="product-info-message-list"><div class="styled__WhiteBackground-sc-9yzfq2-1 jthPIJ"><svg width="56" height="56" viewBox="0 0 56 56" fill="none" xmlns="http://www.w3.org/2000/svg"><path d="M52.1301 27.8766C52.1301 14.5534 41.3293 3.75308 28.0066 3.75308C14.6834 3.75308 3.88306 14.5534 3.88306 27.8766C3.88306 41.1998 14.6834 52.0002 28.0066 52.0002C41.3293 52.0002 52.1301 41.1998 52.1301 27.8766Z" fill="#EE1C2E"></path><path d="M19.6853 36.5687L31.8169 48.6998L52.6633 27.8998L51.9894 23.0423L31.886 43.1452L22.5438 33.803L19.6853 36.5687Z" fill="white"></path><path d="M24.2699 12.0048L23.5594 9.93467L22.8484 12.0048H24.2699ZM24.6345 13.0711H22.4844L21.9776 14.5375H20.7515L22.9815 8.31722H24.1369L26.3669 14.5375H25.1408L24.6345 13.0711Z" fill="white"></path><path d="M27.8359 14.5375H26.734V8.24609H27.8359V14.5375Z" fill="white"></path><path d="M31.5684 13.2309C31.7849 12.9886 31.8927 12.6597 31.8927 12.2446C31.8927 11.8306 31.7849 11.5016 31.5684 11.2588C31.3524 11.0159 31.0811 10.8942 30.7558 10.8942C30.4299 10.8942 30.1587 11.0159 29.9427 11.2588C29.7267 11.5016 29.6184 11.8306 29.6184 12.2446C29.6184 12.6597 29.7267 12.9886 29.9427 13.2309C30.1587 13.4738 30.4299 13.5955 30.7558 13.5955C31.0811 13.5955 31.3524 13.4738 31.5684 13.2309ZM29.4673 14.3065C29.159 14.1049 28.9177 13.8234 28.7429 13.4619C28.5681 13.101 28.481 12.6952 28.481 12.2446C28.481 11.7888 28.5655 11.3815 28.7341 11.0231C28.9032 10.6648 29.1384 10.3848 29.4405 10.1837C29.7426 9.98212 30.0891 9.88158 30.48 9.88158C30.7883 9.88158 31.0579 9.93624 31.2889 10.0455C31.5199 10.1554 31.6978 10.3106 31.8221 10.5122V8.24609H32.9239V14.5375H31.8221V13.9863C31.6916 14.1704 31.5137 14.3194 31.2889 14.4349C31.0636 14.5504 30.797 14.6086 30.4892 14.6086C30.1159 14.6086 29.7751 14.5076 29.4673 14.3065Z" fill="white"></path><path d="M34.9657 14.5375H33.8638V9.95224H34.9657V14.5375ZM33.9082 8.34408C34.0443 8.20796 34.2129 8.1399 34.4145 8.1399C34.6161 8.1399 34.7847 8.20796 34.9208 8.34408C35.0574 8.48071 35.1255 8.64931 35.1255 8.8504C35.1255 9.052 35.0574 9.22112 34.9208 9.35724C34.7847 9.49336 34.6161 9.56142 34.4145 9.56142C34.2129 9.56142 34.0443 9.49336 33.9082 9.35724C33.7715 9.22112 33.704 9.052 33.704 8.8504C33.704 8.64931 33.7715 8.48071 33.9082 8.34408Z" fill="white"></path><path d="M19.6791 19.3347C19.8894 19.1506 19.9946 18.8779 19.9946 18.5169C19.9946 18.1565 19.8894 17.8838 19.6791 17.6997C19.4682 17.5156 19.183 17.4233 18.8221 17.4233H17.5027V19.6111H18.8221C19.183 19.6111 19.4682 19.5188 19.6791 19.3347ZM17.5027 23.9628H16.0374V16.0704H18.9345C19.461 16.0704 19.9157 16.1776 20.2988 16.3921C20.6824 16.6061 20.9753 16.8995 21.1784 17.2712C21.3816 17.6435 21.4826 18.0586 21.4826 18.5169C21.4826 18.9758 21.3816 19.3909 21.1784 19.7632C20.9753 20.1354 20.6824 20.4283 20.2988 20.6423C19.9157 20.8568 19.461 20.9635 18.9345 20.9635H17.5027V23.9628Z" fill="white"></path><path d="M22.0396 18.1451H23.4379V19.0248C23.6029 18.7087 23.8359 18.4684 24.1365 18.3029C24.4376 18.1374 24.7717 18.0549 25.1404 18.0549C25.5235 18.0549 25.8241 18.1415 26.0422 18.3143L25.5689 19.4981C25.3729 19.3929 25.1662 19.3403 24.9486 19.3403C24.5124 19.3403 24.152 19.528 23.8663 19.9039C23.5802 20.2797 23.4379 20.8582 23.4379 21.6404V23.9627H22.0396V18.1451Z" fill="white"></path><path d="M27.8879 23.9627H26.4896V18.1451H27.8879V23.9627ZM26.5458 16.1044C26.7191 15.9316 26.933 15.845 27.1888 15.845C27.444 15.845 27.658 15.9316 27.8312 16.1044C28.0039 16.2771 28.0906 16.4916 28.0906 16.7468C28.0906 17.0026 28.0039 17.217 27.8312 17.3898C27.658 17.5625 27.444 17.6491 27.1888 17.6491C26.933 17.6491 26.7191 17.5625 26.5458 17.3898C26.3731 17.217 26.287 17.0026 26.287 16.7468C26.287 16.4916 26.3731 16.2771 26.5458 16.1044Z" fill="white"></path><path d="M30.0603 23.6693C29.6168 23.4141 29.2714 23.0588 29.0234 22.6041C28.7754 22.1493 28.6511 21.6327 28.6511 21.0537C28.6511 20.4752 28.7754 19.9585 29.0234 19.5038C29.2714 19.049 29.6168 18.6937 30.0603 18.438C30.5037 18.1828 31.011 18.0549 31.5823 18.0549C32.8749 18.0549 33.751 18.585 34.2093 19.6445L32.9353 20.2199C32.6424 19.6332 32.1913 19.3403 31.5823 19.3403C31.1466 19.3403 30.7857 19.4981 30.5001 19.8136C30.2144 20.1297 30.0716 20.5427 30.0716 21.0537C30.0716 21.5651 30.2144 21.9787 30.5001 22.2942C30.7857 22.6097 31.1466 22.7675 31.5823 22.7675C32.1913 22.7675 32.6424 22.4747 32.9353 21.8884L34.2093 22.4633C33.751 23.5229 32.8749 24.0529 31.5823 24.0529C31.011 24.0529 30.5037 23.9251 30.0603 23.6693Z" fill="white"></path><path d="M38.727 20.3999C38.6744 20.0694 38.5223 19.7987 38.2707 19.5883C38.0186 19.3779 37.7015 19.2728 37.3179 19.2728C36.9946 19.2728 36.7048 19.3723 36.4496 19.5713C36.1939 19.7708 36.0175 20.0467 35.9196 20.3999H38.727ZM40.1588 21.5048H35.8633C35.9381 21.9333 36.115 22.2586 36.3934 22.4803C36.6713 22.702 37.0095 22.8129 37.4081 22.8129C37.7386 22.8129 38.015 22.7433 38.2367 22.6041C38.4584 22.4649 38.6708 22.253 38.874 21.9673L40.0573 22.6097C39.7716 23.0759 39.4092 23.4327 38.9693 23.6812C38.5295 23.9287 37.983 24.0529 37.3292 24.0529C36.7125 24.0529 36.1846 23.9086 35.7453 23.6188C35.3055 23.3295 34.9765 22.9557 34.7584 22.4968C34.5403 22.0385 34.4315 21.5574 34.4315 21.0537C34.4315 20.5504 34.546 20.0694 34.7754 19.611C35.0044 19.1526 35.3374 18.7783 35.7731 18.4891C36.2088 18.1998 36.7239 18.0549 37.3179 18.0549C37.9191 18.0549 38.4341 18.19 38.8626 18.4607C39.2911 18.7314 39.6139 19.0866 39.832 19.5264C40.0501 19.9657 40.1588 20.4339 40.1588 20.9299V21.5048Z" fill="white"></path><path d="M16.3879 25.558H17.7399L19.2454 29.4977L20.751 25.558H22.1029V31.8684H20.9309V28.0282L19.6873 31.2915H18.8035L17.5599 28.0282V31.8684H16.3879V25.558Z" fill="white"></path><path d="M25.4058 30.7146C25.6131 30.5341 25.7167 30.3119 25.7167 30.0474V29.9216H24.8335C24.5746 29.9216 24.3689 29.971 24.2158 30.07C24.0626 30.169 23.9858 30.3057 23.9858 30.48C23.9858 30.6424 24.0415 30.7671 24.1529 30.8543C24.2637 30.9414 24.4277 30.9847 24.6437 30.9847C24.9443 30.9847 25.1985 30.8945 25.4058 30.7146ZM23.6074 31.7782C23.3671 31.67 23.1748 31.5122 23.0304 31.3049C22.886 31.0976 22.8138 30.8496 22.8138 30.5609C22.8138 30.1046 22.9855 29.7364 23.3279 29.457C23.6703 29.1775 24.1333 29.0378 24.7159 29.0378H25.7167V28.8754C25.7167 28.6413 25.6357 28.4531 25.4733 28.3118C25.3109 28.1711 25.0918 28.1004 24.8154 28.1004C24.5927 28.1004 24.3916 28.1592 24.2111 28.2763C24.0312 28.3933 23.8956 28.5299 23.8059 28.6862L22.9494 28.1726C23.1113 27.8782 23.3516 27.6333 23.6703 27.4379C23.9889 27.2425 24.3705 27.145 24.8154 27.145C25.4522 27.145 25.9482 27.2982 26.3024 27.6044C26.6572 27.9112 26.8345 28.3526 26.8345 28.9295V31.8685H25.9152L25.7621 31.2735C25.6115 31.4776 25.4207 31.6401 25.1892 31.7602C24.9582 31.8803 24.686 31.9401 24.3735 31.9401C24.1029 31.9401 23.8476 31.8865 23.6074 31.7782Z" fill="white"></path><path d="M27.8214 30.3V28.1726H27.1182V27.2167H27.8214V26.4417L28.9393 25.7384V27.2167H30.1381V28.1726H28.9393V30.2458C28.9393 30.6903 29.1166 30.9125 29.4709 30.9125C29.6333 30.9125 29.7895 30.8496 29.9395 30.7233L30.4443 31.5797C30.2881 31.706 30.1169 31.7978 29.9308 31.855C29.7446 31.9117 29.5549 31.9401 29.3626 31.9401C28.3355 31.9401 27.8214 31.3936 27.8214 30.3Z" fill="white"></path><path d="M31.5487 31.6339C31.194 31.4297 30.9176 31.1456 30.7196 30.7821C30.5211 30.4186 30.4221 30.0056 30.4221 29.5426C30.4221 29.0801 30.5211 28.6666 30.7196 28.3031C30.9176 27.9396 31.194 27.6555 31.5487 27.4513C31.9034 27.2471 32.3087 27.145 32.7655 27.145C33.7993 27.145 34.4995 27.5683 34.8661 28.416L33.8473 28.8754C33.6132 28.4067 33.2528 28.1726 32.7655 28.1726C32.417 28.1726 32.1288 28.2989 31.9004 28.5511C31.6719 28.8037 31.558 29.1342 31.558 29.5426C31.558 29.9509 31.6719 30.282 31.9004 30.5341C32.1288 30.7867 32.417 30.9125 32.7655 30.9125C33.2528 30.9125 33.6132 30.6785 33.8473 30.2098L34.8661 30.6697C34.4995 31.5168 33.7993 31.9401 32.7655 31.9401C32.3087 31.9401 31.9034 31.8386 31.5487 31.6339Z" fill="white"></path><path d="M35.3998 25.4863H36.5176V27.9473C36.662 27.707 36.8615 27.5132 37.1167 27.3657C37.3725 27.2188 37.6592 27.145 37.9778 27.145C38.4702 27.145 38.8579 27.2909 39.1405 27.5823C39.423 27.8736 39.5643 28.2804 39.5643 28.8037V31.8685H38.4465V29.0285C38.4465 28.7522 38.3758 28.5408 38.2346 28.3933C38.0933 28.2458 37.8907 28.1726 37.6262 28.1726C37.3199 28.1726 37.0585 28.3093 36.8419 28.5825C36.6254 28.8558 36.5176 29.275 36.5176 29.8401V31.8685H35.3998V25.4863Z" fill="white"></path></svg><p class="styled__StyledBodyText-sc-119w3hf-5 ggtTyf styled__DarkGreyBodyText-jk5kya-0 iwRWTH">Aldi Price Match</p></div></div></div></div></div></div></div></li><li class="product-list--list-item"><div class="styles__StyledVerticalTileWrapper-dvv1wj-0 dtCNPH"><div data-auto="product-tile" data-auto-type="Quantity" data-auto-available="false" data-auto-is-restricted-disabled="false" data-auto-is-substitute="false" class="styles__StyledVerticalTile-dvv1wj-1 hdMvIX"><div class="styles__StyledTileContentWrapper-dvv1wj-2 bkNhNP beans"><div id="tile-282489813" data-auto-id="282489813" class="styles__StyledTiledContent-dvv1wj-3 bcglTg"><a href="https://www.tesco.com/groceries/en-GB/products/282489813" aria-hidden="true" class="product-image-wrapper" tabindex="1"><div class="product-image__container"><picture><img class="styled__Image-sjvkdn-0 bJErKA product-image grayscale beans-responsive-image__image" src="data:image/gif;base64,R0lGODlhAQABAAAAACH5BAEKAAEALAAAAAABAAEAAAICTAEAOw==" srcset="https://digitalcontent.api.tesco.com/v2/media/ghs/d4783373-f831-4e3e-bf33-3fbe03fbe9fd/674abd87-310f-4bea-9fc0-2b496ae2488c.jpeg?h=225&amp;w=225 768w, data:image/gif;base64,R0lGODlhAQABAAAAACH5BAEKAAEALAAAAAABAAEAAAICTAEAOw== 4000w" alt="Tesco Fine Whole Green Beans 900G"></picture></div></a><div class="product-details--wrapper"><h3 class="styles__H3-oa5soe-0 bCKNNq"><a href="https://www.tesco.com/groceries/en-GB/products/282489813" class="styled__Anchor-sc-1xbujuz-0 csVOnh beans-link__anchor" data-auto="product-tile--title"><span class="styled__Text-sc-1xbujuz-1 ldbwMG beans-link__text">Tesco Fine Whole Green Beans 900G</span></a></h3><div class="styles__StyledPromotionsAboveMobile-dvv1wj-7 iPTMuo"></div><div class="styles__StyledProductDetailsContent-dvv1wj-5 ddRSrq"><a href="https://www.tesco.com/groceries/en-GB/reviews/submission/282489813?from=%2Fshop%2Ffrozen-food%2Fall" aria-label="Write a review for Tesco Fine Whole Green Beans 900G" class="styled__Anchor-sc-1xbujuz-0 jSzuDt write-a-review-link beans-link__anchor" data-auto="review-link"><span class="styled__Text-sc-1xbujuz-1 fyDIEo beans-link__text">Write a review</span><span class="styled__IconContainer-sc-1xbujuz-2 bSauSL beans-link__icon-container"><svg aria-hidden="true" class="styled__SVG-xxa4wh-1 hQMCqc beans-link__icon beans-icon__svg" height="13.33" preserveAspectRatio="xMinYMax meet" viewBox="-1 0 12 20" width="8" xmlns="http://www.w3.org/2000/svg" color="currentColor"><path d="M1.312 1.348L10.276 10l-8.964 8.644" fill="none" stroke="currentColor"></path></svg></span></a><div class="product-info-message-section"><div class="product-info-message-list"><ul><li><div data-auto="info-message" class="product-info-message with-warning-background unavailable-messages"><p>This product's currently out of stock</p></div></li></ul></div></div></div><div class="styles__StyledRestOfShelfButton-sc-1zolry-0 jqKCro"><a href="https://www.tesco.com/shop/frozen-food/frozen-vegetables-and-herbs/frozen-vegetables/frozen-beans" class="styles__StyledRestOfShelfLink-sc-1zolry-1 klfAZc rest-of-shelf"><a class="styled__Anchor-sc-16kp6v-0 cOTsfM styled__StyledLink-ey2bia-0 dHydHk beans-link__anchor"><span class="styled__Text-sc-16kp6v-1 iOdjfG beans-link__text">Rest of <span class="visually-hidden">Frozen Beans</span> shelf</span><span class="styled__IconContainer-sc-16kp6v-2 WcbZx beans-link__icon-container"><svg aria-hidden="true" class="styled__SVG-xxa4wh-1 hQMCqc beans-link__icon beans-icon__svg" height="20" preserveAspectRatio="xMinYMax meet" viewBox="-1 0 12 20" width="12" xmlns="http://www.w3.org/2000/svg" color="currentColor"><path d="M1.312 1.348L10.276 10l-8.964 8.644" fill="none" stroke="currentColor"></path></svg></span></a></a></div></div><div class="hidden-medium product-info-section-small"><div class="product-info-message-list"><ul><li><div data-auto="info-message" class="product-info-message with-warning-background unavailable-messages"><p>This product's currently out of stock</p></div></li></ul></div></div></div></div></div></div></li><li class="product-list--list-item"><div class="styles__StyledVerticalTileWrapper-dvv1wj-0 dtCNPH"><div data-auto="product-tile" data-auto-type="Quantity" data-auto-available="true" data-auto-is-restricted-disabled="false" data-auto-is-substitute="false" class="styles__StyledVerticalTile-dvv1wj-1 gSCsYK"><div class="styles__StyledTileContentWrapper-dvv1wj-2 bkNhNP beans"><div id="tile-264226012" data-auto-id="264226012" class="styles__StyledTiledContent-dvv1wj-3 bcglTg"><a href="https://www.tesco.com/groceries/en-GB/products/264226012" aria-hidden="true" class="product-image-wrapper" tabindex="1"><div class="product-image__container"><picture><img class="styled__Image-sjvkdn-0 bJErKA product-image beans-responsive-image__image" src="data:image/gif;base64,R0lGODlhAQABAAAAACH5BAEKAAEALAAAAAABAAEAAAICTAEAOw==" srcset="https://digitalcontent.api.tesco.com/v2/media/ghs/e4d38def-5dd3-4b72-ac9c-5ac8188faeae/c1c74372-a479-48b4-921f-1a1823cc239a.jpeg?h=225&amp;w=225 768w, data:image/gif;base64,R0lGODlhAQABAAAAACH5BAEKAAEALAAAAAABAAEAAAICTAEAOw== 4000w" alt="Tesco Mixed Vegetables 1Kg"></picture></div></a><div class="product-details--wrapper"><h3 class="styles__H3-oa5soe-0 bCKNNq"><a href="https://www.tesco.com/groceries/en-GB/products/264226012" class="styled__Anchor-sc-1xbujuz-0 csVOnh beans-link__anchor" data-auto="product-tile--title"><span class="styled__Text-sc-1xbujuz-1 ldbwMG beans-link__text">Tesco Mixed Vegetables 1Kg</span></a></h3><div class="styles__StyledPromotionsAboveMobile-dvv1wj-7 iPTMuo"></div><div class="styles__StyledProductDetailsContent-dvv1wj-5 ddRSrq"><a href="https://www.tesco.com/groceries/en-GB/reviews/submission/264226012?from=%2Fshop%2Ffrozen-food%2Fall" aria-label="Write a review for Tesco Mixed Vegetables 1Kg" class="styled__Anchor-sc-1xbujuz-0 jSzuDt write-a-review-link beans-link__anchor" data-auto="review-link"><span class="styled__Text-sc-1xbujuz-1 fyDIEo beans-link__text">Write a review</span><span class="styled__IconContainer-sc-1xbujuz-2 bSauSL beans-link__icon-container"><svg aria-hidden="true" class="styled__SVG-xxa4wh-1 hQMCqc beans-link__icon beans-icon__svg" height="13.33" preserveAspectRatio="xMinYMax meet" viewBox="-1 0 12 20" width="8" xmlns="http://www.w3.org/2000/svg" color="currentColor"><path d="M1.312 1.348L10.276 10l-8.964 8.644" fill="none" stroke="currentColor"></path></svg></span></a><div><a href="https://www.tesco.com/groceries/en-GB/shop/frozen-food/frozen-vegetables-and-herbs/frozen-vegetables/frozen-mixed-vegetables" class="styled__Anchor-sc-1xbujuz-0 jSzuDt rest-of-shelf-link beans-link__anchor" data-auto="rest-of-shelf-link"><span class="styled__Text-sc-1xbujuz-1 fyDIEo beans-link__text">Rest of <span class="visually-hidden">Frozen Mixed Vegetables</span> shelf</span><span class="styled__IconContainer-sc-1xbujuz-2 bSauSL beans-link__icon-container"><svg aria-hidden="true" class="styled__SVG-xxa4wh-1 hQMCqc beans-link__icon beans-icon__svg" height="13.33" preserveAspectRatio="xMinYMax meet" viewBox="-1 0 12 20" width="8" xmlns="http://www.w3.org/2000/svg" color="currentColor"><path d="M1.312 1.348L10.276 10l-8.964 8.644" fill="none" stroke="currentColor"></path></svg></span></a></div><div class="product-info-message-section"><div class="product-info-message-list"></div></div></div><div class="styles__StyledBuyBoxWrapper-dvv1wj-4 dSvjUC"><div class="styles__StyledBuyBoxContainer-sc-1wx0qp6-0 erryje" data-auto="buybox-container"><div class="styles__SafeFormWrapper-jtpu2t-0 lcrYKS"><form action="https://www.tesco.com/groceries/en-GB/trolley/items/264226012?_method=PUT" method="POST"><input type="submit" class="hidden"><input name="id" type="hidden" value="264226012"><input name="identifier" type="hidden" value="Page"><input name="anchorId" type="hidden" value="#tile-264226012"><input name="returnUrl" type="hidden" value="/groceries/en-GB/shop/frozen-food/all?redirectIfUnavailable=true#tile-264226012"><input name="backToUrl" type="hidden" value="#"><input name="oldValue" type="hidden" value="0"><input name="oldUnitChoice" type="hidden" value="pcs"><input name="newUnitChoice" type="hidden" value="pcs"><div class="base-components__RootElement-sc-1mosoyj-1 styled__Container-sc-6nhkzi-0 jptQqM hSNpTb beans-buybox__container"><div class="base-components__BaseElement-sc-1mosoyj-0 styled__PriceAndActions-sc-6nhkzi-3 oznwo eEPLov beans-buybox__price-and-actions"><div class="base-components__RootElement-sc-1mosoyj-1 styled__Container-sc-8qlq5b-0 jptQqM bgZrjw styled__StyledPrice-sc-6nhkzi-5 iYHeik beans-buybox__price beans-price__container"><p class="styled__StyledHeading-sc-119w3hf-2 jWPEtj styled__Text-sc-8qlq5b-1 lnaeiZ beans-price__text">£1.00</p><p class="styled__StyledFootnote-sc-119w3hf-7 icrlVF styled__Subtext-sc-8qlq5b-2 bNJmdc beans-price__subtext">£1.00/kg</p></div><div class="base-components__RootElement-sc-1mosoyj-1 styled__Container-vtxwzb-0 jptQqM bDFhXJ beans-buybox__actions beans-quantity-controls__container"><div class="base-components__RootElement-sc-1mosoyj-1 styled__Container-sc-16t2b2a-0 jptQqM PUfgZ styled__StyledFormGroup-vtxwzb-1 kzKuAr beans-quantity-controls__form-group beans-form-group__container"><label class="styled__StyledLabel-sc-1ttuvhr-0 izGEjV beans-form-group__label beans-label" for="quantity-controls-264226012">Quantity controls </label><div class="base-components__BaseElement-sc-1mosoyj-0 styled__Children-sc-16t2b2a-3 oznwo gdJvjO beans-form-group__children"><div class="styled__StyledQuantityControlWrapper-vtxwzb-6 LCxOg"><label id="quantity-controls-264226012-label" class="styled__VisuallyHiddenLabel-vtxwzb-7 gXlLiM">Quantity of Tesco Mixed Vegetables 1Kg</label><div class="component__Wrapper-sc-1kpmik-3 dReplG input-wrapper"><input class="base-components__RootElement-sc-1mosoyj-1 styled__StyledInput-sc-1jd5f57-0 component__StyledAsInput-sc-1kpmik-4 jptQqM eJLlow styled__StyledInput-vtxwzb-3 lwMHo beans-quantity-controls__input beans-input" data-auto="beans-quantity-controls-input" autocomplete="off" id="quantity-controls-264226012" maxlength="2" name="newValue" type="number" aria-labelledby="quantity-controls-264226012-label" value="1"></div></div><button class="styled__BaseButton-rsekm1-0 styled__PrimaryButton-rsekm1-2 jChbeY geeWOF styled__StyledButton-vtxwzb-5 japAxb beans-quantity-controls__add-button beans-button__container" type="submit" data-auto="beans-quantity-controls-add-button" aria-label="Quantity of Tesco Mixed Vegetables 1Kg"><span class="base-components__BaseElement-sc-1mosoyj-0 styled__InnerContainer-rsekm1-1 oznwo fuFres beans-button__inner-container"><span class="base-components__BaseElement-sc-1mosoyj-0 styled__TextSpan-rsekm1-4 oznwo GDiMp beans-button__text">Add</span></span></button></div></div></div></div></div><input name="_csrf" type="hidden" value="0WbpBJF9-cS-fAMl-ByHnl5hECj1JaZiBQ20"></form></div></div></div></div><div class="hidden-medium product-info-section-small"><div class="product-info-message-list"></div></div></div></div></div></div></li><li class="product-list--list-item"><div class="styles__StyledVerticalTileWrapper-dvv1wj-0 dtCNPH"><div data-auto="product-tile" data-auto-type="Quantity" data-auto-available="true" data-auto-is-restricted-disabled="false" data-auto-is-substitute="false" class="styles__StyledVerticalTile-dvv1wj-1 gSCsYK"><div class="styles__StyledTileContentWrapper-dvv1wj-2 bkNhNP beans"><div id="tile-250172580" data-auto-id="250172580" class="styles__StyledTiledContent-dvv1wj-3 bcglTg"><a href="https://www.tesco.com/groceries/en-GB/products/250172580" aria-hidden="true" class="product-image-wrapper" tabindex="1"><div class="product-image__container"><picture><img class="styled__Image-sjvkdn-0 bJErKA product-image beans-responsive-image__image" src="data:image/gif;base64,R0lGODlhAQABAAAAACH5BAEKAAEALAAAAAABAAEAAAICTAEAOw==" srcset="https://digitalcontent.api.tesco.com/v2/media/ghs/ca186f16-e4bd-4e2b-b8c0-14af43f02b92/3d67f1d7-270d-47d2-a762-6ffa66c01e53.jpeg?h=225&amp;w=225 768w, data:image/gif;base64,R0lGODlhAQABAAAAACH5BAEKAAEALAAAAAABAAEAAAICTAEAOw== 4000w" alt="Tesco Garden Peas 1Kg"></picture></div></a><div class="product-details--wrapper"><h3 class="styles__H3-oa5soe-0 bCKNNq"><a href="https://www.tesco.com/groceries/en-GB/products/250172580" class="styled__Anchor-sc-1xbujuz-0 csVOnh beans-link__anchor" data-auto="product-tile--title"><span class="styled__Text-sc-1xbujuz-1 ldbwMG beans-link__text">Tesco Garden Peas 1Kg</span></a></h3><div class="styles__StyledPromotionsAboveMobile-dvv1wj-7 iPTMuo"></div><div class="styles__StyledProductDetailsContent-dvv1wj-5 ddRSrq"><a href="https://www.tesco.com/groceries/en-GB/reviews/submission/250172580?from=%2Fshop%2Ffrozen-food%2Fall" aria-label="Write a review for Tesco Garden Peas 1Kg" class="styled__Anchor-sc-1xbujuz-0 jSzuDt write-a-review-link beans-link__anchor" data-auto="review-link"><span class="styled__Text-sc-1xbujuz-1 fyDIEo beans-link__text">Write a review</span><span class="styled__IconContainer-sc-1xbujuz-2 bSauSL beans-link__icon-container"><svg aria-hidden="true" class="styled__SVG-xxa4wh-1 hQMCqc beans-link__icon beans-icon__svg" height="13.33" preserveAspectRatio="xMinYMax meet" viewBox="-1 0 12 20" width="8" xmlns="http://www.w3.org/2000/svg" color="currentColor"><path d="M1.312 1.348L10.276 10l-8.964 8.644" fill="none" stroke="currentColor"></path></svg></span></a><div><a href="https://www.tesco.com/groceries/en-GB/shop/frozen-food/frozen-vegetables-and-herbs/frozen-peas/frozen-garden-peas" class="styled__Anchor-sc-1xbujuz-0 jSzuDt rest-of-shelf-link beans-link__anchor" data-auto="rest-of-shelf-link"><span class="styled__Text-sc-1xbujuz-1 fyDIEo beans-link__text">Rest of <span class="visually-hidden">Frozen Garden Peas</span> shelf</span><span class="styled__IconContainer-sc-1xbujuz-2 bSauSL beans-link__icon-container"><svg aria-hidden="true" class="styled__SVG-xxa4wh-1 hQMCqc beans-link__icon beans-icon__svg" height="13.33" preserveAspectRatio="xMinYMax meet" viewBox="-1 0 12 20" width="8" xmlns="http://www.w3.org/2000/svg" color="currentColor"><path d="M1.312 1.348L10.276 10l-8.964 8.644" fill="none" stroke="currentColor"></path></svg></span></a></div><div class="product-info-message-section"><div class="product-info-message-list"></div></div></div><div class="styles__StyledBuyBoxWrapper-dvv1wj-4 dSvjUC"><div class="styles__StyledBuyBoxContainer-sc-1wx0qp6-0 erryje" data-auto="buybox-container"><div class="styles__SafeFormWrapper-jtpu2t-0 lcrYKS"><form action="https://www.tesco.com/groceries/en-GB/trolley/items/250172580?_method=PUT" method="POST"><input type="submit" class="hidden"><input name="id" type="hidden" value="250172580"><input name="identifier" type="hidden" value="Page"><input name="anchorId" type="hidden" value="#tile-250172580"><input name="returnUrl" type="hidden" value="/groceries/en-GB/shop/frozen-food/all?redirectIfUnavailable=true#tile-250172580"><input name="backToUrl" type="hidden" value="#"><input name="oldValue" type="hidden" value="0"><input name="oldUnitChoice" type="hidden" value="pcs"><input name="newUnitChoice" type="hidden" value="pcs"><div class="base-components__RootElement-sc-1mosoyj-1 styled__Container-sc-6nhkzi-0 jptQqM hSNpTb beans-buybox__container"><div class="base-components__BaseElement-sc-1mosoyj-0 styled__PriceAndActions-sc-6nhkzi-3 oznwo eEPLov beans-buybox__price-and-actions"><div class="base-components__RootElement-sc-1mosoyj-1 styled__Container-sc-8qlq5b-0 jptQqM bgZrjw styled__StyledPrice-sc-6nhkzi-5 iYHeik beans-buybox__price beans-price__container"><p class="styled__StyledHeading-sc-119w3hf-2 jWPEtj styled__Text-sc-8qlq5b-1 lnaeiZ beans-price__text">£1.25</p><p class="styled__StyledFootnote-sc-119w3hf-7 icrlVF styled__Subtext-sc-8qlq5b-2 bNJmdc beans-price__subtext">£1.25/kg</p></div><div class="base-components__RootElement-sc-1mosoyj-1 styled__Container-vtxwzb-0 jptQqM bDFhXJ beans-buybox__actions beans-quantity-controls__container"><div class="base-components__RootElement-sc-1mosoyj-1 styled__Container-sc-16t2b2a-0 jptQqM PUfgZ styled__StyledFormGroup-vtxwzb-1 kzKuAr beans-quantity-controls__form-group beans-form-group__container"><label class="styled__StyledLabel-sc-1ttuvhr-0 izGEjV beans-form-group__label beans-label" for="quantity-controls-250172580">Quantity controls </label><div class="base-components__BaseElement-sc-1mosoyj-0 styled__Children-sc-16t2b2a-3 oznwo gdJvjO beans-form-group__children"><div class="styled__StyledQuantityControlWrapper-vtxwzb-6 LCxOg"><label id="quantity-controls-250172580-label" class="styled__VisuallyHiddenLabel-vtxwzb-7 gXlLiM">Quantity of Tesco Garden Peas 1Kg</label><div class="component__Wrapper-sc-1kpmik-3 dReplG input-wrapper"><input class="base-components__RootElement-sc-1mosoyj-1 styled__StyledInput-sc-1jd5f57-0 component__StyledAsInput-sc-1kpmik-4 jptQqM eJLlow styled__StyledInput-vtxwzb-3 lwMHo beans-quantity-controls__input beans-input" data-auto="beans-quantity-controls-input" autocomplete="off" id="quantity-controls-250172580" maxlength="2" name="newValue" type="number" aria-labelledby="quantity-controls-250172580-label" value="1"></div></div><button class="styled__BaseButton-rsekm1-0 styled__PrimaryButton-rsekm1-2 jChbeY geeWOF styled__StyledButton-vtxwzb-5 japAxb beans-quantity-controls__add-button beans-button__container" type="submit" data-auto="beans-quantity-controls-add-button" aria-label="Quantity of Tesco Garden Peas 1Kg"><span class="base-components__BaseElement-sc-1mosoyj-0 styled__InnerContainer-rsekm1-1 oznwo fuFres beans-button__inner-container"><span class="base-components__BaseElement-sc-1mosoyj-0 styled__TextSpan-rsekm1-4 oznwo GDiMp beans-button__text">Add</span></span></button></div></div></div></div></div><input name="_csrf" type="hidden" value="0WbpBJF9-cS-fAMl-ByHnl5hECj1JaZiBQ20"></form></div></div></div></div><div class="hidden-medium product-info-section-small"><div class="product-info-message-list"></div></div></div></div></div></div></li><li class="product-list--list-item"><div class="styles__StyledVerticalTileWrapper-dvv1wj-0 dtCNPH"><div data-auto="product-tile" data-auto-type="Quantity" data-auto-available="false" data-auto-is-restricted-disabled="false" data-auto-is-substitute="false" class="styles__StyledVerticalTile-dvv1wj-1 hdMvIX"><div class="styles__StyledTileContentWrapper-dvv1wj-2 bkNhNP beans"><div id="tile-299539003" data-auto-id="299539003" class="styles__StyledTiledContent-dvv1wj-3 bcglTg"><a href="https://www.tesco.com/groceries/en-GB/products/299539003" aria-hidden="true" class="product-image-wrapper" tabindex="1"><div class="product-image__container"><picture><img class="styled__Image-sjvkdn-0 bJErKA product-image grayscale beans-responsive-image__image" src="data:image/gif;base64,R0lGODlhAQABAAAAACH5BAEKAAEALAAAAAABAAEAAAICTAEAOw==" srcset="https://digitalcontent.api.tesco.com/v2/media/ghs/5657d344-bed5-4e27-8713-d0e9c954c91a/28eeb7d9-76cc-416e-8235-5a713856b3b7.jpeg?h=225&amp;w=225 768w, data:image/gif;base64,R0lGODlhAQABAAAAACH5BAEKAAEALAAAAAABAAEAAAICTAEAOw== 4000w" alt="Hearty Food Co. 15 Yorkshire Puddings 230G"></picture></div></a><div class="product-details--wrapper"><h3 class="styles__H3-oa5soe-0 bCKNNq"><a href="https://www.tesco.com/groceries/en-GB/products/299539003" class="styled__Anchor-sc-1xbujuz-0 csVOnh beans-link__anchor" data-auto="product-tile--title"><span class="styled__Text-sc-1xbujuz-1 ldbwMG beans-link__text">Hearty Food Co. 15 Yorkshire Puddings 230G</span></a></h3><div class="styles__StyledPromotionsAboveMobile-dvv1wj-7 iPTMuo"></div><div class="styles__StyledProductDetailsContent-dvv1wj-5 ddRSrq"><a href="https://www.tesco.com/groceries/en-GB/reviews/submission/299539003?from=%2Fshop%2Ffrozen-food%2Fall" aria-label="Write a review for Hearty Food Co. 15 Yorkshire Puddings 230G" class="styled__Anchor-sc-1xbujuz-0 jSzuDt write-a-review-link beans-link__anchor" data-auto="review-link"><span class="styled__Text-sc-1xbujuz-1 fyDIEo beans-link__text">Write a review</span><span class="styled__IconContainer-sc-1xbujuz-2 bSauSL beans-link__icon-container"><svg aria-hidden="true" class="styled__SVG-xxa4wh-1 hQMCqc beans-link__icon beans-icon__svg" height="13.33" preserveAspectRatio="xMinYMax meet" viewBox="-1 0 12 20" width="8" xmlns="http://www.w3.org/2000/svg" color="currentColor"><path d="M1.312 1.348L10.276 10l-8.964 8.644" fill="none" stroke="currentColor"></path></svg></span></a><div class="product-info-message-section"><div class="product-info-message-list"><ul><li><div data-auto="info-message" class="product-info-message with-warning-background unavailable-messages"><p>This product's currently out of stock</p></div></li></ul></div></div></div><div class="styles__StyledRestOfShelfButton-sc-1zolry-0 jqKCro"><a href="https://www.tesco.com/shop/frozen-food/frozen-yorkshire-puddings-and-stuffing/frozen-yorkshire-puddings/frozen-yorkshire-puddings" class="styles__StyledRestOfShelfLink-sc-1zolry-1 klfAZc rest-of-shelf"><a class="styled__Anchor-sc-16kp6v-0 cOTsfM styled__StyledLink-ey2bia-0 dHydHk beans-link__anchor"><span class="styled__Text-sc-16kp6v-1 iOdjfG beans-link__text">Rest of <span class="visually-hidden">Frozen Yorkshire Puddings</span> shelf</span><span class="styled__IconContainer-sc-16kp6v-2 WcbZx beans-link__icon-container"><svg aria-hidden="true" class="styled__SVG-xxa4wh-1 hQMCqc beans-link__icon beans-icon__svg" height="20" preserveAspectRatio="xMinYMax meet" viewBox="-1 0 12 20" width="12" xmlns="http://www.w3.org/2000/svg" color="currentColor"><path d="M1.312 1.348L10.276 10l-8.964 8.644" fill="none" stroke="currentColor"></path></svg></span></a></a></div></div><div class="hidden-medium product-info-section-small"><div class="product-info-message-list"><ul><li><div data-auto="info-message" class="product-info-message with-warning-background unavailable-messages"><p>This product's currently out of stock</p></div></li></ul></div></div></div></div></div></div></li><li class="product-list--list-item"><div class="styles__StyledVerticalTileWrapper-dvv1wj-0 dtCNPH"><div data-auto="product-tile" data-auto-type="Quantity" data-auto-available="true" data-auto-is-restricted-disabled="false" data-auto-is-substitute="false" class="styles__StyledVerticalTile-dvv1wj-1 gSCsYK"><div class="styles__StyledTileContentWrapper-dvv1wj-2 bkNhNP beans"><div id="tile-299557230" data-auto-id="299557230" class="styles__StyledTiledContent-dvv1wj-3 bcglTg"><a href="https://www.tesco.com/groceries/en-GB/products/299557230" aria-hidden="true" class="product-image-wrapper" tabindex="1"><div class="product-image__container"><picture><img class="styled__Image-sjvkdn-0 bJErKA product-image beans-responsive-image__image" src="data:image/gif;base64,R0lGODlhAQABAAAAACH5BAEKAAEALAAAAAABAAEAAAICTAEAOw==" srcset="https://digitalcontent.api.tesco.com/v2/media/ghs/b5e3c55b-384a-490a-9ef6-d9ca88e1dc82/2896f565-2ab1-4d11-8257-dc634dca39fa.jpeg?h=225&amp;w=225 768w, data:image/gif;base64,R0lGODlhAQABAAAAACH5BAEKAAEALAAAAAABAAEAAAICTAEAOw== 4000w" alt="Hearty Food Thin Cheese &amp; Tomato Pizza 314G"></picture></div></a><div class="product-details--wrapper"><h3 class="styles__H3-oa5soe-0 bCKNNq"><a href="https://www.tesco.com/groceries/en-GB/products/299557230" class="styled__Anchor-sc-1xbujuz-0 csVOnh beans-link__anchor" data-auto="product-tile--title"><span class="styled__Text-sc-1xbujuz-1 ldbwMG beans-link__text">Hearty Food Thin Cheese &amp; Tomato Pizza 314G</span></a></h3><div class="styles__StyledPromotionsAboveMobile-dvv1wj-7 iPTMuo"></div><div class="styles__StyledProductDetailsContent-dvv1wj-5 ddRSrq"><a href="https://www.tesco.com/groceries/en-GB/reviews/submission/299557230?from=%2Fshop%2Ffrozen-food%2Fall" aria-label="Write a review for Hearty Food Thin Cheese &amp; Tomato Pizza 314G" class="styled__Anchor-sc-1xbujuz-0 jSzuDt write-a-review-link beans-link__anchor" data-auto="review-link"><span class="styled__Text-sc-1xbujuz-1 fyDIEo beans-link__text">Write a review</span><span class="styled__IconContainer-sc-1xbujuz-2 bSauSL beans-link__icon-container"><svg aria-hidden="true" class="styled__SVG-xxa4wh-1 hQMCqc beans-link__icon beans-icon__svg" height="13.33" preserveAspectRatio="xMinYMax meet" viewBox="-1 0 12 20" width="8" xmlns="http://www.w3.org/2000/svg" color="currentColor"><path d="M1.312 1.348L10.276 10l-8.964 8.644" fill="none" stroke="currentColor"></path></svg></span></a><div><a href="https://www.tesco.com/groceries/en-GB/shop/frozen-food/frozen-pizza-and-garlic-bread/frozen-thin-crust-pizza/frozen-pizza-thin-crust-pizza" class="styled__Anchor-sc-1xbujuz-0 jSzuDt rest-of-shelf-link beans-link__anchor" data-auto="rest-of-shelf-link"><span class="styled__Text-sc-1xbujuz-1 fyDIEo beans-link__text">Rest of <span class="visually-hidden">Frozen Pizza - Thin Crust Pizza</span> shelf</span><span class="styled__IconContainer-sc-1xbujuz-2 bSauSL beans-link__icon-container"><svg aria-hidden="true" class="styled__SVG-xxa4wh-1 hQMCqc beans-link__icon beans-icon__svg" height="13.33" preserveAspectRatio="xMinYMax meet" viewBox="-1 0 12 20" width="8" xmlns="http://www.w3.org/2000/svg" color="currentColor"><path d="M1.312 1.348L10.276 10l-8.964 8.644" fill="none" stroke="currentColor"></path></svg></span></a></div><div class="product-info-message-section"><div class="product-info-message-list"><div class="styled__WhiteBackground-sc-9yzfq2-1 jthPIJ"><svg width="56" height="56" viewBox="0 0 56 56" fill="none" xmlns="http://www.w3.org/2000/svg"><path d="M52.1301 27.8766C52.1301 14.5534 41.3293 3.75308 28.0066 3.75308C14.6834 3.75308 3.88306 14.5534 3.88306 27.8766C3.88306 41.1998 14.6834 52.0002 28.0066 52.0002C41.3293 52.0002 52.1301 41.1998 52.1301 27.8766Z" fill="#EE1C2E"></path><path d="M19.6853 36.5687L31.8169 48.6998L52.6633 27.8998L51.9894 23.0423L31.886 43.1452L22.5438 33.803L19.6853 36.5687Z" fill="white"></path><path d="M24.2699 12.0048L23.5594 9.93467L22.8484 12.0048H24.2699ZM24.6345 13.0711H22.4844L21.9776 14.5375H20.7515L22.9815 8.31722H24.1369L26.3669 14.5375H25.1408L24.6345 13.0711Z" fill="white"></path><path d="M27.8359 14.5375H26.734V8.24609H27.8359V14.5375Z" fill="white"></path><path d="M31.5684 13.2309C31.7849 12.9886 31.8927 12.6597 31.8927 12.2446C31.8927 11.8306 31.7849 11.5016 31.5684 11.2588C31.3524 11.0159 31.0811 10.8942 30.7558 10.8942C30.4299 10.8942 30.1587 11.0159 29.9427 11.2588C29.7267 11.5016 29.6184 11.8306 29.6184 12.2446C29.6184 12.6597 29.7267 12.9886 29.9427 13.2309C30.1587 13.4738 30.4299 13.5955 30.7558 13.5955C31.0811 13.5955 31.3524 13.4738 31.5684 13.2309ZM29.4673 14.3065C29.159 14.1049 28.9177 13.8234 28.7429 13.4619C28.5681 13.101 28.481 12.6952 28.481 12.2446C28.481 11.7888 28.5655 11.3815 28.7341 11.0231C28.9032 10.6648 29.1384 10.3848 29.4405 10.1837C29.7426 9.98212 30.0891 9.88158 30.48 9.88158C30.7883 9.88158 31.0579 9.93624 31.2889 10.0455C31.5199 10.1554 31.6978 10.3106 31.8221 10.5122V8.24609H32.9239V14.5375H31.8221V13.9863C31.6916 14.1704 31.5137 14.3194 31.2889 14.4349C31.0636 14.5504 30.797 14.6086 30.4892 14.6086C30.1159 14.6086 29.7751 14.5076 29.4673 14.3065Z" fill="white"></path><path d="M34.9657 14.5375H33.8638V9.95224H34.9657V14.5375ZM33.9082 8.34408C34.0443 8.20796 34.2129 8.1399 34.4145 8.1399C34.6161 8.1399 34.7847 8.20796 34.9208 8.34408C35.0574 8.48071 35.1255 8.64931 35.1255 8.8504C35.1255 9.052 35.0574 9.22112 34.9208 9.35724C34.7847 9.49336 34.6161 9.56142 34.4145 9.56142C34.2129 9.56142 34.0443 9.49336 33.9082 9.35724C33.7715 9.22112 33.704 9.052 33.704 8.8504C33.704 8.64931 33.7715 8.48071 33.9082 8.34408Z" fill="white"></path><path d="M19.6791 19.3347C19.8894 19.1506 19.9946 18.8779 19.9946 18.5169C19.9946 18.1565 19.8894 17.8838 19.6791 17.6997C19.4682 17.5156 19.183 17.4233 18.8221 17.4233H17.5027V19.6111H18.8221C19.183 19.6111 19.4682 19.5188 19.6791 19.3347ZM17.5027 23.9628H16.0374V16.0704H18.9345C19.461 16.0704 19.9157 16.1776 20.2988 16.3921C20.6824 16.6061 20.9753 16.8995 21.1784 17.2712C21.3816 17.6435 21.4826 18.0586 21.4826 18.5169C21.4826 18.9758 21.3816 19.3909 21.1784 19.7632C20.9753 20.1354 20.6824 20.4283 20.2988 20.6423C19.9157 20.8568 19.461 20.9635 18.9345 20.9635H17.5027V23.9628Z" fill="white"></path><path d="M22.0396 18.1451H23.4379V19.0248C23.6029 18.7087 23.8359 18.4684 24.1365 18.3029C24.4376 18.1374 24.7717 18.0549 25.1404 18.0549C25.5235 18.0549 25.8241 18.1415 26.0422 18.3143L25.5689 19.4981C25.3729 19.3929 25.1662 19.3403 24.9486 19.3403C24.5124 19.3403 24.152 19.528 23.8663 19.9039C23.5802 20.2797 23.4379 20.8582 23.4379 21.6404V23.9627H22.0396V18.1451Z" fill="white"></path><path d="M27.8879 23.9627H26.4896V18.1451H27.8879V23.9627ZM26.5458 16.1044C26.7191 15.9316 26.933 15.845 27.1888 15.845C27.444 15.845 27.658 15.9316 27.8312 16.1044C28.0039 16.2771 28.0906 16.4916 28.0906 16.7468C28.0906 17.0026 28.0039 17.217 27.8312 17.3898C27.658 17.5625 27.444 17.6491 27.1888 17.6491C26.933 17.6491 26.7191 17.5625 26.5458 17.3898C26.3731 17.217 26.287 17.0026 26.287 16.7468C26.287 16.4916 26.3731 16.2771 26.5458 16.1044Z" fill="white"></path><path d="M30.0603 23.6693C29.6168 23.4141 29.2714 23.0588 29.0234 22.6041C28.7754 22.1493 28.6511 21.6327 28.6511 21.0537C28.6511 20.4752 28.7754 19.9585 29.0234 19.5038C29.2714 19.049 29.6168 18.6937 30.0603 18.438C30.5037 18.1828 31.011 18.0549 31.5823 18.0549C32.8749 18.0549 33.751 18.585 34.2093 19.6445L32.9353 20.2199C32.6424 19.6332 32.1913 19.3403 31.5823 19.3403C31.1466 19.3403 30.7857 19.4981 30.5001 19.8136C30.2144 20.1297 30.0716 20.5427 30.0716 21.0537C30.0716 21.5651 30.2144 21.9787 30.5001 22.2942C30.7857 22.6097 31.1466 22.7675 31.5823 22.7675C32.1913 22.7675 32.6424 22.4747 32.9353 21.8884L34.2093 22.4633C33.751 23.5229 32.8749 24.0529 31.5823 24.0529C31.011 24.0529 30.5037 23.9251 30.0603 23.6693Z" fill="white"></path><path d="M38.727 20.3999C38.6744 20.0694 38.5223 19.7987 38.2707 19.5883C38.0186 19.3779 37.7015 19.2728 37.3179 19.2728C36.9946 19.2728 36.7048 19.3723 36.4496 19.5713C36.1939 19.7708 36.0175 20.0467 35.9196 20.3999H38.727ZM40.1588 21.5048H35.8633C35.9381 21.9333 36.115 22.2586 36.3934 22.4803C36.6713 22.702 37.0095 22.8129 37.4081 22.8129C37.7386 22.8129 38.015 22.7433 38.2367 22.6041C38.4584 22.4649 38.6708 22.253 38.874 21.9673L40.0573 22.6097C39.7716 23.0759 39.4092 23.4327 38.9693 23.6812C38.5295 23.9287 37.983 24.0529 37.3292 24.0529C36.7125 24.0529 36.1846 23.9086 35.7453 23.6188C35.3055 23.3295 34.9765 22.9557 34.7584 22.4968C34.5403 22.0385 34.4315 21.5574 34.4315 21.0537C34.4315 20.5504 34.546 20.0694 34.7754 19.611C35.0044 19.1526 35.3374 18.7783 35.7731 18.4891C36.2088 18.1998 36.7239 18.0549 37.3179 18.0549C37.9191 18.0549 38.4341 18.19 38.8626 18.4607C39.2911 18.7314 39.6139 19.0866 39.832 19.5264C40.0501 19.9657 40.1588 20.4339 40.1588 20.9299V21.5048Z" fill="white"></path><path d="M16.3879 25.558H17.7399L19.2454 29.4977L20.751 25.558H22.1029V31.8684H20.9309V28.0282L19.6873 31.2915H18.8035L17.5599 28.0282V31.8684H16.3879V25.558Z" fill="white"></path><path d="M25.4058 30.7146C25.6131 30.5341 25.7167 30.3119 25.7167 30.0474V29.9216H24.8335C24.5746 29.9216 24.3689 29.971 24.2158 30.07C24.0626 30.169 23.9858 30.3057 23.9858 30.48C23.9858 30.6424 24.0415 30.7671 24.1529 30.8543C24.2637 30.9414 24.4277 30.9847 24.6437 30.9847C24.9443 30.9847 25.1985 30.8945 25.4058 30.7146ZM23.6074 31.7782C23.3671 31.67 23.1748 31.5122 23.0304 31.3049C22.886 31.0976 22.8138 30.8496 22.8138 30.5609C22.8138 30.1046 22.9855 29.7364 23.3279 29.457C23.6703 29.1775 24.1333 29.0378 24.7159 29.0378H25.7167V28.8754C25.7167 28.6413 25.6357 28.4531 25.4733 28.3118C25.3109 28.1711 25.0918 28.1004 24.8154 28.1004C24.5927 28.1004 24.3916 28.1592 24.2111 28.2763C24.0312 28.3933 23.8956 28.5299 23.8059 28.6862L22.9494 28.1726C23.1113 27.8782 23.3516 27.6333 23.6703 27.4379C23.9889 27.2425 24.3705 27.145 24.8154 27.145C25.4522 27.145 25.9482 27.2982 26.3024 27.6044C26.6572 27.9112 26.8345 28.3526 26.8345 28.9295V31.8685H25.9152L25.7621 31.2735C25.6115 31.4776 25.4207 31.6401 25.1892 31.7602C24.9582 31.8803 24.686 31.9401 24.3735 31.9401C24.1029 31.9401 23.8476 31.8865 23.6074 31.7782Z" fill="white"></path><path d="M27.8214 30.3V28.1726H27.1182V27.2167H27.8214V26.4417L28.9393 25.7384V27.2167H30.1381V28.1726H28.9393V30.2458C28.9393 30.6903 29.1166 30.9125 29.4709 30.9125C29.6333 30.9125 29.7895 30.8496 29.9395 30.7233L30.4443 31.5797C30.2881 31.706 30.1169 31.7978 29.9308 31.855C29.7446 31.9117 29.5549 31.9401 29.3626 31.9401C28.3355 31.9401 27.8214 31.3936 27.8214 30.3Z" fill="white"></path><path d="M31.5487 31.6339C31.194 31.4297 30.9176 31.1456 30.7196 30.7821C30.5211 30.4186 30.4221 30.0056 30.4221 29.5426C30.4221 29.0801 30.5211 28.6666 30.7196 28.3031C30.9176 27.9396 31.194 27.6555 31.5487 27.4513C31.9034 27.2471 32.3087 27.145 32.7655 27.145C33.7993 27.145 34.4995 27.5683 34.8661 28.416L33.8473 28.8754C33.6132 28.4067 33.2528 28.1726 32.7655 28.1726C32.417 28.1726 32.1288 28.2989 31.9004 28.5511C31.6719 28.8037 31.558 29.1342 31.558 29.5426C31.558 29.9509 31.6719 30.282 31.9004 30.5341C32.1288 30.7867 32.417 30.9125 32.7655 30.9125C33.2528 30.9125 33.6132 30.6785 33.8473 30.2098L34.8661 30.6697C34.4995 31.5168 33.7993 31.9401 32.7655 31.9401C32.3087 31.9401 31.9034 31.8386 31.5487 31.6339Z" fill="white"></path><path d="M35.3998 25.4863H36.5176V27.9473C36.662 27.707 36.8615 27.5132 37.1167 27.3657C37.3725 27.2188 37.6592 27.145 37.9778 27.145C38.4702 27.145 38.8579 27.2909 39.1405 27.5823C39.423 27.8736 39.5643 28.2804 39.5643 28.8037V31.8685H38.4465V29.0285C38.4465 28.7522 38.3758 28.5408 38.2346 28.3933C38.0933 28.2458 37.8907 28.1726 37.6262 28.1726C37.3199 28.1726 37.0585 28.3093 36.8419 28.5825C36.6254 28.8558 36.5176 29.275 36.5176 29.8401V31.8685H35.3998V25.4863Z" fill="white"></path></svg><p class="styled__StyledBodyText-sc-119w3hf-5 ggtTyf styled__DarkGreyBodyText-jk5kya-0 iwRWTH">Aldi Price Match</p></div></div></div></div><div class="styles__StyledBuyBoxWrapper-dvv1wj-4 dSvjUC"><div class="styles__StyledBuyBoxContainer-sc-1wx0qp6-0 erryje" data-auto="buybox-container"><div class="styles__SafeFormWrapper-jtpu2t-0 lcrYKS"><form action="https://www.tesco.com/groceries/en-GB/trolley/items/299557230?_method=PUT" method="POST"><input type="submit" class="hidden"><input name="id" type="hidden" value="299557230"><input name="identifier" type="hidden" value="Page"><input name="anchorId" type="hidden" value="#tile-299557230"><input name="returnUrl" type="hidden" value="/groceries/en-GB/shop/frozen-food/all?redirectIfUnavailable=true#tile-299557230"><input name="backToUrl" type="hidden" value="#"><input name="oldValue" type="hidden" value="0"><input name="oldUnitChoice" type="hidden" value="pcs"><input name="newUnitChoice" type="hidden" value="pcs"><div class="base-components__RootElement-sc-1mosoyj-1 styled__Container-sc-6nhkzi-0 jptQqM hSNpTb beans-buybox__container"><div class="base-components__BaseElement-sc-1mosoyj-0 styled__PriceAndActions-sc-6nhkzi-3 oznwo eEPLov beans-buybox__price-and-actions"><div class="base-components__RootElement-sc-1mosoyj-1 styled__Container-sc-8qlq5b-0 jptQqM bgZrjw styled__StyledPrice-sc-6nhkzi-5 iYHeik beans-buybox__price beans-price__container"><p class="styled__StyledHeading-sc-119w3hf-2 jWPEtj styled__Text-sc-8qlq5b-1 lnaeiZ beans-price__text">£0.66</p><p class="styled__StyledFootnote-sc-119w3hf-7 icrlVF styled__Subtext-sc-8qlq5b-2 bNJmdc beans-price__subtext">£0.21/100g</p></div><div class="base-components__RootElement-sc-1mosoyj-1 styled__Container-vtxwzb-0 jptQqM bDFhXJ beans-buybox__actions beans-quantity-controls__container"><div class="base-components__RootElement-sc-1mosoyj-1 styled__Container-sc-16t2b2a-0 jptQqM PUfgZ styled__StyledFormGroup-vtxwzb-1 kzKuAr beans-quantity-controls__form-group beans-form-group__container"><label class="styled__StyledLabel-sc-1ttuvhr-0 izGEjV beans-form-group__label beans-label" for="quantity-controls-299557230">Quantity controls </label><div class="base-components__BaseElement-sc-1mosoyj-0 styled__Children-sc-16t2b2a-3 oznwo gdJvjO beans-form-group__children"><div class="styled__StyledQuantityControlWrapper-vtxwzb-6 LCxOg"><label id="quantity-controls-299557230-label" class="styled__VisuallyHiddenLabel-vtxwzb-7 gXlLiM">Quantity of Hearty Food Thin Cheese &amp; Tomato Pizza 314G</label><div class="component__Wrapper-sc-1kpmik-3 dReplG input-wrapper"><input class="base-components__RootElement-sc-1mosoyj-1 styled__StyledInput-sc-1jd5f57-0 component__StyledAsInput-sc-1kpmik-4 jptQqM eJLlow styled__StyledInput-vtxwzb-3 lwMHo beans-quantity-controls__input beans-input" data-auto="beans-quantity-controls-input" autocomplete="off" id="quantity-controls-299557230" maxlength="2" name="newValue" type="number" aria-labelledby="quantity-controls-299557230-label" value="1"></div></div><button class="styled__BaseButton-rsekm1-0 styled__PrimaryButton-rsekm1-2 jChbeY geeWOF styled__StyledButton-vtxwzb-5 japAxb beans-quantity-controls__add-button beans-button__container" type="submit" data-auto="beans-quantity-controls-add-button" aria-label="Quantity of Hearty Food Thin Cheese &amp; Tomato Pizza 314G"><span class="base-components__BaseElement-sc-1mosoyj-0 styled__InnerContainer-rsekm1-1 oznwo fuFres beans-button__inner-container"><span class="base-components__BaseElement-sc-1mosoyj-0 styled__TextSpan-rsekm1-4 oznwo GDiMp beans-button__text">Add</span></span></button></div></div></div></div></div><input name="_csrf" type="hidden" value="0WbpBJF9-cS-fAMl-ByHnl5hECj1JaZiBQ20"></form></div></div></div></div><div class="hidden-medium product-info-section-small"><div class="product-info-message-list"><div class="styled__WhiteBackground-sc-9yzfq2-1 jthPIJ"><svg width="56" height="56" viewBox="0 0 56 56" fill="none" xmlns="http://www.w3.org/2000/svg"><path d="M52.1301 27.8766C52.1301 14.5534 41.3293 3.75308 28.0066 3.75308C14.6834 3.75308 3.88306 14.5534 3.88306 27.8766C3.88306 41.1998 14.6834 52.0002 28.0066 52.0002C41.3293 52.0002 52.1301 41.1998 52.1301 27.8766Z" fill="#EE1C2E"></path><path d="M19.6853 36.5687L31.8169 48.6998L52.6633 27.8998L51.9894 23.0423L31.886 43.1452L22.5438 33.803L19.6853 36.5687Z" fill="white"></path><path d="M24.2699 12.0048L23.5594 9.93467L22.8484 12.0048H24.2699ZM24.6345 13.0711H22.4844L21.9776 14.5375H20.7515L22.9815 8.31722H24.1369L26.3669 14.5375H25.1408L24.6345 13.0711Z" fill="white"></path><path d="M27.8359 14.5375H26.734V8.24609H27.8359V14.5375Z" fill="white"></path><path d="M31.5684 13.2309C31.7849 12.9886 31.8927 12.6597 31.8927 12.2446C31.8927 11.8306 31.7849 11.5016 31.5684 11.2588C31.3524 11.0159 31.0811 10.8942 30.7558 10.8942C30.4299 10.8942 30.1587 11.0159 29.9427 11.2588C29.7267 11.5016 29.6184 11.8306 29.6184 12.2446C29.6184 12.6597 29.7267 12.9886 29.9427 13.2309C30.1587 13.4738 30.4299 13.5955 30.7558 13.5955C31.0811 13.5955 31.3524 13.4738 31.5684 13.2309ZM29.4673 14.3065C29.159 14.1049 28.9177 13.8234 28.7429 13.4619C28.5681 13.101 28.481 12.6952 28.481 12.2446C28.481 11.7888 28.5655 11.3815 28.7341 11.0231C28.9032 10.6648 29.1384 10.3848 29.4405 10.1837C29.7426 9.98212 30.0891 9.88158 30.48 9.88158C30.7883 9.88158 31.0579 9.93624 31.2889 10.0455C31.5199 10.1554 31.6978 10.3106 31.8221 10.5122V8.24609H32.9239V14.5375H31.8221V13.9863C31.6916 14.1704 31.5137 14.3194 31.2889 14.4349C31.0636 14.5504 30.797 14.6086 30.4892 14.6086C30.1159 14.6086 29.7751 14.5076 29.4673 14.3065Z" fill="white"></path><path d="M34.9657 14.5375H33.8638V9.95224H34.9657V14.5375ZM33.9082 8.34408C34.0443 8.20796 34.2129 8.1399 34.4145 8.1399C34.6161 8.1399 34.7847 8.20796 34.9208 8.34408C35.0574 8.48071 35.1255 8.64931 35.1255 8.8504C35.1255 9.052 35.0574 9.22112 34.9208 9.35724C34.7847 9.49336 34.6161 9.56142 34.4145 9.56142C34.2129 9.56142 34.0443 9.49336 33.9082 9.35724C33.7715 9.22112 33.704 9.052 33.704 8.8504C33.704 8.64931 33.7715 8.48071 33.9082 8.34408Z" fill="white"></path><path d="M19.6791 19.3347C19.8894 19.1506 19.9946 18.8779 19.9946 18.5169C19.9946 18.1565 19.8894 17.8838 19.6791 17.6997C19.4682 17.5156 19.183 17.4233 18.8221 17.4233H17.5027V19.6111H18.8221C19.183 19.6111 19.4682 19.5188 19.6791 19.3347ZM17.5027 23.9628H16.0374V16.0704H18.9345C19.461 16.0704 19.9157 16.1776 20.2988 16.3921C20.6824 16.6061 20.9753 16.8995 21.1784 17.2712C21.3816 17.6435 21.4826 18.0586 21.4826 18.5169C21.4826 18.9758 21.3816 19.3909 21.1784 19.7632C20.9753 20.1354 20.6824 20.4283 20.2988 20.6423C19.9157 20.8568 19.461 20.9635 18.9345 20.9635H17.5027V23.9628Z" fill="white"></path><path d="M22.0396 18.1451H23.4379V19.0248C23.6029 18.7087 23.8359 18.4684 24.1365 18.3029C24.4376 18.1374 24.7717 18.0549 25.1404 18.0549C25.5235 18.0549 25.8241 18.1415 26.0422 18.3143L25.5689 19.4981C25.3729 19.3929 25.1662 19.3403 24.9486 19.3403C24.5124 19.3403 24.152 19.528 23.8663 19.9039C23.5802 20.2797 23.4379 20.8582 23.4379 21.6404V23.9627H22.0396V18.1451Z" fill="white"></path><path d="M27.8879 23.9627H26.4896V18.1451H27.8879V23.9627ZM26.5458 16.1044C26.7191 15.9316 26.933 15.845 27.1888 15.845C27.444 15.845 27.658 15.9316 27.8312 16.1044C28.0039 16.2771 28.0906 16.4916 28.0906 16.7468C28.0906 17.0026 28.0039 17.217 27.8312 17.3898C27.658 17.5625 27.444 17.6491 27.1888 17.6491C26.933 17.6491 26.7191 17.5625 26.5458 17.3898C26.3731 17.217 26.287 17.0026 26.287 16.7468C26.287 16.4916 26.3731 16.2771 26.5458 16.1044Z" fill="white"></path><path d="M30.0603 23.6693C29.6168 23.4141 29.2714 23.0588 29.0234 22.6041C28.7754 22.1493 28.6511 21.6327 28.6511 21.0537C28.6511 20.4752 28.7754 19.9585 29.0234 19.5038C29.2714 19.049 29.6168 18.6937 30.0603 18.438C30.5037 18.1828 31.011 18.0549 31.5823 18.0549C32.8749 18.0549 33.751 18.585 34.2093 19.6445L32.9353 20.2199C32.6424 19.6332 32.1913 19.3403 31.5823 19.3403C31.1466 19.3403 30.7857 19.4981 30.5001 19.8136C30.2144 20.1297 30.0716 20.5427 30.0716 21.0537C30.0716 21.5651 30.2144 21.9787 30.5001 22.2942C30.7857 22.6097 31.1466 22.7675 31.5823 22.7675C32.1913 22.7675 32.6424 22.4747 32.9353 21.8884L34.2093 22.4633C33.751 23.5229 32.8749 24.0529 31.5823 24.0529C31.011 24.0529 30.5037 23.9251 30.0603 23.6693Z" fill="white"></path><path d="M38.727 20.3999C38.6744 20.0694 38.5223 19.7987 38.2707 19.5883C38.0186 19.3779 37.7015 19.2728 37.3179 19.2728C36.9946 19.2728 36.7048 19.3723 36.4496 19.5713C36.1939 19.7708 36.0175 20.0467 35.9196 20.3999H38.727ZM40.1588 21.5048H35.8633C35.9381 21.9333 36.115 22.2586 36.3934 22.4803C36.6713 22.702 37.0095 22.8129 37.4081 22.8129C37.7386 22.8129 38.015 22.7433 38.2367 22.6041C38.4584 22.4649 38.6708 22.253 38.874 21.9673L40.0573 22.6097C39.7716 23.0759 39.4092 23.4327 38.9693 23.6812C38.5295 23.9287 37.983 24.0529 37.3292 24.0529C36.7125 24.0529 36.1846 23.9086 35.7453 23.6188C35.3055 23.3295 34.9765 22.9557 34.7584 22.4968C34.5403 22.0385 34.4315 21.5574 34.4315 21.0537C34.4315 20.5504 34.546 20.0694 34.7754 19.611C35.0044 19.1526 35.3374 18.7783 35.7731 18.4891C36.2088 18.1998 36.7239 18.0549 37.3179 18.0549C37.9191 18.0549 38.4341 18.19 38.8626 18.4607C39.2911 18.7314 39.6139 19.0866 39.832 19.5264C40.0501 19.9657 40.1588 20.4339 40.1588 20.9299V21.5048Z" fill="white"></path><path d="M16.3879 25.558H17.7399L19.2454 29.4977L20.751 25.558H22.1029V31.8684H20.9309V28.0282L19.6873 31.2915H18.8035L17.5599 28.0282V31.8684H16.3879V25.558Z" fill="white"></path><path d="M25.4058 30.7146C25.6131 30.5341 25.7167 30.3119 25.7167 30.0474V29.9216H24.8335C24.5746 29.9216 24.3689 29.971 24.2158 30.07C24.0626 30.169 23.9858 30.3057 23.9858 30.48C23.9858 30.6424 24.0415 30.7671 24.1529 30.8543C24.2637 30.9414 24.4277 30.9847 24.6437 30.9847C24.9443 30.9847 25.1985 30.8945 25.4058 30.7146ZM23.6074 31.7782C23.3671 31.67 23.1748 31.5122 23.0304 31.3049C22.886 31.0976 22.8138 30.8496 22.8138 30.5609C22.8138 30.1046 22.9855 29.7364 23.3279 29.457C23.6703 29.1775 24.1333 29.0378 24.7159 29.0378H25.7167V28.8754C25.7167 28.6413 25.6357 28.4531 25.4733 28.3118C25.3109 28.1711 25.0918 28.1004 24.8154 28.1004C24.5927 28.1004 24.3916 28.1592 24.2111 28.2763C24.0312 28.3933 23.8956 28.5299 23.8059 28.6862L22.9494 28.1726C23.1113 27.8782 23.3516 27.6333 23.6703 27.4379C23.9889 27.2425 24.3705 27.145 24.8154 27.145C25.4522 27.145 25.9482 27.2982 26.3024 27.6044C26.6572 27.9112 26.8345 28.3526 26.8345 28.9295V31.8685H25.9152L25.7621 31.2735C25.6115 31.4776 25.4207 31.6401 25.1892 31.7602C24.9582 31.8803 24.686 31.9401 24.3735 31.9401C24.1029 31.9401 23.8476 31.8865 23.6074 31.7782Z" fill="white"></path><path d="M27.8214 30.3V28.1726H27.1182V27.2167H27.8214V26.4417L28.9393 25.7384V27.2167H30.1381V28.1726H28.9393V30.2458C28.9393 30.6903 29.1166 30.9125 29.4709 30.9125C29.6333 30.9125 29.7895 30.8496 29.9395 30.7233L30.4443 31.5797C30.2881 31.706 30.1169 31.7978 29.9308 31.855C29.7446 31.9117 29.5549 31.9401 29.3626 31.9401C28.3355 31.9401 27.8214 31.3936 27.8214 30.3Z" fill="white"></path><path d="M31.5487 31.6339C31.194 31.4297 30.9176 31.1456 30.7196 30.7821C30.5211 30.4186 30.4221 30.0056 30.4221 29.5426C30.4221 29.0801 30.5211 28.6666 30.7196 28.3031C30.9176 27.9396 31.194 27.6555 31.5487 27.4513C31.9034 27.2471 32.3087 27.145 32.7655 27.145C33.7993 27.145 34.4995 27.5683 34.8661 28.416L33.8473 28.8754C33.6132 28.4067 33.2528 28.1726 32.7655 28.1726C32.417 28.1726 32.1288 28.2989 31.9004 28.5511C31.6719 28.8037 31.558 29.1342 31.558 29.5426C31.558 29.9509 31.6719 30.282 31.9004 30.5341C32.1288 30.7867 32.417 30.9125 32.7655 30.9125C33.2528 30.9125 33.6132 30.6785 33.8473 30.2098L34.8661 30.6697C34.4995 31.5168 33.7993 31.9401 32.7655 31.9401C32.3087 31.9401 31.9034 31.8386 31.5487 31.6339Z" fill="white"></path><path d="M35.3998 25.4863H36.5176V27.9473C36.662 27.707 36.8615 27.5132 37.1167 27.3657C37.3725 27.2188 37.6592 27.145 37.9778 27.145C38.4702 27.145 38.8579 27.2909 39.1405 27.5823C39.423 27.8736 39.5643 28.2804 39.5643 28.8037V31.8685H38.4465V29.0285C38.4465 28.7522 38.3758 28.5408 38.2346 28.3933C38.0933 28.2458 37.8907 28.1726 37.6262 28.1726C37.3199 28.1726 37.0585 28.3093 36.8419 28.5825C36.6254 28.8558 36.5176 29.275 36.5176 29.8401V31.8685H35.3998V25.4863Z" fill="white"></path></svg><p class="styled__StyledBodyText-sc-119w3hf-5 ggtTyf styled__DarkGreyBodyText-jk5kya-0 iwRWTH">Aldi Price Match</p></div></div></div></div></div></div></div></li><li class="product-list--list-item"><div class="styles__StyledVerticalTileWrapper-dvv1wj-0 dtCNPH"><div data-auto="product-tile" data-auto-type="Quantity" data-auto-available="true" data-auto-is-restricted-disabled="false" data-auto-is-substitute="false" class="styles__StyledVerticalTile-dvv1wj-1 gSCsYK"><div class="styles__StyledTileContentWrapper-dvv1wj-2 bkNhNP beans"><div id="tile-282485161" data-auto-id="282485161" class="styles__StyledTiledContent-dvv1wj-3 bcglTg"><a href="https://www.tesco.com/groceries/en-GB/products/282485161" aria-hidden="true" class="product-image-wrapper" tabindex="1"><div class="product-image__container"><picture><img class="styled__Image-sjvkdn-0 bJErKA product-image beans-responsive-image__image" src="data:image/gif;base64,R0lGODlhAQABAAAAACH5BAEKAAEALAAAAAABAAEAAAICTAEAOw==" srcset="https://digitalcontent.api.tesco.com/v2/media/ghs/fe71708b-da24-468f-9529-711c8a975860/ff53f262-bedf-4b04-bcc0-dd131f0cbdb1.jpeg?h=225&amp;w=225 768w, data:image/gif;base64,R0lGODlhAQABAAAAACH5BAEKAAEALAAAAAABAAEAAAICTAEAOw== 4000w" alt="Tesco Broccoli Florets 900G"></picture></div></a><div class="product-details--wrapper"><h3 class="styles__H3-oa5soe-0 bCKNNq"><a href="https://www.tesco.com/groceries/en-GB/products/282485161" class="styled__Anchor-sc-1xbujuz-0 csVOnh beans-link__anchor" data-auto="product-tile--title"><span class="styled__Text-sc-1xbujuz-1 ldbwMG beans-link__text">Tesco Broccoli Florets 900G</span></a></h3><div class="styles__StyledPromotionsAboveMobile-dvv1wj-7 iPTMuo"></div><div class="styles__StyledProductDetailsContent-dvv1wj-5 ddRSrq"><a href="https://www.tesco.com/groceries/en-GB/reviews/submission/282485161?from=%2Fshop%2Ffrozen-food%2Fall" aria-label="Write a review for Tesco Broccoli Florets 900G" class="styled__Anchor-sc-1xbujuz-0 jSzuDt write-a-review-link beans-link__anchor" data-auto="review-link"><span class="styled__Text-sc-1xbujuz-1 fyDIEo beans-link__text">Write a review</span><span class="styled__IconContainer-sc-1xbujuz-2 bSauSL beans-link__icon-container"><svg aria-hidden="true" class="styled__SVG-xxa4wh-1 hQMCqc beans-link__icon beans-icon__svg" height="13.33" preserveAspectRatio="xMinYMax meet" viewBox="-1 0 12 20" width="8" xmlns="http://www.w3.org/2000/svg" color="currentColor"><path d="M1.312 1.348L10.276 10l-8.964 8.644" fill="none" stroke="currentColor"></path></svg></span></a><div><a href="https://www.tesco.com/groceries/en-GB/shop/frozen-food/frozen-vegetables-and-herbs/frozen-vegetables/frozen-broccoli-cauliflower-and-sprouts" class="styled__Anchor-sc-1xbujuz-0 jSzuDt rest-of-shelf-link beans-link__anchor" data-auto="rest-of-shelf-link"><span class="styled__Text-sc-1xbujuz-1 fyDIEo beans-link__text">Rest of <span class="visually-hidden">Frozen Broccoli, Cauliflower &amp; Sprouts</span> shelf</span><span class="styled__IconContainer-sc-1xbujuz-2 bSauSL beans-link__icon-container"><svg aria-hidden="true" class="styled__SVG-xxa4wh-1 hQMCqc beans-link__icon beans-icon__svg" height="13.33" preserveAspectRatio="xMinYMax meet" viewBox="-1 0 12 20" width="8" xmlns="http://www.w3.org/2000/svg" color="currentColor"><path d="M1.312 1.348L10.276 10l-8.964 8.644" fill="none" stroke="currentColor"></path></svg></span></a></div><div class="product-info-message-section"><div class="product-info-message-list"></div></div></div><div class="styles__StyledBuyBoxWrapper-dvv1wj-4 dSvjUC"><div class="styles__StyledBuyBoxContainer-sc-1wx0qp6-0 erryje" data-auto="buybox-container"><div class="styles__SafeFormWrapper-jtpu2t-0 lcrYKS"><form action="https://www.tesco.com/groceries/en-GB/trolley/items/282485161?_method=PUT" method="POST"><input type="submit" class="hidden"><input name="id" type="hidden" value="282485161"><input name="identifier" type="hidden" value="Page"><input name="anchorId" type="hidden" value="#tile-282485161"><input name="returnUrl" type="hidden" value="/groceries/en-GB/shop/frozen-food/all?redirectIfUnavailable=true#tile-282485161"><input name="backToUrl" type="hidden" value="#"><input name="oldValue" type="hidden" value="0"><input name="oldUnitChoice" type="hidden" value="pcs"><input name="newUnitChoice" type="hidden" value="pcs"><div class="base-components__RootElement-sc-1mosoyj-1 styled__Container-sc-6nhkzi-0 jptQqM hSNpTb beans-buybox__container"><div class="base-components__BaseElement-sc-1mosoyj-0 styled__PriceAndActions-sc-6nhkzi-3 oznwo eEPLov beans-buybox__price-and-actions"><div class="base-components__RootElement-sc-1mosoyj-1 styled__Container-sc-8qlq5b-0 jptQqM bgZrjw styled__StyledPrice-sc-6nhkzi-5 iYHeik beans-buybox__price beans-price__container"><p class="styled__StyledHeading-sc-119w3hf-2 jWPEtj styled__Text-sc-8qlq5b-1 lnaeiZ beans-price__text">£1.00</p><p class="styled__StyledFootnote-sc-119w3hf-7 icrlVF styled__Subtext-sc-8qlq5b-2 bNJmdc beans-price__subtext">£1.12/kg</p></div><div class="base-components__RootElement-sc-1mosoyj-1 styled__Container-vtxwzb-0 jptQqM bDFhXJ beans-buybox__actions beans-quantity-controls__container"><div class="base-components__RootElement-sc-1mosoyj-1 styled__Container-sc-16t2b2a-0 jptQqM PUfgZ styled__StyledFormGroup-vtxwzb-1 kzKuAr beans-quantity-controls__form-group beans-form-group__container"><label class="styled__StyledLabel-sc-1ttuvhr-0 izGEjV beans-form-group__label beans-label" for="quantity-controls-282485161">Quantity controls </label><div class="base-components__BaseElement-sc-1mosoyj-0 styled__Children-sc-16t2b2a-3 oznwo gdJvjO beans-form-group__children"><div class="styled__StyledQuantityControlWrapper-vtxwzb-6 LCxOg"><label id="quantity-controls-282485161-label" class="styled__VisuallyHiddenLabel-vtxwzb-7 gXlLiM">Quantity of Tesco Broccoli Florets 900G</label><div class="component__Wrapper-sc-1kpmik-3 dReplG input-wrapper"><input class="base-components__RootElement-sc-1mosoyj-1 styled__StyledInput-sc-1jd5f57-0 component__StyledAsInput-sc-1kpmik-4 jptQqM eJLlow styled__StyledInput-vtxwzb-3 lwMHo beans-quantity-controls__input beans-input" data-auto="beans-quantity-controls-input" autocomplete="off" id="quantity-controls-282485161" maxlength="2" name="newValue" type="number" aria-labelledby="quantity-controls-282485161-label" value="1"></div></div><button class="styled__BaseButton-rsekm1-0 styled__PrimaryButton-rsekm1-2 jChbeY geeWOF styled__StyledButton-vtxwzb-5 japAxb beans-quantity-controls__add-button beans-button__container" type="submit" data-auto="beans-quantity-controls-add-button" aria-label="Quantity of Tesco Broccoli Florets 900G"><span class="base-components__BaseElement-sc-1mosoyj-0 styled__InnerContainer-rsekm1-1 oznwo fuFres beans-button__inner-container"><span class="base-components__BaseElement-sc-1mosoyj-0 styled__TextSpan-rsekm1-4 oznwo GDiMp beans-button__text">Add</span></span></button></div></div></div></div></div><input name="_csrf" type="hidden" value="0WbpBJF9-cS-fAMl-ByHnl5hECj1JaZiBQ20"></form></div></div></div></div><div class="hidden-medium product-info-section-small"><div class="product-info-message-list"></div></div></div></div></div></div></li><li class="product-list--list-item"><div class="styles__StyledVerticalTileWrapper-dvv1wj-0 dtCNPH"><div data-auto="product-tile" data-auto-type="Quantity" data-auto-available="true" data-auto-is-restricted-disabled="false" data-auto-is-substitute="false" class="styles__StyledVerticalTile-dvv1wj-1 gSCsYK"><div class="styles__StyledTileContentWrapper-dvv1wj-2 bkNhNP beans"><div id="tile-299425011" data-auto-id="299425011" class="styles__StyledTiledContent-dvv1wj-3 bcglTg"><a href="https://www.tesco.com/groceries/en-GB/products/299425011" aria-hidden="true" class="product-image-wrapper" tabindex="1"><div class="product-image__container"><picture><img class="styled__Image-sjvkdn-0 bJErKA product-image beans-responsive-image__image" src="data:image/gif;base64,R0lGODlhAQABAAAAACH5BAEKAAEALAAAAAABAAEAAAICTAEAOw==" srcset="https://digitalcontent.api.tesco.com/v2/media/ghs/ee7550c9-6354-41be-b7a3-d223e9197824/39632c4d-a1dd-4eb6-a44a-230daab845ad.jpeg?h=225&amp;w=225 768w, data:image/gif;base64,R0lGODlhAQABAAAAACH5BAEKAAEALAAAAAABAAEAAAICTAEAOw== 4000w" alt="Hearty Food Thin Pepperoni Pizza 314G"></picture></div></a><div class="product-details--wrapper"><h3 class="styles__H3-oa5soe-0 bCKNNq"><a href="https://www.tesco.com/groceries/en-GB/products/299425011" class="styled__Anchor-sc-1xbujuz-0 csVOnh beans-link__anchor" data-auto="product-tile--title"><span class="styled__Text-sc-1xbujuz-1 ldbwMG beans-link__text">Hearty Food Thin Pepperoni Pizza 314G</span></a></h3><div class="styles__StyledPromotionsAboveMobile-dvv1wj-7 iPTMuo"></div><div class="styles__StyledProductDetailsContent-dvv1wj-5 ddRSrq"><a href="https://www.tesco.com/groceries/en-GB/reviews/submission/299425011?from=%2Fshop%2Ffrozen-food%2Fall" aria-label="Write a review for Hearty Food Thin Pepperoni Pizza 314G" class="styled__Anchor-sc-1xbujuz-0 jSzuDt write-a-review-link beans-link__anchor" data-auto="review-link"><span class="styled__Text-sc-1xbujuz-1 fyDIEo beans-link__text">Write a review</span><span class="styled__IconContainer-sc-1xbujuz-2 bSauSL beans-link__icon-container"><svg aria-hidden="true" class="styled__SVG-xxa4wh-1 hQMCqc beans-link__icon beans-icon__svg" height="13.33" preserveAspectRatio="xMinYMax meet" viewBox="-1 0 12 20" width="8" xmlns="http://www.w3.org/2000/svg" color="currentColor"><path d="M1.312 1.348L10.276 10l-8.964 8.644" fill="none" stroke="currentColor"></path></svg></span></a><div><a href="https://www.tesco.com/groceries/en-GB/shop/frozen-food/frozen-pizza-and-garlic-bread/frozen-thin-crust-pizza/frozen-pizza-thin-crust-pizza" class="styled__Anchor-sc-1xbujuz-0 jSzuDt rest-of-shelf-link beans-link__anchor" data-auto="rest-of-shelf-link"><span class="styled__Text-sc-1xbujuz-1 fyDIEo beans-link__text">Rest of <span class="visually-hidden">Frozen Pizza - Thin Crust Pizza</span> shelf</span><span class="styled__IconContainer-sc-1xbujuz-2 bSauSL beans-link__icon-container"><svg aria-hidden="true" class="styled__SVG-xxa4wh-1 hQMCqc beans-link__icon beans-icon__svg" height="13.33" preserveAspectRatio="xMinYMax meet" viewBox="-1 0 12 20" width="8" xmlns="http://www.w3.org/2000/svg" color="currentColor"><path d="M1.312 1.348L10.276 10l-8.964 8.644" fill="none" stroke="currentColor"></path></svg></span></a></div><div class="product-info-message-section"><div class="product-info-message-list"><div class="styled__WhiteBackground-sc-9yzfq2-1 jthPIJ"><svg width="56" height="56" viewBox="0 0 56 56" fill="none" xmlns="http://www.w3.org/2000/svg"><path d="M52.1301 27.8766C52.1301 14.5534 41.3293 3.75308 28.0066 3.75308C14.6834 3.75308 3.88306 14.5534 3.88306 27.8766C3.88306 41.1998 14.6834 52.0002 28.0066 52.0002C41.3293 52.0002 52.1301 41.1998 52.1301 27.8766Z" fill="#EE1C2E"></path><path d="M19.6853 36.5687L31.8169 48.6998L52.6633 27.8998L51.9894 23.0423L31.886 43.1452L22.5438 33.803L19.6853 36.5687Z" fill="white"></path><path d="M24.2699 12.0048L23.5594 9.93467L22.8484 12.0048H24.2699ZM24.6345 13.0711H22.4844L21.9776 14.5375H20.7515L22.9815 8.31722H24.1369L26.3669 14.5375H25.1408L24.6345 13.0711Z" fill="white"></path><path d="M27.8359 14.5375H26.734V8.24609H27.8359V14.5375Z" fill="white"></path><path d="M31.5684 13.2309C31.7849 12.9886 31.8927 12.6597 31.8927 12.2446C31.8927 11.8306 31.7849 11.5016 31.5684 11.2588C31.3524 11.0159 31.0811 10.8942 30.7558 10.8942C30.4299 10.8942 30.1587 11.0159 29.9427 11.2588C29.7267 11.5016 29.6184 11.8306 29.6184 12.2446C29.6184 12.6597 29.7267 12.9886 29.9427 13.2309C30.1587 13.4738 30.4299 13.5955 30.7558 13.5955C31.0811 13.5955 31.3524 13.4738 31.5684 13.2309ZM29.4673 14.3065C29.159 14.1049 28.9177 13.8234 28.7429 13.4619C28.5681 13.101 28.481 12.6952 28.481 12.2446C28.481 11.7888 28.5655 11.3815 28.7341 11.0231C28.9032 10.6648 29.1384 10.3848 29.4405 10.1837C29.7426 9.98212 30.0891 9.88158 30.48 9.88158C30.7883 9.88158 31.0579 9.93624 31.2889 10.0455C31.5199 10.1554 31.6978 10.3106 31.8221 10.5122V8.24609H32.9239V14.5375H31.8221V13.9863C31.6916 14.1704 31.5137 14.3194 31.2889 14.4349C31.0636 14.5504 30.797 14.6086 30.4892 14.6086C30.1159 14.6086 29.7751 14.5076 29.4673 14.3065Z" fill="white"></path><path d="M34.9657 14.5375H33.8638V9.95224H34.9657V14.5375ZM33.9082 8.34408C34.0443 8.20796 34.2129 8.1399 34.4145 8.1399C34.6161 8.1399 34.7847 8.20796 34.9208 8.34408C35.0574 8.48071 35.1255 8.64931 35.1255 8.8504C35.1255 9.052 35.0574 9.22112 34.9208 9.35724C34.7847 9.49336 34.6161 9.56142 34.4145 9.56142C34.2129 9.56142 34.0443 9.49336 33.9082 9.35724C33.7715 9.22112 33.704 9.052 33.704 8.8504C33.704 8.64931 33.7715 8.48071 33.9082 8.34408Z" fill="white"></path><path d="M19.6791 19.3347C19.8894 19.1506 19.9946 18.8779 19.9946 18.5169C19.9946 18.1565 19.8894 17.8838 19.6791 17.6997C19.4682 17.5156 19.183 17.4233 18.8221 17.4233H17.5027V19.6111H18.8221C19.183 19.6111 19.4682 19.5188 19.6791 19.3347ZM17.5027 23.9628H16.0374V16.0704H18.9345C19.461 16.0704 19.9157 16.1776 20.2988 16.3921C20.6824 16.6061 20.9753 16.8995 21.1784 17.2712C21.3816 17.6435 21.4826 18.0586 21.4826 18.5169C21.4826 18.9758 21.3816 19.3909 21.1784 19.7632C20.9753 20.1354 20.6824 20.4283 20.2988 20.6423C19.9157 20.8568 19.461 20.9635 18.9345 20.9635H17.5027V23.9628Z" fill="white"></path><path d="M22.0396 18.1451H23.4379V19.0248C23.6029 18.7087 23.8359 18.4684 24.1365 18.3029C24.4376 18.1374 24.7717 18.0549 25.1404 18.0549C25.5235 18.0549 25.8241 18.1415 26.0422 18.3143L25.5689 19.4981C25.3729 19.3929 25.1662 19.3403 24.9486 19.3403C24.5124 19.3403 24.152 19.528 23.8663 19.9039C23.5802 20.2797 23.4379 20.8582 23.4379 21.6404V23.9627H22.0396V18.1451Z" fill="white"></path><path d="M27.8879 23.9627H26.4896V18.1451H27.8879V23.9627ZM26.5458 16.1044C26.7191 15.9316 26.933 15.845 27.1888 15.845C27.444 15.845 27.658 15.9316 27.8312 16.1044C28.0039 16.2771 28.0906 16.4916 28.0906 16.7468C28.0906 17.0026 28.0039 17.217 27.8312 17.3898C27.658 17.5625 27.444 17.6491 27.1888 17.6491C26.933 17.6491 26.7191 17.5625 26.5458 17.3898C26.3731 17.217 26.287 17.0026 26.287 16.7468C26.287 16.4916 26.3731 16.2771 26.5458 16.1044Z" fill="white"></path><path d="M30.0603 23.6693C29.6168 23.4141 29.2714 23.0588 29.0234 22.6041C28.7754 22.1493 28.6511 21.6327 28.6511 21.0537C28.6511 20.4752 28.7754 19.9585 29.0234 19.5038C29.2714 19.049 29.6168 18.6937 30.0603 18.438C30.5037 18.1828 31.011 18.0549 31.5823 18.0549C32.8749 18.0549 33.751 18.585 34.2093 19.6445L32.9353 20.2199C32.6424 19.6332 32.1913 19.3403 31.5823 19.3403C31.1466 19.3403 30.7857 19.4981 30.5001 19.8136C30.2144 20.1297 30.0716 20.5427 30.0716 21.0537C30.0716 21.5651 30.2144 21.9787 30.5001 22.2942C30.7857 22.6097 31.1466 22.7675 31.5823 22.7675C32.1913 22.7675 32.6424 22.4747 32.9353 21.8884L34.2093 22.4633C33.751 23.5229 32.8749 24.0529 31.5823 24.0529C31.011 24.0529 30.5037 23.9251 30.0603 23.6693Z" fill="white"></path><path d="M38.727 20.3999C38.6744 20.0694 38.5223 19.7987 38.2707 19.5883C38.0186 19.3779 37.7015 19.2728 37.3179 19.2728C36.9946 19.2728 36.7048 19.3723 36.4496 19.5713C36.1939 19.7708 36.0175 20.0467 35.9196 20.3999H38.727ZM40.1588 21.5048H35.8633C35.9381 21.9333 36.115 22.2586 36.3934 22.4803C36.6713 22.702 37.0095 22.8129 37.4081 22.8129C37.7386 22.8129 38.015 22.7433 38.2367 22.6041C38.4584 22.4649 38.6708 22.253 38.874 21.9673L40.0573 22.6097C39.7716 23.0759 39.4092 23.4327 38.9693 23.6812C38.5295 23.9287 37.983 24.0529 37.3292 24.0529C36.7125 24.0529 36.1846 23.9086 35.7453 23.6188C35.3055 23.3295 34.9765 22.9557 34.7584 22.4968C34.5403 22.0385 34.4315 21.5574 34.4315 21.0537C34.4315 20.5504 34.546 20.0694 34.7754 19.611C35.0044 19.1526 35.3374 18.7783 35.7731 18.4891C36.2088 18.1998 36.7239 18.0549 37.3179 18.0549C37.9191 18.0549 38.4341 18.19 38.8626 18.4607C39.2911 18.7314 39.6139 19.0866 39.832 19.5264C40.0501 19.9657 40.1588 20.4339 40.1588 20.9299V21.5048Z" fill="white"></path><path d="M16.3879 25.558H17.7399L19.2454 29.4977L20.751 25.558H22.1029V31.8684H20.9309V28.0282L19.6873 31.2915H18.8035L17.5599 28.0282V31.8684H16.3879V25.558Z" fill="white"></path><path d="M25.4058 30.7146C25.6131 30.5341 25.7167 30.3119 25.7167 30.0474V29.9216H24.8335C24.5746 29.9216 24.3689 29.971 24.2158 30.07C24.0626 30.169 23.9858 30.3057 23.9858 30.48C23.9858 30.6424 24.0415 30.7671 24.1529 30.8543C24.2637 30.9414 24.4277 30.9847 24.6437 30.9847C24.9443 30.9847 25.1985 30.8945 25.4058 30.7146ZM23.6074 31.7782C23.3671 31.67 23.1748 31.5122 23.0304 31.3049C22.886 31.0976 22.8138 30.8496 22.8138 30.5609C22.8138 30.1046 22.9855 29.7364 23.3279 29.457C23.6703 29.1775 24.1333 29.0378 24.7159 29.0378H25.7167V28.8754C25.7167 28.6413 25.6357 28.4531 25.4733 28.3118C25.3109 28.1711 25.0918 28.1004 24.8154 28.1004C24.5927 28.1004 24.3916 28.1592 24.2111 28.2763C24.0312 28.3933 23.8956 28.5299 23.8059 28.6862L22.9494 28.1726C23.1113 27.8782 23.3516 27.6333 23.6703 27.4379C23.9889 27.2425 24.3705 27.145 24.8154 27.145C25.4522 27.145 25.9482 27.2982 26.3024 27.6044C26.6572 27.9112 26.8345 28.3526 26.8345 28.9295V31.8685H25.9152L25.7621 31.2735C25.6115 31.4776 25.4207 31.6401 25.1892 31.7602C24.9582 31.8803 24.686 31.9401 24.3735 31.9401C24.1029 31.9401 23.8476 31.8865 23.6074 31.7782Z" fill="white"></path><path d="M27.8214 30.3V28.1726H27.1182V27.2167H27.8214V26.4417L28.9393 25.7384V27.2167H30.1381V28.1726H28.9393V30.2458C28.9393 30.6903 29.1166 30.9125 29.4709 30.9125C29.6333 30.9125 29.7895 30.8496 29.9395 30.7233L30.4443 31.5797C30.2881 31.706 30.1169 31.7978 29.9308 31.855C29.7446 31.9117 29.5549 31.9401 29.3626 31.9401C28.3355 31.9401 27.8214 31.3936 27.8214 30.3Z" fill="white"></path><path d="M31.5487 31.6339C31.194 31.4297 30.9176 31.1456 30.7196 30.7821C30.5211 30.4186 30.4221 30.0056 30.4221 29.5426C30.4221 29.0801 30.5211 28.6666 30.7196 28.3031C30.9176 27.9396 31.194 27.6555 31.5487 27.4513C31.9034 27.2471 32.3087 27.145 32.7655 27.145C33.7993 27.145 34.4995 27.5683 34.8661 28.416L33.8473 28.8754C33.6132 28.4067 33.2528 28.1726 32.7655 28.1726C32.417 28.1726 32.1288 28.2989 31.9004 28.5511C31.6719 28.8037 31.558 29.1342 31.558 29.5426C31.558 29.9509 31.6719 30.282 31.9004 30.5341C32.1288 30.7867 32.417 30.9125 32.7655 30.9125C33.2528 30.9125 33.6132 30.6785 33.8473 30.2098L34.8661 30.6697C34.4995 31.5168 33.7993 31.9401 32.7655 31.9401C32.3087 31.9401 31.9034 31.8386 31.5487 31.6339Z" fill="white"></path><path d="M35.3998 25.4863H36.5176V27.9473C36.662 27.707 36.8615 27.5132 37.1167 27.3657C37.3725 27.2188 37.6592 27.145 37.9778 27.145C38.4702 27.145 38.8579 27.2909 39.1405 27.5823C39.423 27.8736 39.5643 28.2804 39.5643 28.8037V31.8685H38.4465V29.0285C38.4465 28.7522 38.3758 28.5408 38.2346 28.3933C38.0933 28.2458 37.8907 28.1726 37.6262 28.1726C37.3199 28.1726 37.0585 28.3093 36.8419 28.5825C36.6254 28.8558 36.5176 29.275 36.5176 29.8401V31.8685H35.3998V25.4863Z" fill="white"></path></svg><p class="styled__StyledBodyText-sc-119w3hf-5 ggtTyf styled__DarkGreyBodyText-jk5kya-0 iwRWTH">Aldi Price Match</p></div></div></div></div><div class="styles__StyledBuyBoxWrapper-dvv1wj-4 dSvjUC"><div class="styles__StyledBuyBoxContainer-sc-1wx0qp6-0 erryje" data-auto="buybox-container"><div class="styles__SafeFormWrapper-jtpu2t-0 lcrYKS"><form action="https://www.tesco.com/groceries/en-GB/trolley/items/299425011?_method=PUT" method="POST"><input type="submit" class="hidden"><input name="id" type="hidden" value="299425011"><input name="identifier" type="hidden" value="Page"><input name="anchorId" type="hidden" value="#tile-299425011"><input name="returnUrl" type="hidden" value="/groceries/en-GB/shop/frozen-food/all?redirectIfUnavailable=true#tile-299425011"><input name="backToUrl" type="hidden" value="#"><input name="oldValue" type="hidden" value="0"><input name="oldUnitChoice" type="hidden" value="pcs"><input name="newUnitChoice" type="hidden" value="pcs"><div class="base-components__RootElement-sc-1mosoyj-1 styled__Container-sc-6nhkzi-0 jptQqM hSNpTb beans-buybox__container"><div class="base-components__BaseElement-sc-1mosoyj-0 styled__PriceAndActions-sc-6nhkzi-3 oznwo eEPLov beans-buybox__price-and-actions"><div class="base-components__RootElement-sc-1mosoyj-1 styled__Container-sc-8qlq5b-0 jptQqM bgZrjw styled__StyledPrice-sc-6nhkzi-5 iYHeik beans-buybox__price beans-price__container"><p class="styled__StyledHeading-sc-119w3hf-2 jWPEtj styled__Text-sc-8qlq5b-1 lnaeiZ beans-price__text">£0.66</p><p class="styled__StyledFootnote-sc-119w3hf-7 icrlVF styled__Subtext-sc-8qlq5b-2 bNJmdc beans-price__subtext">£0.21/100g</p></div><div class="base-components__RootElement-sc-1mosoyj-1 styled__Container-vtxwzb-0 jptQqM bDFhXJ beans-buybox__actions beans-quantity-controls__container"><div class="base-components__RootElement-sc-1mosoyj-1 styled__Container-sc-16t2b2a-0 jptQqM PUfgZ styled__StyledFormGroup-vtxwzb-1 kzKuAr beans-quantity-controls__form-group beans-form-group__container"><label class="styled__StyledLabel-sc-1ttuvhr-0 izGEjV beans-form-group__label beans-label" for="quantity-controls-299425011">Quantity controls </label><div class="base-components__BaseElement-sc-1mosoyj-0 styled__Children-sc-16t2b2a-3 oznwo gdJvjO beans-form-group__children"><div class="styled__StyledQuantityControlWrapper-vtxwzb-6 LCxOg"><label id="quantity-controls-299425011-label" class="styled__VisuallyHiddenLabel-vtxwzb-7 gXlLiM">Quantity of Hearty Food Thin Pepperoni Pizza 314G</label><div class="component__Wrapper-sc-1kpmik-3 dReplG input-wrapper"><input class="base-components__RootElement-sc-1mosoyj-1 styled__StyledInput-sc-1jd5f57-0 component__StyledAsInput-sc-1kpmik-4 jptQqM eJLlow styled__StyledInput-vtxwzb-3 lwMHo beans-quantity-controls__input beans-input" data-auto="beans-quantity-controls-input" autocomplete="off" id="quantity-controls-299425011" maxlength="2" name="newValue" type="number" aria-labelledby="quantity-controls-299425011-label" value="1"></div></div><button class="styled__BaseButton-rsekm1-0 styled__PrimaryButton-rsekm1-2 jChbeY geeWOF styled__StyledButton-vtxwzb-5 japAxb beans-quantity-controls__add-button beans-button__container" type="submit" data-auto="beans-quantity-controls-add-button" aria-label="Quantity of Hearty Food Thin Pepperoni Pizza 314G"><span class="base-components__BaseElement-sc-1mosoyj-0 styled__InnerContainer-rsekm1-1 oznwo fuFres beans-button__inner-container"><span class="base-components__BaseElement-sc-1mosoyj-0 styled__TextSpan-rsekm1-4 oznwo GDiMp beans-button__text">Add</span></span></button></div></div></div></div></div><input name="_csrf" type="hidden" value="0WbpBJF9-cS-fAMl-ByHnl5hECj1JaZiBQ20"></form></div></div></div></div><div class="hidden-medium product-info-section-small"><div class="product-info-message-list"><div class="styled__WhiteBackground-sc-9yzfq2-1 jthPIJ"><svg width="56" height="56" viewBox="0 0 56 56" fill="none" xmlns="http://www.w3.org/2000/svg"><path d="M52.1301 27.8766C52.1301 14.5534 41.3293 3.75308 28.0066 3.75308C14.6834 3.75308 3.88306 14.5534 3.88306 27.8766C3.88306 41.1998 14.6834 52.0002 28.0066 52.0002C41.3293 52.0002 52.1301 41.1998 52.1301 27.8766Z" fill="#EE1C2E"></path><path d="M19.6853 36.5687L31.8169 48.6998L52.6633 27.8998L51.9894 23.0423L31.886 43.1452L22.5438 33.803L19.6853 36.5687Z" fill="white"></path><path d="M24.2699 12.0048L23.5594 9.93467L22.8484 12.0048H24.2699ZM24.6345 13.0711H22.4844L21.9776 14.5375H20.7515L22.9815 8.31722H24.1369L26.3669 14.5375H25.1408L24.6345 13.0711Z" fill="white"></path><path d="M27.8359 14.5375H26.734V8.24609H27.8359V14.5375Z" fill="white"></path><path d="M31.5684 13.2309C31.7849 12.9886 31.8927 12.6597 31.8927 12.2446C31.8927 11.8306 31.7849 11.5016 31.5684 11.2588C31.3524 11.0159 31.0811 10.8942 30.7558 10.8942C30.4299 10.8942 30.1587 11.0159 29.9427 11.2588C29.7267 11.5016 29.6184 11.8306 29.6184 12.2446C29.6184 12.6597 29.7267 12.9886 29.9427 13.2309C30.1587 13.4738 30.4299 13.5955 30.7558 13.5955C31.0811 13.5955 31.3524 13.4738 31.5684 13.2309ZM29.4673 14.3065C29.159 14.1049 28.9177 13.8234 28.7429 13.4619C28.5681 13.101 28.481 12.6952 28.481 12.2446C28.481 11.7888 28.5655 11.3815 28.7341 11.0231C28.9032 10.6648 29.1384 10.3848 29.4405 10.1837C29.7426 9.98212 30.0891 9.88158 30.48 9.88158C30.7883 9.88158 31.0579 9.93624 31.2889 10.0455C31.5199 10.1554 31.6978 10.3106 31.8221 10.5122V8.24609H32.9239V14.5375H31.8221V13.9863C31.6916 14.1704 31.5137 14.3194 31.2889 14.4349C31.0636 14.5504 30.797 14.6086 30.4892 14.6086C30.1159 14.6086 29.7751 14.5076 29.4673 14.3065Z" fill="white"></path><path d="M34.9657 14.5375H33.8638V9.95224H34.9657V14.5375ZM33.9082 8.34408C34.0443 8.20796 34.2129 8.1399 34.4145 8.1399C34.6161 8.1399 34.7847 8.20796 34.9208 8.34408C35.0574 8.48071 35.1255 8.64931 35.1255 8.8504C35.1255 9.052 35.0574 9.22112 34.9208 9.35724C34.7847 9.49336 34.6161 9.56142 34.4145 9.56142C34.2129 9.56142 34.0443 9.49336 33.9082 9.35724C33.7715 9.22112 33.704 9.052 33.704 8.8504C33.704 8.64931 33.7715 8.48071 33.9082 8.34408Z" fill="white"></path><path d="M19.6791 19.3347C19.8894 19.1506 19.9946 18.8779 19.9946 18.5169C19.9946 18.1565 19.8894 17.8838 19.6791 17.6997C19.4682 17.5156 19.183 17.4233 18.8221 17.4233H17.5027V19.6111H18.8221C19.183 19.6111 19.4682 19.5188 19.6791 19.3347ZM17.5027 23.9628H16.0374V16.0704H18.9345C19.461 16.0704 19.9157 16.1776 20.2988 16.3921C20.6824 16.6061 20.9753 16.8995 21.1784 17.2712C21.3816 17.6435 21.4826 18.0586 21.4826 18.5169C21.4826 18.9758 21.3816 19.3909 21.1784 19.7632C20.9753 20.1354 20.6824 20.4283 20.2988 20.6423C19.9157 20.8568 19.461 20.9635 18.9345 20.9635H17.5027V23.9628Z" fill="white"></path><path d="M22.0396 18.1451H23.4379V19.0248C23.6029 18.7087 23.8359 18.4684 24.1365 18.3029C24.4376 18.1374 24.7717 18.0549 25.1404 18.0549C25.5235 18.0549 25.8241 18.1415 26.0422 18.3143L25.5689 19.4981C25.3729 19.3929 25.1662 19.3403 24.9486 19.3403C24.5124 19.3403 24.152 19.528 23.8663 19.9039C23.5802 20.2797 23.4379 20.8582 23.4379 21.6404V23.9627H22.0396V18.1451Z" fill="white"></path><path d="M27.8879 23.9627H26.4896V18.1451H27.8879V23.9627ZM26.5458 16.1044C26.7191 15.9316 26.933 15.845 27.1888 15.845C27.444 15.845 27.658 15.9316 27.8312 16.1044C28.0039 16.2771 28.0906 16.4916 28.0906 16.7468C28.0906 17.0026 28.0039 17.217 27.8312 17.3898C27.658 17.5625 27.444 17.6491 27.1888 17.6491C26.933 17.6491 26.7191 17.5625 26.5458 17.3898C26.3731 17.217 26.287 17.0026 26.287 16.7468C26.287 16.4916 26.3731 16.2771 26.5458 16.1044Z" fill="white"></path><path d="M30.0603 23.6693C29.6168 23.4141 29.2714 23.0588 29.0234 22.6041C28.7754 22.1493 28.6511 21.6327 28.6511 21.0537C28.6511 20.4752 28.7754 19.9585 29.0234 19.5038C29.2714 19.049 29.6168 18.6937 30.0603 18.438C30.5037 18.1828 31.011 18.0549 31.5823 18.0549C32.8749 18.0549 33.751 18.585 34.2093 19.6445L32.9353 20.2199C32.6424 19.6332 32.1913 19.3403 31.5823 19.3403C31.1466 19.3403 30.7857 19.4981 30.5001 19.8136C30.2144 20.1297 30.0716 20.5427 30.0716 21.0537C30.0716 21.5651 30.2144 21.9787 30.5001 22.2942C30.7857 22.6097 31.1466 22.7675 31.5823 22.7675C32.1913 22.7675 32.6424 22.4747 32.9353 21.8884L34.2093 22.4633C33.751 23.5229 32.8749 24.0529 31.5823 24.0529C31.011 24.0529 30.5037 23.9251 30.0603 23.6693Z" fill="white"></path><path d="M38.727 20.3999C38.6744 20.0694 38.5223 19.7987 38.2707 19.5883C38.0186 19.3779 37.7015 19.2728 37.3179 19.2728C36.9946 19.2728 36.7048 19.3723 36.4496 19.5713C36.1939 19.7708 36.0175 20.0467 35.9196 20.3999H38.727ZM40.1588 21.5048H35.8633C35.9381 21.9333 36.115 22.2586 36.3934 22.4803C36.6713 22.702 37.0095 22.8129 37.4081 22.8129C37.7386 22.8129 38.015 22.7433 38.2367 22.6041C38.4584 22.4649 38.6708 22.253 38.874 21.9673L40.0573 22.6097C39.7716 23.0759 39.4092 23.4327 38.9693 23.6812C38.5295 23.9287 37.983 24.0529 37.3292 24.0529C36.7125 24.0529 36.1846 23.9086 35.7453 23.6188C35.3055 23.3295 34.9765 22.9557 34.7584 22.4968C34.5403 22.0385 34.4315 21.5574 34.4315 21.0537C34.4315 20.5504 34.546 20.0694 34.7754 19.611C35.0044 19.1526 35.3374 18.7783 35.7731 18.4891C36.2088 18.1998 36.7239 18.0549 37.3179 18.0549C37.9191 18.0549 38.4341 18.19 38.8626 18.4607C39.2911 18.7314 39.6139 19.0866 39.832 19.5264C40.0501 19.9657 40.1588 20.4339 40.1588 20.9299V21.5048Z" fill="white"></path><path d="M16.3879 25.558H17.7399L19.2454 29.4977L20.751 25.558H22.1029V31.8684H20.9309V28.0282L19.6873 31.2915H18.8035L17.5599 28.0282V31.8684H16.3879V25.558Z" fill="white"></path><path d="M25.4058 30.7146C25.6131 30.5341 25.7167 30.3119 25.7167 30.0474V29.9216H24.8335C24.5746 29.9216 24.3689 29.971 24.2158 30.07C24.0626 30.169 23.9858 30.3057 23.9858 30.48C23.9858 30.6424 24.0415 30.7671 24.1529 30.8543C24.2637 30.9414 24.4277 30.9847 24.6437 30.9847C24.9443 30.9847 25.1985 30.8945 25.4058 30.7146ZM23.6074 31.7782C23.3671 31.67 23.1748 31.5122 23.0304 31.3049C22.886 31.0976 22.8138 30.8496 22.8138 30.5609C22.8138 30.1046 22.9855 29.7364 23.3279 29.457C23.6703 29.1775 24.1333 29.0378 24.7159 29.0378H25.7167V28.8754C25.7167 28.6413 25.6357 28.4531 25.4733 28.3118C25.3109 28.1711 25.0918 28.1004 24.8154 28.1004C24.5927 28.1004 24.3916 28.1592 24.2111 28.2763C24.0312 28.3933 23.8956 28.5299 23.8059 28.6862L22.9494 28.1726C23.1113 27.8782 23.3516 27.6333 23.6703 27.4379C23.9889 27.2425 24.3705 27.145 24.8154 27.145C25.4522 27.145 25.9482 27.2982 26.3024 27.6044C26.6572 27.9112 26.8345 28.3526 26.8345 28.9295V31.8685H25.9152L25.7621 31.2735C25.6115 31.4776 25.4207 31.6401 25.1892 31.7602C24.9582 31.8803 24.686 31.9401 24.3735 31.9401C24.1029 31.9401 23.8476 31.8865 23.6074 31.7782Z" fill="white"></path><path d="M27.8214 30.3V28.1726H27.1182V27.2167H27.8214V26.4417L28.9393 25.7384V27.2167H30.1381V28.1726H28.9393V30.2458C28.9393 30.6903 29.1166 30.9125 29.4709 30.9125C29.6333 30.9125 29.7895 30.8496 29.9395 30.7233L30.4443 31.5797C30.2881 31.706 30.1169 31.7978 29.9308 31.855C29.7446 31.9117 29.5549 31.9401 29.3626 31.9401C28.3355 31.9401 27.8214 31.3936 27.8214 30.3Z" fill="white"></path><path d="M31.5487 31.6339C31.194 31.4297 30.9176 31.1456 30.7196 30.7821C30.5211 30.4186 30.4221 30.0056 30.4221 29.5426C30.4221 29.0801 30.5211 28.6666 30.7196 28.3031C30.9176 27.9396 31.194 27.6555 31.5487 27.4513C31.9034 27.2471 32.3087 27.145 32.7655 27.145C33.7993 27.145 34.4995 27.5683 34.8661 28.416L33.8473 28.8754C33.6132 28.4067 33.2528 28.1726 32.7655 28.1726C32.417 28.1726 32.1288 28.2989 31.9004 28.5511C31.6719 28.8037 31.558 29.1342 31.558 29.5426C31.558 29.9509 31.6719 30.282 31.9004 30.5341C32.1288 30.7867 32.417 30.9125 32.7655 30.9125C33.2528 30.9125 33.6132 30.6785 33.8473 30.2098L34.8661 30.6697C34.4995 31.5168 33.7993 31.9401 32.7655 31.9401C32.3087 31.9401 31.9034 31.8386 31.5487 31.6339Z" fill="white"></path><path d="M35.3998 25.4863H36.5176V27.9473C36.662 27.707 36.8615 27.5132 37.1167 27.3657C37.3725 27.2188 37.6592 27.145 37.9778 27.145C38.4702 27.145 38.8579 27.2909 39.1405 27.5823C39.423 27.8736 39.5643 28.2804 39.5643 28.8037V31.8685H38.4465V29.0285C38.4465 28.7522 38.3758 28.5408 38.2346 28.3933C38.0933 28.2458 37.8907 28.1726 37.6262 28.1726C37.3199 28.1726 37.0585 28.3093 36.8419 28.5825C36.6254 28.8558 36.5176 29.275 36.5176 29.8401V31.8685H35.3998V25.4863Z" fill="white"></path></svg><p class="styled__StyledBodyText-sc-119w3hf-5 ggtTyf styled__DarkGreyBodyText-jk5kya-0 iwRWTH">Aldi Price Match</p></div></div></div></div></div></div></div></li><li class="product-list--list-item"><div class="styles__StyledVerticalTileWrapper-dvv1wj-0 dtCNPH"><div data-auto="product-tile" data-auto-type="Quantity" data-auto-available="true" data-auto-is-restricted-disabled="false" data-auto-is-substitute="false" class="styles__StyledVerticalTile-dvv1wj-1 gSCsYK"><div class="styles__StyledTileContentWrapper-dvv1wj-2 bkNhNP beans"><div id="tile-299539406" data-auto-id="299539406" class="styles__StyledTiledContent-dvv1wj-3 bcglTg"><a href="https://www.tesco.com/groceries/en-GB/products/299539406" aria-hidden="true" class="product-image-wrapper" tabindex="1"><div class="product-image__container"><picture><img class="styled__Image-sjvkdn-0 bJErKA product-image beans-responsive-image__image" src="data:image/gif;base64,R0lGODlhAQABAAAAACH5BAEKAAEALAAAAAABAAEAAAICTAEAOw==" srcset="https://digitalcontent.api.tesco.com/v2/media/ghs/dc599dc4-3d00-476a-922e-2f164a6a152c/38844704-1812-407e-a9e2-2040b3f21f38.jpeg?h=225&amp;w=225 768w, data:image/gif;base64,R0lGODlhAQABAAAAACH5BAEKAAEALAAAAAABAAEAAAICTAEAOw== 4000w" alt="Grower&#39;s Harvest Garden Peas 900G"></picture></div></a><div class="product-details--wrapper"><h3 class="styles__H3-oa5soe-0 bCKNNq"><a href="https://www.tesco.com/groceries/en-GB/products/299539406" class="styled__Anchor-sc-1xbujuz-0 csVOnh beans-link__anchor" data-auto="product-tile--title"><span class="styled__Text-sc-1xbujuz-1 ldbwMG beans-link__text">Grower's Harvest Garden Peas 900G</span></a></h3><div class="styles__StyledPromotionsAboveMobile-dvv1wj-7 iPTMuo"></div><div class="styles__StyledProductDetailsContent-dvv1wj-5 ddRSrq"><a href="https://www.tesco.com/groceries/en-GB/reviews/submission/299539406?from=%2Fshop%2Ffrozen-food%2Fall" aria-label="Write a review for Grower&#39;s Harvest Garden Peas 900G" class="styled__Anchor-sc-1xbujuz-0 jSzuDt write-a-review-link beans-link__anchor" data-auto="review-link"><span class="styled__Text-sc-1xbujuz-1 fyDIEo beans-link__text">Write a review</span><span class="styled__IconContainer-sc-1xbujuz-2 bSauSL beans-link__icon-container"><svg aria-hidden="true" class="styled__SVG-xxa4wh-1 hQMCqc beans-link__icon beans-icon__svg" height="13.33" preserveAspectRatio="xMinYMax meet" viewBox="-1 0 12 20" width="8" xmlns="http://www.w3.org/2000/svg" color="currentColor"><path d="M1.312 1.348L10.276 10l-8.964 8.644" fill="none" stroke="currentColor"></path></svg></span></a><div><a href="https://www.tesco.com/groceries/en-GB/shop/frozen-food/frozen-vegetables-and-herbs/frozen-peas/frozen-garden-peas" class="styled__Anchor-sc-1xbujuz-0 jSzuDt rest-of-shelf-link beans-link__anchor" data-auto="rest-of-shelf-link"><span class="styled__Text-sc-1xbujuz-1 fyDIEo beans-link__text">Rest of <span class="visually-hidden">Frozen Garden Peas</span> shelf</span><span class="styled__IconContainer-sc-1xbujuz-2 bSauSL beans-link__icon-container"><svg aria-hidden="true" class="styled__SVG-xxa4wh-1 hQMCqc beans-link__icon beans-icon__svg" height="13.33" preserveAspectRatio="xMinYMax meet" viewBox="-1 0 12 20" width="8" xmlns="http://www.w3.org/2000/svg" color="currentColor"><path d="M1.312 1.348L10.276 10l-8.964 8.644" fill="none" stroke="currentColor"></path></svg></span></a></div><div class="product-info-message-section"><div class="product-info-message-list"><div class="styled__WhiteBackground-sc-9yzfq2-1 jthPIJ"><svg width="56" height="56" viewBox="0 0 56 56" fill="none" xmlns="http://www.w3.org/2000/svg"><path d="M52.1301 27.8766C52.1301 14.5534 41.3293 3.75308 28.0066 3.75308C14.6834 3.75308 3.88306 14.5534 3.88306 27.8766C3.88306 41.1998 14.6834 52.0002 28.0066 52.0002C41.3293 52.0002 52.1301 41.1998 52.1301 27.8766Z" fill="#EE1C2E"></path><path d="M19.6853 36.5687L31.8169 48.6998L52.6633 27.8998L51.9894 23.0423L31.886 43.1452L22.5438 33.803L19.6853 36.5687Z" fill="white"></path><path d="M24.2699 12.0048L23.5594 9.93467L22.8484 12.0048H24.2699ZM24.6345 13.0711H22.4844L21.9776 14.5375H20.7515L22.9815 8.31722H24.1369L26.3669 14.5375H25.1408L24.6345 13.0711Z" fill="white"></path><path d="M27.8359 14.5375H26.734V8.24609H27.8359V14.5375Z" fill="white"></path><path d="M31.5684 13.2309C31.7849 12.9886 31.8927 12.6597 31.8927 12.2446C31.8927 11.8306 31.7849 11.5016 31.5684 11.2588C31.3524 11.0159 31.0811 10.8942 30.7558 10.8942C30.4299 10.8942 30.1587 11.0159 29.9427 11.2588C29.7267 11.5016 29.6184 11.8306 29.6184 12.2446C29.6184 12.6597 29.7267 12.9886 29.9427 13.2309C30.1587 13.4738 30.4299 13.5955 30.7558 13.5955C31.0811 13.5955 31.3524 13.4738 31.5684 13.2309ZM29.4673 14.3065C29.159 14.1049 28.9177 13.8234 28.7429 13.4619C28.5681 13.101 28.481 12.6952 28.481 12.2446C28.481 11.7888 28.5655 11.3815 28.7341 11.0231C28.9032 10.6648 29.1384 10.3848 29.4405 10.1837C29.7426 9.98212 30.0891 9.88158 30.48 9.88158C30.7883 9.88158 31.0579 9.93624 31.2889 10.0455C31.5199 10.1554 31.6978 10.3106 31.8221 10.5122V8.24609H32.9239V14.5375H31.8221V13.9863C31.6916 14.1704 31.5137 14.3194 31.2889 14.4349C31.0636 14.5504 30.797 14.6086 30.4892 14.6086C30.1159 14.6086 29.7751 14.5076 29.4673 14.3065Z" fill="white"></path><path d="M34.9657 14.5375H33.8638V9.95224H34.9657V14.5375ZM33.9082 8.34408C34.0443 8.20796 34.2129 8.1399 34.4145 8.1399C34.6161 8.1399 34.7847 8.20796 34.9208 8.34408C35.0574 8.48071 35.1255 8.64931 35.1255 8.8504C35.1255 9.052 35.0574 9.22112 34.9208 9.35724C34.7847 9.49336 34.6161 9.56142 34.4145 9.56142C34.2129 9.56142 34.0443 9.49336 33.9082 9.35724C33.7715 9.22112 33.704 9.052 33.704 8.8504C33.704 8.64931 33.7715 8.48071 33.9082 8.34408Z" fill="white"></path><path d="M19.6791 19.3347C19.8894 19.1506 19.9946 18.8779 19.9946 18.5169C19.9946 18.1565 19.8894 17.8838 19.6791 17.6997C19.4682 17.5156 19.183 17.4233 18.8221 17.4233H17.5027V19.6111H18.8221C19.183 19.6111 19.4682 19.5188 19.6791 19.3347ZM17.5027 23.9628H16.0374V16.0704H18.9345C19.461 16.0704 19.9157 16.1776 20.2988 16.3921C20.6824 16.6061 20.9753 16.8995 21.1784 17.2712C21.3816 17.6435 21.4826 18.0586 21.4826 18.5169C21.4826 18.9758 21.3816 19.3909 21.1784 19.7632C20.9753 20.1354 20.6824 20.4283 20.2988 20.6423C19.9157 20.8568 19.461 20.9635 18.9345 20.9635H17.5027V23.9628Z" fill="white"></path><path d="M22.0396 18.1451H23.4379V19.0248C23.6029 18.7087 23.8359 18.4684 24.1365 18.3029C24.4376 18.1374 24.7717 18.0549 25.1404 18.0549C25.5235 18.0549 25.8241 18.1415 26.0422 18.3143L25.5689 19.4981C25.3729 19.3929 25.1662 19.3403 24.9486 19.3403C24.5124 19.3403 24.152 19.528 23.8663 19.9039C23.5802 20.2797 23.4379 20.8582 23.4379 21.6404V23.9627H22.0396V18.1451Z" fill="white"></path><path d="M27.8879 23.9627H26.4896V18.1451H27.8879V23.9627ZM26.5458 16.1044C26.7191 15.9316 26.933 15.845 27.1888 15.845C27.444 15.845 27.658 15.9316 27.8312 16.1044C28.0039 16.2771 28.0906 16.4916 28.0906 16.7468C28.0906 17.0026 28.0039 17.217 27.8312 17.3898C27.658 17.5625 27.444 17.6491 27.1888 17.6491C26.933 17.6491 26.7191 17.5625 26.5458 17.3898C26.3731 17.217 26.287 17.0026 26.287 16.7468C26.287 16.4916 26.3731 16.2771 26.5458 16.1044Z" fill="white"></path><path d="M30.0603 23.6693C29.6168 23.4141 29.2714 23.0588 29.0234 22.6041C28.7754 22.1493 28.6511 21.6327 28.6511 21.0537C28.6511 20.4752 28.7754 19.9585 29.0234 19.5038C29.2714 19.049 29.6168 18.6937 30.0603 18.438C30.5037 18.1828 31.011 18.0549 31.5823 18.0549C32.8749 18.0549 33.751 18.585 34.2093 19.6445L32.9353 20.2199C32.6424 19.6332 32.1913 19.3403 31.5823 19.3403C31.1466 19.3403 30.7857 19.4981 30.5001 19.8136C30.2144 20.1297 30.0716 20.5427 30.0716 21.0537C30.0716 21.5651 30.2144 21.9787 30.5001 22.2942C30.7857 22.6097 31.1466 22.7675 31.5823 22.7675C32.1913 22.7675 32.6424 22.4747 32.9353 21.8884L34.2093 22.4633C33.751 23.5229 32.8749 24.0529 31.5823 24.0529C31.011 24.0529 30.5037 23.9251 30.0603 23.6693Z" fill="white"></path><path d="M38.727 20.3999C38.6744 20.0694 38.5223 19.7987 38.2707 19.5883C38.0186 19.3779 37.7015 19.2728 37.3179 19.2728C36.9946 19.2728 36.7048 19.3723 36.4496 19.5713C36.1939 19.7708 36.0175 20.0467 35.9196 20.3999H38.727ZM40.1588 21.5048H35.8633C35.9381 21.9333 36.115 22.2586 36.3934 22.4803C36.6713 22.702 37.0095 22.8129 37.4081 22.8129C37.7386 22.8129 38.015 22.7433 38.2367 22.6041C38.4584 22.4649 38.6708 22.253 38.874 21.9673L40.0573 22.6097C39.7716 23.0759 39.4092 23.4327 38.9693 23.6812C38.5295 23.9287 37.983 24.0529 37.3292 24.0529C36.7125 24.0529 36.1846 23.9086 35.7453 23.6188C35.3055 23.3295 34.9765 22.9557 34.7584 22.4968C34.5403 22.0385 34.4315 21.5574 34.4315 21.0537C34.4315 20.5504 34.546 20.0694 34.7754 19.611C35.0044 19.1526 35.3374 18.7783 35.7731 18.4891C36.2088 18.1998 36.7239 18.0549 37.3179 18.0549C37.9191 18.0549 38.4341 18.19 38.8626 18.4607C39.2911 18.7314 39.6139 19.0866 39.832 19.5264C40.0501 19.9657 40.1588 20.4339 40.1588 20.9299V21.5048Z" fill="white"></path><path d="M16.3879 25.558H17.7399L19.2454 29.4977L20.751 25.558H22.1029V31.8684H20.9309V28.0282L19.6873 31.2915H18.8035L17.5599 28.0282V31.8684H16.3879V25.558Z" fill="white"></path><path d="M25.4058 30.7146C25.6131 30.5341 25.7167 30.3119 25.7167 30.0474V29.9216H24.8335C24.5746 29.9216 24.3689 29.971 24.2158 30.07C24.0626 30.169 23.9858 30.3057 23.9858 30.48C23.9858 30.6424 24.0415 30.7671 24.1529 30.8543C24.2637 30.9414 24.4277 30.9847 24.6437 30.9847C24.9443 30.9847 25.1985 30.8945 25.4058 30.7146ZM23.6074 31.7782C23.3671 31.67 23.1748 31.5122 23.0304 31.3049C22.886 31.0976 22.8138 30.8496 22.8138 30.5609C22.8138 30.1046 22.9855 29.7364 23.3279 29.457C23.6703 29.1775 24.1333 29.0378 24.7159 29.0378H25.7167V28.8754C25.7167 28.6413 25.6357 28.4531 25.4733 28.3118C25.3109 28.1711 25.0918 28.1004 24.8154 28.1004C24.5927 28.1004 24.3916 28.1592 24.2111 28.2763C24.0312 28.3933 23.8956 28.5299 23.8059 28.6862L22.9494 28.1726C23.1113 27.8782 23.3516 27.6333 23.6703 27.4379C23.9889 27.2425 24.3705 27.145 24.8154 27.145C25.4522 27.145 25.9482 27.2982 26.3024 27.6044C26.6572 27.9112 26.8345 28.3526 26.8345 28.9295V31.8685H25.9152L25.7621 31.2735C25.6115 31.4776 25.4207 31.6401 25.1892 31.7602C24.9582 31.8803 24.686 31.9401 24.3735 31.9401C24.1029 31.9401 23.8476 31.8865 23.6074 31.7782Z" fill="white"></path><path d="M27.8214 30.3V28.1726H27.1182V27.2167H27.8214V26.4417L28.9393 25.7384V27.2167H30.1381V28.1726H28.9393V30.2458C28.9393 30.6903 29.1166 30.9125 29.4709 30.9125C29.6333 30.9125 29.7895 30.8496 29.9395 30.7233L30.4443 31.5797C30.2881 31.706 30.1169 31.7978 29.9308 31.855C29.7446 31.9117 29.5549 31.9401 29.3626 31.9401C28.3355 31.9401 27.8214 31.3936 27.8214 30.3Z" fill="white"></path><path d="M31.5487 31.6339C31.194 31.4297 30.9176 31.1456 30.7196 30.7821C30.5211 30.4186 30.4221 30.0056 30.4221 29.5426C30.4221 29.0801 30.5211 28.6666 30.7196 28.3031C30.9176 27.9396 31.194 27.6555 31.5487 27.4513C31.9034 27.2471 32.3087 27.145 32.7655 27.145C33.7993 27.145 34.4995 27.5683 34.8661 28.416L33.8473 28.8754C33.6132 28.4067 33.2528 28.1726 32.7655 28.1726C32.417 28.1726 32.1288 28.2989 31.9004 28.5511C31.6719 28.8037 31.558 29.1342 31.558 29.5426C31.558 29.9509 31.6719 30.282 31.9004 30.5341C32.1288 30.7867 32.417 30.9125 32.7655 30.9125C33.2528 30.9125 33.6132 30.6785 33.8473 30.2098L34.8661 30.6697C34.4995 31.5168 33.7993 31.9401 32.7655 31.9401C32.3087 31.9401 31.9034 31.8386 31.5487 31.6339Z" fill="white"></path><path d="M35.3998 25.4863H36.5176V27.9473C36.662 27.707 36.8615 27.5132 37.1167 27.3657C37.3725 27.2188 37.6592 27.145 37.9778 27.145C38.4702 27.145 38.8579 27.2909 39.1405 27.5823C39.423 27.8736 39.5643 28.2804 39.5643 28.8037V31.8685H38.4465V29.0285C38.4465 28.7522 38.3758 28.5408 38.2346 28.3933C38.0933 28.2458 37.8907 28.1726 37.6262 28.1726C37.3199 28.1726 37.0585 28.3093 36.8419 28.5825C36.6254 28.8558 36.5176 29.275 36.5176 29.8401V31.8685H35.3998V25.4863Z" fill="white"></path></svg><p class="styled__StyledBodyText-sc-119w3hf-5 ggtTyf styled__DarkGreyBodyText-jk5kya-0 iwRWTH">Aldi Price Match</p></div></div></div></div><div class="styles__StyledBuyBoxWrapper-dvv1wj-4 dSvjUC"><div class="styles__StyledBuyBoxContainer-sc-1wx0qp6-0 erryje" data-auto="buybox-container"><div class="styles__SafeFormWrapper-jtpu2t-0 lcrYKS"><form action="https://www.tesco.com/groceries/en-GB/trolley/items/299539406?_method=PUT" method="POST"><input type="submit" class="hidden"><input name="id" type="hidden" value="299539406"><input name="identifier" type="hidden" value="Page"><input name="anchorId" type="hidden" value="#tile-299539406"><input name="returnUrl" type="hidden" value="/groceries/en-GB/shop/frozen-food/all?redirectIfUnavailable=true#tile-299539406"><input name="backToUrl" type="hidden" value="#"><input name="oldValue" type="hidden" value="0"><input name="oldUnitChoice" type="hidden" value="pcs"><input name="newUnitChoice" type="hidden" value="pcs"><div class="base-components__RootElement-sc-1mosoyj-1 styled__Container-sc-6nhkzi-0 jptQqM hSNpTb beans-buybox__container"><div class="base-components__BaseElement-sc-1mosoyj-0 styled__PriceAndActions-sc-6nhkzi-3 oznwo eEPLov beans-buybox__price-and-actions"><div class="base-components__RootElement-sc-1mosoyj-1 styled__Container-sc-8qlq5b-0 jptQqM bgZrjw styled__StyledPrice-sc-6nhkzi-5 iYHeik beans-buybox__price beans-price__container"><p class="styled__StyledHeading-sc-119w3hf-2 jWPEtj styled__Text-sc-8qlq5b-1 lnaeiZ beans-price__text">£0.55</p><p class="styled__StyledFootnote-sc-119w3hf-7 icrlVF styled__Subtext-sc-8qlq5b-2 bNJmdc beans-price__subtext">£0.61/kg</p></div><div class="base-components__RootElement-sc-1mosoyj-1 styled__Container-vtxwzb-0 jptQqM bDFhXJ beans-buybox__actions beans-quantity-controls__container"><div class="base-components__RootElement-sc-1mosoyj-1 styled__Container-sc-16t2b2a-0 jptQqM PUfgZ styled__StyledFormGroup-vtxwzb-1 kzKuAr beans-quantity-controls__form-group beans-form-group__container"><label class="styled__StyledLabel-sc-1ttuvhr-0 izGEjV beans-form-group__label beans-label" for="quantity-controls-299539406">Quantity controls </label><div class="base-components__BaseElement-sc-1mosoyj-0 styled__Children-sc-16t2b2a-3 oznwo gdJvjO beans-form-group__children"><div class="styled__StyledQuantityControlWrapper-vtxwzb-6 LCxOg"><label id="quantity-controls-299539406-label" class="styled__VisuallyHiddenLabel-vtxwzb-7 gXlLiM">Quantity of Grower's Harvest Garden Peas 900G</label><div class="component__Wrapper-sc-1kpmik-3 dReplG input-wrapper"><input class="base-components__RootElement-sc-1mosoyj-1 styled__StyledInput-sc-1jd5f57-0 component__StyledAsInput-sc-1kpmik-4 jptQqM eJLlow styled__StyledInput-vtxwzb-3 lwMHo beans-quantity-controls__input beans-input" data-auto="beans-quantity-controls-input" autocomplete="off" id="quantity-controls-299539406" maxlength="2" name="newValue" type="number" aria-labelledby="quantity-controls-299539406-label" value="1"></div></div><button class="styled__BaseButton-rsekm1-0 styled__PrimaryButton-rsekm1-2 jChbeY geeWOF styled__StyledButton-vtxwzb-5 japAxb beans-quantity-controls__add-button beans-button__container" type="submit" data-auto="beans-quantity-controls-add-button" aria-label="Quantity of Grower&#39;s Harvest Garden Peas 900G"><span class="base-components__BaseElement-sc-1mosoyj-0 styled__InnerContainer-rsekm1-1 oznwo fuFres beans-button__inner-container"><span class="base-components__BaseElement-sc-1mosoyj-0 styled__TextSpan-rsekm1-4 oznwo GDiMp beans-button__text">Add</span></span></button></div></div></div></div></div><input name="_csrf" type="hidden" value="0WbpBJF9-cS-fAMl-ByHnl5hECj1JaZiBQ20"></form></div></div></div></div><div class="hidden-medium product-info-section-small"><div class="product-info-message-list"><div class="styled__WhiteBackground-sc-9yzfq2-1 jthPIJ"><svg width="56" height="56" viewBox="0 0 56 56" fill="none" xmlns="http://www.w3.org/2000/svg"><path d="M52.1301 27.8766C52.1301 14.5534 41.3293 3.75308 28.0066 3.75308C14.6834 3.75308 3.88306 14.5534 3.88306 27.8766C3.88306 41.1998 14.6834 52.0002 28.0066 52.0002C41.3293 52.0002 52.1301 41.1998 52.1301 27.8766Z" fill="#EE1C2E"></path><path d="M19.6853 36.5687L31.8169 48.6998L52.6633 27.8998L51.9894 23.0423L31.886 43.1452L22.5438 33.803L19.6853 36.5687Z" fill="white"></path><path d="M24.2699 12.0048L23.5594 9.93467L22.8484 12.0048H24.2699ZM24.6345 13.0711H22.4844L21.9776 14.5375H20.7515L22.9815 8.31722H24.1369L26.3669 14.5375H25.1408L24.6345 13.0711Z" fill="white"></path><path d="M27.8359 14.5375H26.734V8.24609H27.8359V14.5375Z" fill="white"></path><path d="M31.5684 13.2309C31.7849 12.9886 31.8927 12.6597 31.8927 12.2446C31.8927 11.8306 31.7849 11.5016 31.5684 11.2588C31.3524 11.0159 31.0811 10.8942 30.7558 10.8942C30.4299 10.8942 30.1587 11.0159 29.9427 11.2588C29.7267 11.5016 29.6184 11.8306 29.6184 12.2446C29.6184 12.6597 29.7267 12.9886 29.9427 13.2309C30.1587 13.4738 30.4299 13.5955 30.7558 13.5955C31.0811 13.5955 31.3524 13.4738 31.5684 13.2309ZM29.4673 14.3065C29.159 14.1049 28.9177 13.8234 28.7429 13.4619C28.5681 13.101 28.481 12.6952 28.481 12.2446C28.481 11.7888 28.5655 11.3815 28.7341 11.0231C28.9032 10.6648 29.1384 10.3848 29.4405 10.1837C29.7426 9.98212 30.0891 9.88158 30.48 9.88158C30.7883 9.88158 31.0579 9.93624 31.2889 10.0455C31.5199 10.1554 31.6978 10.3106 31.8221 10.5122V8.24609H32.9239V14.5375H31.8221V13.9863C31.6916 14.1704 31.5137 14.3194 31.2889 14.4349C31.0636 14.5504 30.797 14.6086 30.4892 14.6086C30.1159 14.6086 29.7751 14.5076 29.4673 14.3065Z" fill="white"></path><path d="M34.9657 14.5375H33.8638V9.95224H34.9657V14.5375ZM33.9082 8.34408C34.0443 8.20796 34.2129 8.1399 34.4145 8.1399C34.6161 8.1399 34.7847 8.20796 34.9208 8.34408C35.0574 8.48071 35.1255 8.64931 35.1255 8.8504C35.1255 9.052 35.0574 9.22112 34.9208 9.35724C34.7847 9.49336 34.6161 9.56142 34.4145 9.56142C34.2129 9.56142 34.0443 9.49336 33.9082 9.35724C33.7715 9.22112 33.704 9.052 33.704 8.8504C33.704 8.64931 33.7715 8.48071 33.9082 8.34408Z" fill="white"></path><path d="M19.6791 19.3347C19.8894 19.1506 19.9946 18.8779 19.9946 18.5169C19.9946 18.1565 19.8894 17.8838 19.6791 17.6997C19.4682 17.5156 19.183 17.4233 18.8221 17.4233H17.5027V19.6111H18.8221C19.183 19.6111 19.4682 19.5188 19.6791 19.3347ZM17.5027 23.9628H16.0374V16.0704H18.9345C19.461 16.0704 19.9157 16.1776 20.2988 16.3921C20.6824 16.6061 20.9753 16.8995 21.1784 17.2712C21.3816 17.6435 21.4826 18.0586 21.4826 18.5169C21.4826 18.9758 21.3816 19.3909 21.1784 19.7632C20.9753 20.1354 20.6824 20.4283 20.2988 20.6423C19.9157 20.8568 19.461 20.9635 18.9345 20.9635H17.5027V23.9628Z" fill="white"></path><path d="M22.0396 18.1451H23.4379V19.0248C23.6029 18.7087 23.8359 18.4684 24.1365 18.3029C24.4376 18.1374 24.7717 18.0549 25.1404 18.0549C25.5235 18.0549 25.8241 18.1415 26.0422 18.3143L25.5689 19.4981C25.3729 19.3929 25.1662 19.3403 24.9486 19.3403C24.5124 19.3403 24.152 19.528 23.8663 19.9039C23.5802 20.2797 23.4379 20.8582 23.4379 21.6404V23.9627H22.0396V18.1451Z" fill="white"></path><path d="M27.8879 23.9627H26.4896V18.1451H27.8879V23.9627ZM26.5458 16.1044C26.7191 15.9316 26.933 15.845 27.1888 15.845C27.444 15.845 27.658 15.9316 27.8312 16.1044C28.0039 16.2771 28.0906 16.4916 28.0906 16.7468C28.0906 17.0026 28.0039 17.217 27.8312 17.3898C27.658 17.5625 27.444 17.6491 27.1888 17.6491C26.933 17.6491 26.7191 17.5625 26.5458 17.3898C26.3731 17.217 26.287 17.0026 26.287 16.7468C26.287 16.4916 26.3731 16.2771 26.5458 16.1044Z" fill="white"></path><path d="M30.0603 23.6693C29.6168 23.4141 29.2714 23.0588 29.0234 22.6041C28.7754 22.1493 28.6511 21.6327 28.6511 21.0537C28.6511 20.4752 28.7754 19.9585 29.0234 19.5038C29.2714 19.049 29.6168 18.6937 30.0603 18.438C30.5037 18.1828 31.011 18.0549 31.5823 18.0549C32.8749 18.0549 33.751 18.585 34.2093 19.6445L32.9353 20.2199C32.6424 19.6332 32.1913 19.3403 31.5823 19.3403C31.1466 19.3403 30.7857 19.4981 30.5001 19.8136C30.2144 20.1297 30.0716 20.5427 30.0716 21.0537C30.0716 21.5651 30.2144 21.9787 30.5001 22.2942C30.7857 22.6097 31.1466 22.7675 31.5823 22.7675C32.1913 22.7675 32.6424 22.4747 32.9353 21.8884L34.2093 22.4633C33.751 23.5229 32.8749 24.0529 31.5823 24.0529C31.011 24.0529 30.5037 23.9251 30.0603 23.6693Z" fill="white"></path><path d="M38.727 20.3999C38.6744 20.0694 38.5223 19.7987 38.2707 19.5883C38.0186 19.3779 37.7015 19.2728 37.3179 19.2728C36.9946 19.2728 36.7048 19.3723 36.4496 19.5713C36.1939 19.7708 36.0175 20.0467 35.9196 20.3999H38.727ZM40.1588 21.5048H35.8633C35.9381 21.9333 36.115 22.2586 36.3934 22.4803C36.6713 22.702 37.0095 22.8129 37.4081 22.8129C37.7386 22.8129 38.015 22.7433 38.2367 22.6041C38.4584 22.4649 38.6708 22.253 38.874 21.9673L40.0573 22.6097C39.7716 23.0759 39.4092 23.4327 38.9693 23.6812C38.5295 23.9287 37.983 24.0529 37.3292 24.0529C36.7125 24.0529 36.1846 23.9086 35.7453 23.6188C35.3055 23.3295 34.9765 22.9557 34.7584 22.4968C34.5403 22.0385 34.4315 21.5574 34.4315 21.0537C34.4315 20.5504 34.546 20.0694 34.7754 19.611C35.0044 19.1526 35.3374 18.7783 35.7731 18.4891C36.2088 18.1998 36.7239 18.0549 37.3179 18.0549C37.9191 18.0549 38.4341 18.19 38.8626 18.4607C39.2911 18.7314 39.6139 19.0866 39.832 19.5264C40.0501 19.9657 40.1588 20.4339 40.1588 20.9299V21.5048Z" fill="white"></path><path d="M16.3879 25.558H17.7399L19.2454 29.4977L20.751 25.558H22.1029V31.8684H20.9309V28.0282L19.6873 31.2915H18.8035L17.5599 28.0282V31.8684H16.3879V25.558Z" fill="white"></path><path d="M25.4058 30.7146C25.6131 30.5341 25.7167 30.3119 25.7167 30.0474V29.9216H24.8335C24.5746 29.9216 24.3689 29.971 24.2158 30.07C24.0626 30.169 23.9858 30.3057 23.9858 30.48C23.9858 30.6424 24.0415 30.7671 24.1529 30.8543C24.2637 30.9414 24.4277 30.9847 24.6437 30.9847C24.9443 30.9847 25.1985 30.8945 25.4058 30.7146ZM23.6074 31.7782C23.3671 31.67 23.1748 31.5122 23.0304 31.3049C22.886 31.0976 22.8138 30.8496 22.8138 30.5609C22.8138 30.1046 22.9855 29.7364 23.3279 29.457C23.6703 29.1775 24.1333 29.0378 24.7159 29.0378H25.7167V28.8754C25.7167 28.6413 25.6357 28.4531 25.4733 28.3118C25.3109 28.1711 25.0918 28.1004 24.8154 28.1004C24.5927 28.1004 24.3916 28.1592 24.2111 28.2763C24.0312 28.3933 23.8956 28.5299 23.8059 28.6862L22.9494 28.1726C23.1113 27.8782 23.3516 27.6333 23.6703 27.4379C23.9889 27.2425 24.3705 27.145 24.8154 27.145C25.4522 27.145 25.9482 27.2982 26.3024 27.6044C26.6572 27.9112 26.8345 28.3526 26.8345 28.9295V31.8685H25.9152L25.7621 31.2735C25.6115 31.4776 25.4207 31.6401 25.1892 31.7602C24.9582 31.8803 24.686 31.9401 24.3735 31.9401C24.1029 31.9401 23.8476 31.8865 23.6074 31.7782Z" fill="white"></path><path d="M27.8214 30.3V28.1726H27.1182V27.2167H27.8214V26.4417L28.9393 25.7384V27.2167H30.1381V28.1726H28.9393V30.2458C28.9393 30.6903 29.1166 30.9125 29.4709 30.9125C29.6333 30.9125 29.7895 30.8496 29.9395 30.7233L30.4443 31.5797C30.2881 31.706 30.1169 31.7978 29.9308 31.855C29.7446 31.9117 29.5549 31.9401 29.3626 31.9401C28.3355 31.9401 27.8214 31.3936 27.8214 30.3Z" fill="white"></path><path d="M31.5487 31.6339C31.194 31.4297 30.9176 31.1456 30.7196 30.7821C30.5211 30.4186 30.4221 30.0056 30.4221 29.5426C30.4221 29.0801 30.5211 28.6666 30.7196 28.3031C30.9176 27.9396 31.194 27.6555 31.5487 27.4513C31.9034 27.2471 32.3087 27.145 32.7655 27.145C33.7993 27.145 34.4995 27.5683 34.8661 28.416L33.8473 28.8754C33.6132 28.4067 33.2528 28.1726 32.7655 28.1726C32.417 28.1726 32.1288 28.2989 31.9004 28.5511C31.6719 28.8037 31.558 29.1342 31.558 29.5426C31.558 29.9509 31.6719 30.282 31.9004 30.5341C32.1288 30.7867 32.417 30.9125 32.7655 30.9125C33.2528 30.9125 33.6132 30.6785 33.8473 30.2098L34.8661 30.6697C34.4995 31.5168 33.7993 31.9401 32.7655 31.9401C32.3087 31.9401 31.9034 31.8386 31.5487 31.6339Z" fill="white"></path><path d="M35.3998 25.4863H36.5176V27.9473C36.662 27.707 36.8615 27.5132 37.1167 27.3657C37.3725 27.2188 37.6592 27.145 37.9778 27.145C38.4702 27.145 38.8579 27.2909 39.1405 27.5823C39.423 27.8736 39.5643 28.2804 39.5643 28.8037V31.8685H38.4465V29.0285C38.4465 28.7522 38.3758 28.5408 38.2346 28.3933C38.0933 28.2458 37.8907 28.1726 37.6262 28.1726C37.3199 28.1726 37.0585 28.3093 36.8419 28.5825C36.6254 28.8558 36.5176 29.275 36.5176 29.8401V31.8685H35.3998V25.4863Z" fill="white"></path></svg><p class="styled__StyledBodyText-sc-119w3hf-5 ggtTyf styled__DarkGreyBodyText-jk5kya-0 iwRWTH">Aldi Price Match</p></div></div></div></div></div></div></div></li><li class="product-list--list-item"><div class="styles__StyledVerticalTileWrapper-dvv1wj-0 dtCNPH"><div data-auto="product-tile" data-auto-type="Quantity" data-auto-available="false" data-auto-is-restricted-disabled="false" data-auto-is-substitute="false" class="styles__StyledVerticalTile-dvv1wj-1 hdMvIX"><div class="styles__StyledTileContentWrapper-dvv1wj-2 bkNhNP beans"><div id="tile-299598250" data-auto-id="299598250" class="styles__StyledTiledContent-dvv1wj-3 bcglTg"><a href="https://www.tesco.com/groceries/en-GB/products/299598250" aria-hidden="true" class="product-image-wrapper" tabindex="1"><div class="product-image__container"><picture><img class="styled__Image-sjvkdn-0 bJErKA product-image grayscale beans-responsive-image__image" src="data:image/gif;base64,R0lGODlhAQABAAAAACH5BAEKAAEALAAAAAABAAEAAAICTAEAOw==" srcset="https://digitalcontent.api.tesco.com/v2/media/ghs/a34a61cb-a3e6-486f-bbb0-cd9cad9b9fb1/32514394-8bd8-4459-9f8a-c51d59524a80.jpeg?h=225&amp;w=225 768w, data:image/gif;base64,R0lGODlhAQABAAAAACH5BAEKAAEALAAAAAABAAEAAAICTAEAOw== 4000w" alt="Hearty Food Co 10 Fish Fingers 250G"></picture></div></a><div class="product-details--wrapper"><h3 class="styles__H3-oa5soe-0 bCKNNq"><a href="https://www.tesco.com/groceries/en-GB/products/299598250" class="styled__Anchor-sc-1xbujuz-0 csVOnh beans-link__anchor" data-auto="product-tile--title"><span class="styled__Text-sc-1xbujuz-1 ldbwMG beans-link__text">Hearty Food Co 10 Fish Fingers 250G</span></a></h3><div class="styles__StyledPromotionsAboveMobile-dvv1wj-7 iPTMuo"></div><div class="styles__StyledProductDetailsContent-dvv1wj-5 ddRSrq"><a href="https://www.tesco.com/groceries/en-GB/reviews/submission/299598250?from=%2Fshop%2Ffrozen-food%2Fall" aria-label="Write a review for Hearty Food Co 10 Fish Fingers 250G" class="styled__Anchor-sc-1xbujuz-0 jSzuDt write-a-review-link beans-link__anchor" data-auto="review-link"><span class="styled__Text-sc-1xbujuz-1 fyDIEo beans-link__text">Write a review</span><span class="styled__IconContainer-sc-1xbujuz-2 bSauSL beans-link__icon-container"><svg aria-hidden="true" class="styled__SVG-xxa4wh-1 hQMCqc beans-link__icon beans-icon__svg" height="13.33" preserveAspectRatio="xMinYMax meet" viewBox="-1 0 12 20" width="8" xmlns="http://www.w3.org/2000/svg" color="currentColor"><path d="M1.312 1.348L10.276 10l-8.964 8.644" fill="none" stroke="currentColor"></path></svg></span></a><div class="product-info-message-section"><div class="product-info-message-list"><ul><li><div data-auto="info-message" class="product-info-message with-warning-background unavailable-messages"><p>This product's currently out of stock</p></div></li></ul></div></div></div><div class="styles__StyledRestOfShelfButton-sc-1zolry-0 jqKCro"><a href="https://www.tesco.com/shop/frozen-food/frozen-fish-and-seafood/frozen-fish-fingers/frozen-fish-fingers" class="styles__StyledRestOfShelfLink-sc-1zolry-1 klfAZc rest-of-shelf"><a class="styled__Anchor-sc-16kp6v-0 cOTsfM styled__StyledLink-ey2bia-0 dHydHk beans-link__anchor"><span class="styled__Text-sc-16kp6v-1 iOdjfG beans-link__text">Rest of <span class="visually-hidden">Frozen Fish Fingers</span> shelf</span><span class="styled__IconContainer-sc-16kp6v-2 WcbZx beans-link__icon-container"><svg aria-hidden="true" class="styled__SVG-xxa4wh-1 hQMCqc beans-link__icon beans-icon__svg" height="20" preserveAspectRatio="xMinYMax meet" viewBox="-1 0 12 20" width="12" xmlns="http://www.w3.org/2000/svg" color="currentColor"><path d="M1.312 1.348L10.276 10l-8.964 8.644" fill="none" stroke="currentColor"></path></svg></span></a></a></div></div><div class="hidden-medium product-info-section-small"><div class="product-info-message-list"><ul><li><div data-auto="info-message" class="product-info-message with-warning-background unavailable-messages"><p>This product's currently out of stock</p></div></li></ul></div></div></div></div></div></div></li><li class="product-list--list-item"><div class="styles__StyledVerticalTileWrapper-dvv1wj-0 dtCNPH"><div data-auto="product-tile" data-auto-type="Quantity" data-auto-available="true" data-auto-is-restricted-disabled="false" data-auto-is-substitute="false" class="styles__StyledVerticalTile-dvv1wj-1 gSCsYK"><div class="styles__StyledTileContentWrapper-dvv1wj-2 bkNhNP beans"><div id="tile-299538966" data-auto-id="299538966" class="styles__StyledTiledContent-dvv1wj-3 bcglTg"><a href="https://www.tesco.com/groceries/en-GB/products/299538966" aria-hidden="true" class="product-image-wrapper" tabindex="1"><div class="product-image__container"><picture><img class="styled__Image-sjvkdn-0 bJErKA product-image beans-responsive-image__image" src="data:image/gif;base64,R0lGODlhAQABAAAAACH5BAEKAAEALAAAAAABAAEAAAICTAEAOw==" srcset="https://digitalcontent.api.tesco.com/v2/media/ghs/c7e150da-3627-43d9-8c19-e498cfe77970/caded579-caba-40ed-a4fe-9b8389b31102.jpeg?h=225&amp;w=225 768w, data:image/gif;base64,R0lGODlhAQABAAAAACH5BAEKAAEALAAAAAABAAEAAAICTAEAOw== 4000w" alt="Hearty Food Co Straight Cut Chips 1.5Kg"></picture></div></a><div class="product-details--wrapper"><h3 class="styles__H3-oa5soe-0 bCKNNq"><a href="https://www.tesco.com/groceries/en-GB/products/299538966" class="styled__Anchor-sc-1xbujuz-0 csVOnh beans-link__anchor" data-auto="product-tile--title"><span class="styled__Text-sc-1xbujuz-1 ldbwMG beans-link__text">Hearty Food Co Straight Cut Chips 1.5Kg</span></a></h3><div class="styles__StyledPromotionsAboveMobile-dvv1wj-7 iPTMuo"></div><div class="styles__StyledProductDetailsContent-dvv1wj-5 ddRSrq"><a href="https://www.tesco.com/groceries/en-GB/reviews/submission/299538966?from=%2Fshop%2Ffrozen-food%2Fall" aria-label="Write a review for Hearty Food Co Straight Cut Chips 1.5Kg" class="styled__Anchor-sc-1xbujuz-0 jSzuDt write-a-review-link beans-link__anchor" data-auto="review-link"><span class="styled__Text-sc-1xbujuz-1 fyDIEo beans-link__text">Write a review</span><span class="styled__IconContainer-sc-1xbujuz-2 bSauSL beans-link__icon-container"><svg aria-hidden="true" class="styled__SVG-xxa4wh-1 hQMCqc beans-link__icon beans-icon__svg" height="13.33" preserveAspectRatio="xMinYMax meet" viewBox="-1 0 12 20" width="8" xmlns="http://www.w3.org/2000/svg" color="currentColor"><path d="M1.312 1.348L10.276 10l-8.964 8.644" fill="none" stroke="currentColor"></path></svg></span></a><div><a href="https://www.tesco.com/groceries/en-GB/shop/frozen-food/frozen-chips-onion-rings-potatoes-and-rice/frozen-chips/frozen-chunky-chips" class="styled__Anchor-sc-1xbujuz-0 jSzuDt rest-of-shelf-link beans-link__anchor" data-auto="rest-of-shelf-link"><span class="styled__Text-sc-1xbujuz-1 fyDIEo beans-link__text">Rest of <span class="visually-hidden">Frozen Chunky Chips</span> shelf</span><span class="styled__IconContainer-sc-1xbujuz-2 bSauSL beans-link__icon-container"><svg aria-hidden="true" class="styled__SVG-xxa4wh-1 hQMCqc beans-link__icon beans-icon__svg" height="13.33" preserveAspectRatio="xMinYMax meet" viewBox="-1 0 12 20" width="8" xmlns="http://www.w3.org/2000/svg" color="currentColor"><path d="M1.312 1.348L10.276 10l-8.964 8.644" fill="none" stroke="currentColor"></path></svg></span></a></div><div class="product-info-message-section"><div class="product-info-message-list"><div class="styled__WhiteBackground-sc-9yzfq2-1 jthPIJ"><svg width="56" height="56" viewBox="0 0 56 56" fill="none" xmlns="http://www.w3.org/2000/svg"><path d="M52.1301 27.8766C52.1301 14.5534 41.3293 3.75308 28.0066 3.75308C14.6834 3.75308 3.88306 14.5534 3.88306 27.8766C3.88306 41.1998 14.6834 52.0002 28.0066 52.0002C41.3293 52.0002 52.1301 41.1998 52.1301 27.8766Z" fill="#EE1C2E"></path><path d="M19.6853 36.5687L31.8169 48.6998L52.6633 27.8998L51.9894 23.0423L31.886 43.1452L22.5438 33.803L19.6853 36.5687Z" fill="white"></path><path d="M24.2699 12.0048L23.5594 9.93467L22.8484 12.0048H24.2699ZM24.6345 13.0711H22.4844L21.9776 14.5375H20.7515L22.9815 8.31722H24.1369L26.3669 14.5375H25.1408L24.6345 13.0711Z" fill="white"></path><path d="M27.8359 14.5375H26.734V8.24609H27.8359V14.5375Z" fill="white"></path><path d="M31.5684 13.2309C31.7849 12.9886 31.8927 12.6597 31.8927 12.2446C31.8927 11.8306 31.7849 11.5016 31.5684 11.2588C31.3524 11.0159 31.0811 10.8942 30.7558 10.8942C30.4299 10.8942 30.1587 11.0159 29.9427 11.2588C29.7267 11.5016 29.6184 11.8306 29.6184 12.2446C29.6184 12.6597 29.7267 12.9886 29.9427 13.2309C30.1587 13.4738 30.4299 13.5955 30.7558 13.5955C31.0811 13.5955 31.3524 13.4738 31.5684 13.2309ZM29.4673 14.3065C29.159 14.1049 28.9177 13.8234 28.7429 13.4619C28.5681 13.101 28.481 12.6952 28.481 12.2446C28.481 11.7888 28.5655 11.3815 28.7341 11.0231C28.9032 10.6648 29.1384 10.3848 29.4405 10.1837C29.7426 9.98212 30.0891 9.88158 30.48 9.88158C30.7883 9.88158 31.0579 9.93624 31.2889 10.0455C31.5199 10.1554 31.6978 10.3106 31.8221 10.5122V8.24609H32.9239V14.5375H31.8221V13.9863C31.6916 14.1704 31.5137 14.3194 31.2889 14.4349C31.0636 14.5504 30.797 14.6086 30.4892 14.6086C30.1159 14.6086 29.7751 14.5076 29.4673 14.3065Z" fill="white"></path><path d="M34.9657 14.5375H33.8638V9.95224H34.9657V14.5375ZM33.9082 8.34408C34.0443 8.20796 34.2129 8.1399 34.4145 8.1399C34.6161 8.1399 34.7847 8.20796 34.9208 8.34408C35.0574 8.48071 35.1255 8.64931 35.1255 8.8504C35.1255 9.052 35.0574 9.22112 34.9208 9.35724C34.7847 9.49336 34.6161 9.56142 34.4145 9.56142C34.2129 9.56142 34.0443 9.49336 33.9082 9.35724C33.7715 9.22112 33.704 9.052 33.704 8.8504C33.704 8.64931 33.7715 8.48071 33.9082 8.34408Z" fill="white"></path><path d="M19.6791 19.3347C19.8894 19.1506 19.9946 18.8779 19.9946 18.5169C19.9946 18.1565 19.8894 17.8838 19.6791 17.6997C19.4682 17.5156 19.183 17.4233 18.8221 17.4233H17.5027V19.6111H18.8221C19.183 19.6111 19.4682 19.5188 19.6791 19.3347ZM17.5027 23.9628H16.0374V16.0704H18.9345C19.461 16.0704 19.9157 16.1776 20.2988 16.3921C20.6824 16.6061 20.9753 16.8995 21.1784 17.2712C21.3816 17.6435 21.4826 18.0586 21.4826 18.5169C21.4826 18.9758 21.3816 19.3909 21.1784 19.7632C20.9753 20.1354 20.6824 20.4283 20.2988 20.6423C19.9157 20.8568 19.461 20.9635 18.9345 20.9635H17.5027V23.9628Z" fill="white"></path><path d="M22.0396 18.1451H23.4379V19.0248C23.6029 18.7087 23.8359 18.4684 24.1365 18.3029C24.4376 18.1374 24.7717 18.0549 25.1404 18.0549C25.5235 18.0549 25.8241 18.1415 26.0422 18.3143L25.5689 19.4981C25.3729 19.3929 25.1662 19.3403 24.9486 19.3403C24.5124 19.3403 24.152 19.528 23.8663 19.9039C23.5802 20.2797 23.4379 20.8582 23.4379 21.6404V23.9627H22.0396V18.1451Z" fill="white"></path><path d="M27.8879 23.9627H26.4896V18.1451H27.8879V23.9627ZM26.5458 16.1044C26.7191 15.9316 26.933 15.845 27.1888 15.845C27.444 15.845 27.658 15.9316 27.8312 16.1044C28.0039 16.2771 28.0906 16.4916 28.0906 16.7468C28.0906 17.0026 28.0039 17.217 27.8312 17.3898C27.658 17.5625 27.444 17.6491 27.1888 17.6491C26.933 17.6491 26.7191 17.5625 26.5458 17.3898C26.3731 17.217 26.287 17.0026 26.287 16.7468C26.287 16.4916 26.3731 16.2771 26.5458 16.1044Z" fill="white"></path><path d="M30.0603 23.6693C29.6168 23.4141 29.2714 23.0588 29.0234 22.6041C28.7754 22.1493 28.6511 21.6327 28.6511 21.0537C28.6511 20.4752 28.7754 19.9585 29.0234 19.5038C29.2714 19.049 29.6168 18.6937 30.0603 18.438C30.5037 18.1828 31.011 18.0549 31.5823 18.0549C32.8749 18.0549 33.751 18.585 34.2093 19.6445L32.9353 20.2199C32.6424 19.6332 32.1913 19.3403 31.5823 19.3403C31.1466 19.3403 30.7857 19.4981 30.5001 19.8136C30.2144 20.1297 30.0716 20.5427 30.0716 21.0537C30.0716 21.5651 30.2144 21.9787 30.5001 22.2942C30.7857 22.6097 31.1466 22.7675 31.5823 22.7675C32.1913 22.7675 32.6424 22.4747 32.9353 21.8884L34.2093 22.4633C33.751 23.5229 32.8749 24.0529 31.5823 24.0529C31.011 24.0529 30.5037 23.9251 30.0603 23.6693Z" fill="white"></path><path d="M38.727 20.3999C38.6744 20.0694 38.5223 19.7987 38.2707 19.5883C38.0186 19.3779 37.7015 19.2728 37.3179 19.2728C36.9946 19.2728 36.7048 19.3723 36.4496 19.5713C36.1939 19.7708 36.0175 20.0467 35.9196 20.3999H38.727ZM40.1588 21.5048H35.8633C35.9381 21.9333 36.115 22.2586 36.3934 22.4803C36.6713 22.702 37.0095 22.8129 37.4081 22.8129C37.7386 22.8129 38.015 22.7433 38.2367 22.6041C38.4584 22.4649 38.6708 22.253 38.874 21.9673L40.0573 22.6097C39.7716 23.0759 39.4092 23.4327 38.9693 23.6812C38.5295 23.9287 37.983 24.0529 37.3292 24.0529C36.7125 24.0529 36.1846 23.9086 35.7453 23.6188C35.3055 23.3295 34.9765 22.9557 34.7584 22.4968C34.5403 22.0385 34.4315 21.5574 34.4315 21.0537C34.4315 20.5504 34.546 20.0694 34.7754 19.611C35.0044 19.1526 35.3374 18.7783 35.7731 18.4891C36.2088 18.1998 36.7239 18.0549 37.3179 18.0549C37.9191 18.0549 38.4341 18.19 38.8626 18.4607C39.2911 18.7314 39.6139 19.0866 39.832 19.5264C40.0501 19.9657 40.1588 20.4339 40.1588 20.9299V21.5048Z" fill="white"></path><path d="M16.3879 25.558H17.7399L19.2454 29.4977L20.751 25.558H22.1029V31.8684H20.9309V28.0282L19.6873 31.2915H18.8035L17.5599 28.0282V31.8684H16.3879V25.558Z" fill="white"></path><path d="M25.4058 30.7146C25.6131 30.5341 25.7167 30.3119 25.7167 30.0474V29.9216H24.8335C24.5746 29.9216 24.3689 29.971 24.2158 30.07C24.0626 30.169 23.9858 30.3057 23.9858 30.48C23.9858 30.6424 24.0415 30.7671 24.1529 30.8543C24.2637 30.9414 24.4277 30.9847 24.6437 30.9847C24.9443 30.9847 25.1985 30.8945 25.4058 30.7146ZM23.6074 31.7782C23.3671 31.67 23.1748 31.5122 23.0304 31.3049C22.886 31.0976 22.8138 30.8496 22.8138 30.5609C22.8138 30.1046 22.9855 29.7364 23.3279 29.457C23.6703 29.1775 24.1333 29.0378 24.7159 29.0378H25.7167V28.8754C25.7167 28.6413 25.6357 28.4531 25.4733 28.3118C25.3109 28.1711 25.0918 28.1004 24.8154 28.1004C24.5927 28.1004 24.3916 28.1592 24.2111 28.2763C24.0312 28.3933 23.8956 28.5299 23.8059 28.6862L22.9494 28.1726C23.1113 27.8782 23.3516 27.6333 23.6703 27.4379C23.9889 27.2425 24.3705 27.145 24.8154 27.145C25.4522 27.145 25.9482 27.2982 26.3024 27.6044C26.6572 27.9112 26.8345 28.3526 26.8345 28.9295V31.8685H25.9152L25.7621 31.2735C25.6115 31.4776 25.4207 31.6401 25.1892 31.7602C24.9582 31.8803 24.686 31.9401 24.3735 31.9401C24.1029 31.9401 23.8476 31.8865 23.6074 31.7782Z" fill="white"></path><path d="M27.8214 30.3V28.1726H27.1182V27.2167H27.8214V26.4417L28.9393 25.7384V27.2167H30.1381V28.1726H28.9393V30.2458C28.9393 30.6903 29.1166 30.9125 29.4709 30.9125C29.6333 30.9125 29.7895 30.8496 29.9395 30.7233L30.4443 31.5797C30.2881 31.706 30.1169 31.7978 29.9308 31.855C29.7446 31.9117 29.5549 31.9401 29.3626 31.9401C28.3355 31.9401 27.8214 31.3936 27.8214 30.3Z" fill="white"></path><path d="M31.5487 31.6339C31.194 31.4297 30.9176 31.1456 30.7196 30.7821C30.5211 30.4186 30.4221 30.0056 30.4221 29.5426C30.4221 29.0801 30.5211 28.6666 30.7196 28.3031C30.9176 27.9396 31.194 27.6555 31.5487 27.4513C31.9034 27.2471 32.3087 27.145 32.7655 27.145C33.7993 27.145 34.4995 27.5683 34.8661 28.416L33.8473 28.8754C33.6132 28.4067 33.2528 28.1726 32.7655 28.1726C32.417 28.1726 32.1288 28.2989 31.9004 28.5511C31.6719 28.8037 31.558 29.1342 31.558 29.5426C31.558 29.9509 31.6719 30.282 31.9004 30.5341C32.1288 30.7867 32.417 30.9125 32.7655 30.9125C33.2528 30.9125 33.6132 30.6785 33.8473 30.2098L34.8661 30.6697C34.4995 31.5168 33.7993 31.9401 32.7655 31.9401C32.3087 31.9401 31.9034 31.8386 31.5487 31.6339Z" fill="white"></path><path d="M35.3998 25.4863H36.5176V27.9473C36.662 27.707 36.8615 27.5132 37.1167 27.3657C37.3725 27.2188 37.6592 27.145 37.9778 27.145C38.4702 27.145 38.8579 27.2909 39.1405 27.5823C39.423 27.8736 39.5643 28.2804 39.5643 28.8037V31.8685H38.4465V29.0285C38.4465 28.7522 38.3758 28.5408 38.2346 28.3933C38.0933 28.2458 37.8907 28.1726 37.6262 28.1726C37.3199 28.1726 37.0585 28.3093 36.8419 28.5825C36.6254 28.8558 36.5176 29.275 36.5176 29.8401V31.8685H35.3998V25.4863Z" fill="white"></path></svg><p class="styled__StyledBodyText-sc-119w3hf-5 ggtTyf styled__DarkGreyBodyText-jk5kya-0 iwRWTH">Aldi Price Match</p></div></div></div></div><div class="styles__StyledBuyBoxWrapper-dvv1wj-4 dSvjUC"><div class="styles__StyledBuyBoxContainer-sc-1wx0qp6-0 erryje" data-auto="buybox-container"><div class="styles__SafeFormWrapper-jtpu2t-0 lcrYKS"><form action="https://www.tesco.com/groceries/en-GB/trolley/items/299538966?_method=PUT" method="POST"><input type="submit" class="hidden"><input name="id" type="hidden" value="299538966"><input name="identifier" type="hidden" value="Page"><input name="anchorId" type="hidden" value="#tile-299538966"><input name="returnUrl" type="hidden" value="/groceries/en-GB/shop/frozen-food/all?redirectIfUnavailable=true#tile-299538966"><input name="backToUrl" type="hidden" value="#"><input name="oldValue" type="hidden" value="0"><input name="oldUnitChoice" type="hidden" value="pcs"><input name="newUnitChoice" type="hidden" value="pcs"><div class="base-components__RootElement-sc-1mosoyj-1 styled__Container-sc-6nhkzi-0 jptQqM hSNpTb beans-buybox__container"><div class="base-components__BaseElement-sc-1mosoyj-0 styled__PriceAndActions-sc-6nhkzi-3 oznwo eEPLov beans-buybox__price-and-actions"><div class="base-components__RootElement-sc-1mosoyj-1 styled__Container-sc-8qlq5b-0 jptQqM bgZrjw styled__StyledPrice-sc-6nhkzi-5 iYHeik beans-buybox__price beans-price__container"><p class="styled__StyledHeading-sc-119w3hf-2 jWPEtj styled__Text-sc-8qlq5b-1 lnaeiZ beans-price__text">£1.25</p><p class="styled__StyledFootnote-sc-119w3hf-7 icrlVF styled__Subtext-sc-8qlq5b-2 bNJmdc beans-price__subtext">£0.83/kg</p></div><div class="base-components__RootElement-sc-1mosoyj-1 styled__Container-vtxwzb-0 jptQqM bDFhXJ beans-buybox__actions beans-quantity-controls__container"><div class="base-components__RootElement-sc-1mosoyj-1 styled__Container-sc-16t2b2a-0 jptQqM PUfgZ styled__StyledFormGroup-vtxwzb-1 kzKuAr beans-quantity-controls__form-group beans-form-group__container"><label class="styled__StyledLabel-sc-1ttuvhr-0 izGEjV beans-form-group__label beans-label" for="quantity-controls-299538966">Quantity controls </label><div class="base-components__BaseElement-sc-1mosoyj-0 styled__Children-sc-16t2b2a-3 oznwo gdJvjO beans-form-group__children"><div class="styled__StyledQuantityControlWrapper-vtxwzb-6 LCxOg"><label id="quantity-controls-299538966-label" class="styled__VisuallyHiddenLabel-vtxwzb-7 gXlLiM">Quantity of Hearty Food Co Straight Cut Chips 1.5Kg</label><div class="component__Wrapper-sc-1kpmik-3 dReplG input-wrapper"><input class="base-components__RootElement-sc-1mosoyj-1 styled__StyledInput-sc-1jd5f57-0 component__StyledAsInput-sc-1kpmik-4 jptQqM eJLlow styled__StyledInput-vtxwzb-3 lwMHo beans-quantity-controls__input beans-input" data-auto="beans-quantity-controls-input" autocomplete="off" id="quantity-controls-299538966" maxlength="2" name="newValue" type="number" aria-labelledby="quantity-controls-299538966-label" value="1"></div></div><button class="styled__BaseButton-rsekm1-0 styled__PrimaryButton-rsekm1-2 jChbeY geeWOF styled__StyledButton-vtxwzb-5 japAxb beans-quantity-controls__add-button beans-button__container" type="submit" data-auto="beans-quantity-controls-add-button" aria-label="Quantity of Hearty Food Co Straight Cut Chips 1.5Kg"><span class="base-components__BaseElement-sc-1mosoyj-0 styled__InnerContainer-rsekm1-1 oznwo fuFres beans-button__inner-container"><span class="base-components__BaseElement-sc-1mosoyj-0 styled__TextSpan-rsekm1-4 oznwo GDiMp beans-button__text">Add</span></span></button></div></div></div></div></div><input name="_csrf" type="hidden" value="0WbpBJF9-cS-fAMl-ByHnl5hECj1JaZiBQ20"></form></div></div></div></div><div class="hidden-medium product-info-section-small"><div class="product-info-message-list"><div class="styled__WhiteBackground-sc-9yzfq2-1 jthPIJ"><svg width="56" height="56" viewBox="0 0 56 56" fill="none" xmlns="http://www.w3.org/2000/svg"><path d="M52.1301 27.8766C52.1301 14.5534 41.3293 3.75308 28.0066 3.75308C14.6834 3.75308 3.88306 14.5534 3.88306 27.8766C3.88306 41.1998 14.6834 52.0002 28.0066 52.0002C41.3293 52.0002 52.1301 41.1998 52.1301 27.8766Z" fill="#EE1C2E"></path><path d="M19.6853 36.5687L31.8169 48.6998L52.6633 27.8998L51.9894 23.0423L31.886 43.1452L22.5438 33.803L19.6853 36.5687Z" fill="white"></path><path d="M24.2699 12.0048L23.5594 9.93467L22.8484 12.0048H24.2699ZM24.6345 13.0711H22.4844L21.9776 14.5375H20.7515L22.9815 8.31722H24.1369L26.3669 14.5375H25.1408L24.6345 13.0711Z" fill="white"></path><path d="M27.8359 14.5375H26.734V8.24609H27.8359V14.5375Z" fill="white"></path><path d="M31.5684 13.2309C31.7849 12.9886 31.8927 12.6597 31.8927 12.2446C31.8927 11.8306 31.7849 11.5016 31.5684 11.2588C31.3524 11.0159 31.0811 10.8942 30.7558 10.8942C30.4299 10.8942 30.1587 11.0159 29.9427 11.2588C29.7267 11.5016 29.6184 11.8306 29.6184 12.2446C29.6184 12.6597 29.7267 12.9886 29.9427 13.2309C30.1587 13.4738 30.4299 13.5955 30.7558 13.5955C31.0811 13.5955 31.3524 13.4738 31.5684 13.2309ZM29.4673 14.3065C29.159 14.1049 28.9177 13.8234 28.7429 13.4619C28.5681 13.101 28.481 12.6952 28.481 12.2446C28.481 11.7888 28.5655 11.3815 28.7341 11.0231C28.9032 10.6648 29.1384 10.3848 29.4405 10.1837C29.7426 9.98212 30.0891 9.88158 30.48 9.88158C30.7883 9.88158 31.0579 9.93624 31.2889 10.0455C31.5199 10.1554 31.6978 10.3106 31.8221 10.5122V8.24609H32.9239V14.5375H31.8221V13.9863C31.6916 14.1704 31.5137 14.3194 31.2889 14.4349C31.0636 14.5504 30.797 14.6086 30.4892 14.6086C30.1159 14.6086 29.7751 14.5076 29.4673 14.3065Z" fill="white"></path><path d="M34.9657 14.5375H33.8638V9.95224H34.9657V14.5375ZM33.9082 8.34408C34.0443 8.20796 34.2129 8.1399 34.4145 8.1399C34.6161 8.1399 34.7847 8.20796 34.9208 8.34408C35.0574 8.48071 35.1255 8.64931 35.1255 8.8504C35.1255 9.052 35.0574 9.22112 34.9208 9.35724C34.7847 9.49336 34.6161 9.56142 34.4145 9.56142C34.2129 9.56142 34.0443 9.49336 33.9082 9.35724C33.7715 9.22112 33.704 9.052 33.704 8.8504C33.704 8.64931 33.7715 8.48071 33.9082 8.34408Z" fill="white"></path><path d="M19.6791 19.3347C19.8894 19.1506 19.9946 18.8779 19.9946 18.5169C19.9946 18.1565 19.8894 17.8838 19.6791 17.6997C19.4682 17.5156 19.183 17.4233 18.8221 17.4233H17.5027V19.6111H18.8221C19.183 19.6111 19.4682 19.5188 19.6791 19.3347ZM17.5027 23.9628H16.0374V16.0704H18.9345C19.461 16.0704 19.9157 16.1776 20.2988 16.3921C20.6824 16.6061 20.9753 16.8995 21.1784 17.2712C21.3816 17.6435 21.4826 18.0586 21.4826 18.5169C21.4826 18.9758 21.3816 19.3909 21.1784 19.7632C20.9753 20.1354 20.6824 20.4283 20.2988 20.6423C19.9157 20.8568 19.461 20.9635 18.9345 20.9635H17.5027V23.9628Z" fill="white"></path><path d="M22.0396 18.1451H23.4379V19.0248C23.6029 18.7087 23.8359 18.4684 24.1365 18.3029C24.4376 18.1374 24.7717 18.0549 25.1404 18.0549C25.5235 18.0549 25.8241 18.1415 26.0422 18.3143L25.5689 19.4981C25.3729 19.3929 25.1662 19.3403 24.9486 19.3403C24.5124 19.3403 24.152 19.528 23.8663 19.9039C23.5802 20.2797 23.4379 20.8582 23.4379 21.6404V23.9627H22.0396V18.1451Z" fill="white"></path><path d="M27.8879 23.9627H26.4896V18.1451H27.8879V23.9627ZM26.5458 16.1044C26.7191 15.9316 26.933 15.845 27.1888 15.845C27.444 15.845 27.658 15.9316 27.8312 16.1044C28.0039 16.2771 28.0906 16.4916 28.0906 16.7468C28.0906 17.0026 28.0039 17.217 27.8312 17.3898C27.658 17.5625 27.444 17.6491 27.1888 17.6491C26.933 17.6491 26.7191 17.5625 26.5458 17.3898C26.3731 17.217 26.287 17.0026 26.287 16.7468C26.287 16.4916 26.3731 16.2771 26.5458 16.1044Z" fill="white"></path><path d="M30.0603 23.6693C29.6168 23.4141 29.2714 23.0588 29.0234 22.6041C28.7754 22.1493 28.6511 21.6327 28.6511 21.0537C28.6511 20.4752 28.7754 19.9585 29.0234 19.5038C29.2714 19.049 29.6168 18.6937 30.0603 18.438C30.5037 18.1828 31.011 18.0549 31.5823 18.0549C32.8749 18.0549 33.751 18.585 34.2093 19.6445L32.9353 20.2199C32.6424 19.6332 32.1913 19.3403 31.5823 19.3403C31.1466 19.3403 30.7857 19.4981 30.5001 19.8136C30.2144 20.1297 30.0716 20.5427 30.0716 21.0537C30.0716 21.5651 30.2144 21.9787 30.5001 22.2942C30.7857 22.6097 31.1466 22.7675 31.5823 22.7675C32.1913 22.7675 32.6424 22.4747 32.9353 21.8884L34.2093 22.4633C33.751 23.5229 32.8749 24.0529 31.5823 24.0529C31.011 24.0529 30.5037 23.9251 30.0603 23.6693Z" fill="white"></path><path d="M38.727 20.3999C38.6744 20.0694 38.5223 19.7987 38.2707 19.5883C38.0186 19.3779 37.7015 19.2728 37.3179 19.2728C36.9946 19.2728 36.7048 19.3723 36.4496 19.5713C36.1939 19.7708 36.0175 20.0467 35.9196 20.3999H38.727ZM40.1588 21.5048H35.8633C35.9381 21.9333 36.115 22.2586 36.3934 22.4803C36.6713 22.702 37.0095 22.8129 37.4081 22.8129C37.7386 22.8129 38.015 22.7433 38.2367 22.6041C38.4584 22.4649 38.6708 22.253 38.874 21.9673L40.0573 22.6097C39.7716 23.0759 39.4092 23.4327 38.9693 23.6812C38.5295 23.9287 37.983 24.0529 37.3292 24.0529C36.7125 24.0529 36.1846 23.9086 35.7453 23.6188C35.3055 23.3295 34.9765 22.9557 34.7584 22.4968C34.5403 22.0385 34.4315 21.5574 34.4315 21.0537C34.4315 20.5504 34.546 20.0694 34.7754 19.611C35.0044 19.1526 35.3374 18.7783 35.7731 18.4891C36.2088 18.1998 36.7239 18.0549 37.3179 18.0549C37.9191 18.0549 38.4341 18.19 38.8626 18.4607C39.2911 18.7314 39.6139 19.0866 39.832 19.5264C40.0501 19.9657 40.1588 20.4339 40.1588 20.9299V21.5048Z" fill="white"></path><path d="M16.3879 25.558H17.7399L19.2454 29.4977L20.751 25.558H22.1029V31.8684H20.9309V28.0282L19.6873 31.2915H18.8035L17.5599 28.0282V31.8684H16.3879V25.558Z" fill="white"></path><path d="M25.4058 30.7146C25.6131 30.5341 25.7167 30.3119 25.7167 30.0474V29.9216H24.8335C24.5746 29.9216 24.3689 29.971 24.2158 30.07C24.0626 30.169 23.9858 30.3057 23.9858 30.48C23.9858 30.6424 24.0415 30.7671 24.1529 30.8543C24.2637 30.9414 24.4277 30.9847 24.6437 30.9847C24.9443 30.9847 25.1985 30.8945 25.4058 30.7146ZM23.6074 31.7782C23.3671 31.67 23.1748 31.5122 23.0304 31.3049C22.886 31.0976 22.8138 30.8496 22.8138 30.5609C22.8138 30.1046 22.9855 29.7364 23.3279 29.457C23.6703 29.1775 24.1333 29.0378 24.7159 29.0378H25.7167V28.8754C25.7167 28.6413 25.6357 28.4531 25.4733 28.3118C25.3109 28.1711 25.0918 28.1004 24.8154 28.1004C24.5927 28.1004 24.3916 28.1592 24.2111 28.2763C24.0312 28.3933 23.8956 28.5299 23.8059 28.6862L22.9494 28.1726C23.1113 27.8782 23.3516 27.6333 23.6703 27.4379C23.9889 27.2425 24.3705 27.145 24.8154 27.145C25.4522 27.145 25.9482 27.2982 26.3024 27.6044C26.6572 27.9112 26.8345 28.3526 26.8345 28.9295V31.8685H25.9152L25.7621 31.2735C25.6115 31.4776 25.4207 31.6401 25.1892 31.7602C24.9582 31.8803 24.686 31.9401 24.3735 31.9401C24.1029 31.9401 23.8476 31.8865 23.6074 31.7782Z" fill="white"></path><path d="M27.8214 30.3V28.1726H27.1182V27.2167H27.8214V26.4417L28.9393 25.7384V27.2167H30.1381V28.1726H28.9393V30.2458C28.9393 30.6903 29.1166 30.9125 29.4709 30.9125C29.6333 30.9125 29.7895 30.8496 29.9395 30.7233L30.4443 31.5797C30.2881 31.706 30.1169 31.7978 29.9308 31.855C29.7446 31.9117 29.5549 31.9401 29.3626 31.9401C28.3355 31.9401 27.8214 31.3936 27.8214 30.3Z" fill="white"></path><path d="M31.5487 31.6339C31.194 31.4297 30.9176 31.1456 30.7196 30.7821C30.5211 30.4186 30.4221 30.0056 30.4221 29.5426C30.4221 29.0801 30.5211 28.6666 30.7196 28.3031C30.9176 27.9396 31.194 27.6555 31.5487 27.4513C31.9034 27.2471 32.3087 27.145 32.7655 27.145C33.7993 27.145 34.4995 27.5683 34.8661 28.416L33.8473 28.8754C33.6132 28.4067 33.2528 28.1726 32.7655 28.1726C32.417 28.1726 32.1288 28.2989 31.9004 28.5511C31.6719 28.8037 31.558 29.1342 31.558 29.5426C31.558 29.9509 31.6719 30.282 31.9004 30.5341C32.1288 30.7867 32.417 30.9125 32.7655 30.9125C33.2528 30.9125 33.6132 30.6785 33.8473 30.2098L34.8661 30.6697C34.4995 31.5168 33.7993 31.9401 32.7655 31.9401C32.3087 31.9401 31.9034 31.8386 31.5487 31.6339Z" fill="white"></path><path d="M35.3998 25.4863H36.5176V27.9473C36.662 27.707 36.8615 27.5132 37.1167 27.3657C37.3725 27.2188 37.6592 27.145 37.9778 27.145C38.4702 27.145 38.8579 27.2909 39.1405 27.5823C39.423 27.8736 39.5643 28.2804 39.5643 28.8037V31.8685H38.4465V29.0285C38.4465 28.7522 38.3758 28.5408 38.2346 28.3933C38.0933 28.2458 37.8907 28.1726 37.6262 28.1726C37.3199 28.1726 37.0585 28.3093 36.8419 28.5825C36.6254 28.8558 36.5176 29.275 36.5176 29.8401V31.8685H35.3998V25.4863Z" fill="white"></path></svg><p class="styled__StyledBodyText-sc-119w3hf-5 ggtTyf styled__DarkGreyBodyText-jk5kya-0 iwRWTH">Aldi Price Match</p></div></div></div></div></div></div></div></li><li class="product-list--list-item"><div class="styles__StyledVerticalTileWrapper-dvv1wj-0 dtCNPH"><div data-auto="product-tile" data-auto-type="Quantity" data-auto-available="true" data-auto-is-restricted-disabled="false" data-auto-is-substitute="false" class="styles__StyledVerticalTile-dvv1wj-1 gSCsYK"><div class="styles__StyledTileContentWrapper-dvv1wj-2 bkNhNP beans"><div id="tile-299587227" data-auto-id="299587227" class="styles__StyledTiledContent-dvv1wj-3 bcglTg"><a href="https://www.tesco.com/groceries/en-GB/products/299587227" aria-hidden="true" class="product-image-wrapper" tabindex="1"><div class="product-image__container"><picture><img class="styled__Image-sjvkdn-0 bJErKA product-image beans-responsive-image__image" src="data:image/gif;base64,R0lGODlhAQABAAAAACH5BAEKAAEALAAAAAABAAEAAAICTAEAOw==" srcset="https://digitalcontent.api.tesco.com/v2/media/ghs/38990c38-61e6-4511-b96c-f41805d43d6c/1a17cbd6-fe5f-445e-8702-0c7e94b609eb.jpeg?h=225&amp;w=225 768w, data:image/gif;base64,R0lGODlhAQABAAAAACH5BAEKAAEALAAAAAABAAEAAAICTAEAOw== 4000w" alt="Butcher&#39;s Choice 20 Pork Sausages 907G"></picture></div></a><div class="product-details--wrapper"><h3 class="styles__H3-oa5soe-0 bCKNNq"><a href="https://www.tesco.com/groceries/en-GB/products/299587227" class="styled__Anchor-sc-1xbujuz-0 csVOnh beans-link__anchor" data-auto="product-tile--title"><span class="styled__Text-sc-1xbujuz-1 ldbwMG beans-link__text">Butcher's Choice 20 Pork Sausages 907G</span></a></h3><div class="styles__StyledPromotionsAboveMobile-dvv1wj-7 iPTMuo"></div><div class="styles__StyledProductDetailsContent-dvv1wj-5 ddRSrq"><a href="https://www.tesco.com/groceries/en-GB/reviews/submission/299587227?from=%2Fshop%2Ffrozen-food%2Fall" aria-label="Write a review for Butcher&#39;s Choice 20 Pork Sausages 907G" class="styled__Anchor-sc-1xbujuz-0 jSzuDt write-a-review-link beans-link__anchor" data-auto="review-link"><span class="styled__Text-sc-1xbujuz-1 fyDIEo beans-link__text">Write a review</span><span class="styled__IconContainer-sc-1xbujuz-2 bSauSL beans-link__icon-container"><svg aria-hidden="true" class="styled__SVG-xxa4wh-1 hQMCqc beans-link__icon beans-icon__svg" height="13.33" preserveAspectRatio="xMinYMax meet" viewBox="-1 0 12 20" width="8" xmlns="http://www.w3.org/2000/svg" color="currentColor"><path d="M1.312 1.348L10.276 10l-8.964 8.644" fill="none" stroke="currentColor"></path></svg></span></a><div><a href="https://www.tesco.com/groceries/en-GB/shop/frozen-food/frozen-meat-and-poultry/frozen-sausages/frozen-sausages" class="styled__Anchor-sc-1xbujuz-0 jSzuDt rest-of-shelf-link beans-link__anchor" data-auto="rest-of-shelf-link"><span class="styled__Text-sc-1xbujuz-1 fyDIEo beans-link__text">Rest of <span class="visually-hidden">Frozen Sausages</span> shelf</span><span class="styled__IconContainer-sc-1xbujuz-2 bSauSL beans-link__icon-container"><svg aria-hidden="true" class="styled__SVG-xxa4wh-1 hQMCqc beans-link__icon beans-icon__svg" height="13.33" preserveAspectRatio="xMinYMax meet" viewBox="-1 0 12 20" width="8" xmlns="http://www.w3.org/2000/svg" color="currentColor"><path d="M1.312 1.348L10.276 10l-8.964 8.644" fill="none" stroke="currentColor"></path></svg></span></a></div><div class="product-info-message-section"><div class="product-info-message-list"><div class="styled__WhiteBackground-sc-9yzfq2-1 jthPIJ"><svg width="56" height="56" viewBox="0 0 56 56" fill="none" xmlns="http://www.w3.org/2000/svg"><path d="M52.1301 27.8766C52.1301 14.5534 41.3293 3.75308 28.0066 3.75308C14.6834 3.75308 3.88306 14.5534 3.88306 27.8766C3.88306 41.1998 14.6834 52.0002 28.0066 52.0002C41.3293 52.0002 52.1301 41.1998 52.1301 27.8766Z" fill="#EE1C2E"></path><path d="M19.6853 36.5687L31.8169 48.6998L52.6633 27.8998L51.9894 23.0423L31.886 43.1452L22.5438 33.803L19.6853 36.5687Z" fill="white"></path><path d="M24.2699 12.0048L23.5594 9.93467L22.8484 12.0048H24.2699ZM24.6345 13.0711H22.4844L21.9776 14.5375H20.7515L22.9815 8.31722H24.1369L26.3669 14.5375H25.1408L24.6345 13.0711Z" fill="white"></path><path d="M27.8359 14.5375H26.734V8.24609H27.8359V14.5375Z" fill="white"></path><path d="M31.5684 13.2309C31.7849 12.9886 31.8927 12.6597 31.8927 12.2446C31.8927 11.8306 31.7849 11.5016 31.5684 11.2588C31.3524 11.0159 31.0811 10.8942 30.7558 10.8942C30.4299 10.8942 30.1587 11.0159 29.9427 11.2588C29.7267 11.5016 29.6184 11.8306 29.6184 12.2446C29.6184 12.6597 29.7267 12.9886 29.9427 13.2309C30.1587 13.4738 30.4299 13.5955 30.7558 13.5955C31.0811 13.5955 31.3524 13.4738 31.5684 13.2309ZM29.4673 14.3065C29.159 14.1049 28.9177 13.8234 28.7429 13.4619C28.5681 13.101 28.481 12.6952 28.481 12.2446C28.481 11.7888 28.5655 11.3815 28.7341 11.0231C28.9032 10.6648 29.1384 10.3848 29.4405 10.1837C29.7426 9.98212 30.0891 9.88158 30.48 9.88158C30.7883 9.88158 31.0579 9.93624 31.2889 10.0455C31.5199 10.1554 31.6978 10.3106 31.8221 10.5122V8.24609H32.9239V14.5375H31.8221V13.9863C31.6916 14.1704 31.5137 14.3194 31.2889 14.4349C31.0636 14.5504 30.797 14.6086 30.4892 14.6086C30.1159 14.6086 29.7751 14.5076 29.4673 14.3065Z" fill="white"></path><path d="M34.9657 14.5375H33.8638V9.95224H34.9657V14.5375ZM33.9082 8.34408C34.0443 8.20796 34.2129 8.1399 34.4145 8.1399C34.6161 8.1399 34.7847 8.20796 34.9208 8.34408C35.0574 8.48071 35.1255 8.64931 35.1255 8.8504C35.1255 9.052 35.0574 9.22112 34.9208 9.35724C34.7847 9.49336 34.6161 9.56142 34.4145 9.56142C34.2129 9.56142 34.0443 9.49336 33.9082 9.35724C33.7715 9.22112 33.704 9.052 33.704 8.8504C33.704 8.64931 33.7715 8.48071 33.9082 8.34408Z" fill="white"></path><path d="M19.6791 19.3347C19.8894 19.1506 19.9946 18.8779 19.9946 18.5169C19.9946 18.1565 19.8894 17.8838 19.6791 17.6997C19.4682 17.5156 19.183 17.4233 18.8221 17.4233H17.5027V19.6111H18.8221C19.183 19.6111 19.4682 19.5188 19.6791 19.3347ZM17.5027 23.9628H16.0374V16.0704H18.9345C19.461 16.0704 19.9157 16.1776 20.2988 16.3921C20.6824 16.6061 20.9753 16.8995 21.1784 17.2712C21.3816 17.6435 21.4826 18.0586 21.4826 18.5169C21.4826 18.9758 21.3816 19.3909 21.1784 19.7632C20.9753 20.1354 20.6824 20.4283 20.2988 20.6423C19.9157 20.8568 19.461 20.9635 18.9345 20.9635H17.5027V23.9628Z" fill="white"></path><path d="M22.0396 18.1451H23.4379V19.0248C23.6029 18.7087 23.8359 18.4684 24.1365 18.3029C24.4376 18.1374 24.7717 18.0549 25.1404 18.0549C25.5235 18.0549 25.8241 18.1415 26.0422 18.3143L25.5689 19.4981C25.3729 19.3929 25.1662 19.3403 24.9486 19.3403C24.5124 19.3403 24.152 19.528 23.8663 19.9039C23.5802 20.2797 23.4379 20.8582 23.4379 21.6404V23.9627H22.0396V18.1451Z" fill="white"></path><path d="M27.8879 23.9627H26.4896V18.1451H27.8879V23.9627ZM26.5458 16.1044C26.7191 15.9316 26.933 15.845 27.1888 15.845C27.444 15.845 27.658 15.9316 27.8312 16.1044C28.0039 16.2771 28.0906 16.4916 28.0906 16.7468C28.0906 17.0026 28.0039 17.217 27.8312 17.3898C27.658 17.5625 27.444 17.6491 27.1888 17.6491C26.933 17.6491 26.7191 17.5625 26.5458 17.3898C26.3731 17.217 26.287 17.0026 26.287 16.7468C26.287 16.4916 26.3731 16.2771 26.5458 16.1044Z" fill="white"></path><path d="M30.0603 23.6693C29.6168 23.4141 29.2714 23.0588 29.0234 22.6041C28.7754 22.1493 28.6511 21.6327 28.6511 21.0537C28.6511 20.4752 28.7754 19.9585 29.0234 19.5038C29.2714 19.049 29.6168 18.6937 30.0603 18.438C30.5037 18.1828 31.011 18.0549 31.5823 18.0549C32.8749 18.0549 33.751 18.585 34.2093 19.6445L32.9353 20.2199C32.6424 19.6332 32.1913 19.3403 31.5823 19.3403C31.1466 19.3403 30.7857 19.4981 30.5001 19.8136C30.2144 20.1297 30.0716 20.5427 30.0716 21.0537C30.0716 21.5651 30.2144 21.9787 30.5001 22.2942C30.7857 22.6097 31.1466 22.7675 31.5823 22.7675C32.1913 22.7675 32.6424 22.4747 32.9353 21.8884L34.2093 22.4633C33.751 23.5229 32.8749 24.0529 31.5823 24.0529C31.011 24.0529 30.5037 23.9251 30.0603 23.6693Z" fill="white"></path><path d="M38.727 20.3999C38.6744 20.0694 38.5223 19.7987 38.2707 19.5883C38.0186 19.3779 37.7015 19.2728 37.3179 19.2728C36.9946 19.2728 36.7048 19.3723 36.4496 19.5713C36.1939 19.7708 36.0175 20.0467 35.9196 20.3999H38.727ZM40.1588 21.5048H35.8633C35.9381 21.9333 36.115 22.2586 36.3934 22.4803C36.6713 22.702 37.0095 22.8129 37.4081 22.8129C37.7386 22.8129 38.015 22.7433 38.2367 22.6041C38.4584 22.4649 38.6708 22.253 38.874 21.9673L40.0573 22.6097C39.7716 23.0759 39.4092 23.4327 38.9693 23.6812C38.5295 23.9287 37.983 24.0529 37.3292 24.0529C36.7125 24.0529 36.1846 23.9086 35.7453 23.6188C35.3055 23.3295 34.9765 22.9557 34.7584 22.4968C34.5403 22.0385 34.4315 21.5574 34.4315 21.0537C34.4315 20.5504 34.546 20.0694 34.7754 19.611C35.0044 19.1526 35.3374 18.7783 35.7731 18.4891C36.2088 18.1998 36.7239 18.0549 37.3179 18.0549C37.9191 18.0549 38.4341 18.19 38.8626 18.4607C39.2911 18.7314 39.6139 19.0866 39.832 19.5264C40.0501 19.9657 40.1588 20.4339 40.1588 20.9299V21.5048Z" fill="white"></path><path d="M16.3879 25.558H17.7399L19.2454 29.4977L20.751 25.558H22.1029V31.8684H20.9309V28.0282L19.6873 31.2915H18.8035L17.5599 28.0282V31.8684H16.3879V25.558Z" fill="white"></path><path d="M25.4058 30.7146C25.6131 30.5341 25.7167 30.3119 25.7167 30.0474V29.9216H24.8335C24.5746 29.9216 24.3689 29.971 24.2158 30.07C24.0626 30.169 23.9858 30.3057 23.9858 30.48C23.9858 30.6424 24.0415 30.7671 24.1529 30.8543C24.2637 30.9414 24.4277 30.9847 24.6437 30.9847C24.9443 30.9847 25.1985 30.8945 25.4058 30.7146ZM23.6074 31.7782C23.3671 31.67 23.1748 31.5122 23.0304 31.3049C22.886 31.0976 22.8138 30.8496 22.8138 30.5609C22.8138 30.1046 22.9855 29.7364 23.3279 29.457C23.6703 29.1775 24.1333 29.0378 24.7159 29.0378H25.7167V28.8754C25.7167 28.6413 25.6357 28.4531 25.4733 28.3118C25.3109 28.1711 25.0918 28.1004 24.8154 28.1004C24.5927 28.1004 24.3916 28.1592 24.2111 28.2763C24.0312 28.3933 23.8956 28.5299 23.8059 28.6862L22.9494 28.1726C23.1113 27.8782 23.3516 27.6333 23.6703 27.4379C23.9889 27.2425 24.3705 27.145 24.8154 27.145C25.4522 27.145 25.9482 27.2982 26.3024 27.6044C26.6572 27.9112 26.8345 28.3526 26.8345 28.9295V31.8685H25.9152L25.7621 31.2735C25.6115 31.4776 25.4207 31.6401 25.1892 31.7602C24.9582 31.8803 24.686 31.9401 24.3735 31.9401C24.1029 31.9401 23.8476 31.8865 23.6074 31.7782Z" fill="white"></path><path d="M27.8214 30.3V28.1726H27.1182V27.2167H27.8214V26.4417L28.9393 25.7384V27.2167H30.1381V28.1726H28.9393V30.2458C28.9393 30.6903 29.1166 30.9125 29.4709 30.9125C29.6333 30.9125 29.7895 30.8496 29.9395 30.7233L30.4443 31.5797C30.2881 31.706 30.1169 31.7978 29.9308 31.855C29.7446 31.9117 29.5549 31.9401 29.3626 31.9401C28.3355 31.9401 27.8214 31.3936 27.8214 30.3Z" fill="white"></path><path d="M31.5487 31.6339C31.194 31.4297 30.9176 31.1456 30.7196 30.7821C30.5211 30.4186 30.4221 30.0056 30.4221 29.5426C30.4221 29.0801 30.5211 28.6666 30.7196 28.3031C30.9176 27.9396 31.194 27.6555 31.5487 27.4513C31.9034 27.2471 32.3087 27.145 32.7655 27.145C33.7993 27.145 34.4995 27.5683 34.8661 28.416L33.8473 28.8754C33.6132 28.4067 33.2528 28.1726 32.7655 28.1726C32.417 28.1726 32.1288 28.2989 31.9004 28.5511C31.6719 28.8037 31.558 29.1342 31.558 29.5426C31.558 29.9509 31.6719 30.282 31.9004 30.5341C32.1288 30.7867 32.417 30.9125 32.7655 30.9125C33.2528 30.9125 33.6132 30.6785 33.8473 30.2098L34.8661 30.6697C34.4995 31.5168 33.7993 31.9401 32.7655 31.9401C32.3087 31.9401 31.9034 31.8386 31.5487 31.6339Z" fill="white"></path><path d="M35.3998 25.4863H36.5176V27.9473C36.662 27.707 36.8615 27.5132 37.1167 27.3657C37.3725 27.2188 37.6592 27.145 37.9778 27.145C38.4702 27.145 38.8579 27.2909 39.1405 27.5823C39.423 27.8736 39.5643 28.2804 39.5643 28.8037V31.8685H38.4465V29.0285C38.4465 28.7522 38.3758 28.5408 38.2346 28.3933C38.0933 28.2458 37.8907 28.1726 37.6262 28.1726C37.3199 28.1726 37.0585 28.3093 36.8419 28.5825C36.6254 28.8558 36.5176 29.275 36.5176 29.8401V31.8685H35.3998V25.4863Z" fill="white"></path></svg><p class="styled__StyledBodyText-sc-119w3hf-5 ggtTyf styled__DarkGreyBodyText-jk5kya-0 iwRWTH">Aldi Price Match</p></div></div></div></div><div class="styles__StyledBuyBoxWrapper-dvv1wj-4 dSvjUC"><div class="styles__StyledBuyBoxContainer-sc-1wx0qp6-0 erryje" data-auto="buybox-container"><div class="styles__SafeFormWrapper-jtpu2t-0 lcrYKS"><form action="https://www.tesco.com/groceries/en-GB/trolley/items/299587227?_method=PUT" method="POST"><input type="submit" class="hidden"><input name="id" type="hidden" value="299587227"><input name="identifier" type="hidden" value="Page"><input name="anchorId" type="hidden" value="#tile-299587227"><input name="returnUrl" type="hidden" value="/groceries/en-GB/shop/frozen-food/all?redirectIfUnavailable=true#tile-299587227"><input name="backToUrl" type="hidden" value="#"><input name="oldValue" type="hidden" value="0"><input name="oldUnitChoice" type="hidden" value="pcs"><input name="newUnitChoice" type="hidden" value="pcs"><div class="base-components__RootElement-sc-1mosoyj-1 styled__Container-sc-6nhkzi-0 jptQqM hSNpTb beans-buybox__container"><div class="base-components__BaseElement-sc-1mosoyj-0 styled__PriceAndActions-sc-6nhkzi-3 oznwo eEPLov beans-buybox__price-and-actions"><div class="base-components__RootElement-sc-1mosoyj-1 styled__Container-sc-8qlq5b-0 jptQqM bgZrjw styled__StyledPrice-sc-6nhkzi-5 iYHeik beans-buybox__price beans-price__container"><p class="styled__StyledHeading-sc-119w3hf-2 jWPEtj styled__Text-sc-8qlq5b-1 lnaeiZ beans-price__text">£1.36</p><p class="styled__StyledFootnote-sc-119w3hf-7 icrlVF styled__Subtext-sc-8qlq5b-2 bNJmdc beans-price__subtext">£1.50/kg</p></div><div class="base-components__RootElement-sc-1mosoyj-1 styled__Container-vtxwzb-0 jptQqM bDFhXJ beans-buybox__actions beans-quantity-controls__container"><div class="base-components__RootElement-sc-1mosoyj-1 styled__Container-sc-16t2b2a-0 jptQqM PUfgZ styled__StyledFormGroup-vtxwzb-1 kzKuAr beans-quantity-controls__form-group beans-form-group__container"><label class="styled__StyledLabel-sc-1ttuvhr-0 izGEjV beans-form-group__label beans-label" for="quantity-controls-299587227">Quantity controls </label><div class="base-components__BaseElement-sc-1mosoyj-0 styled__Children-sc-16t2b2a-3 oznwo gdJvjO beans-form-group__children"><div class="styled__StyledQuantityControlWrapper-vtxwzb-6 LCxOg"><label id="quantity-controls-299587227-label" class="styled__VisuallyHiddenLabel-vtxwzb-7 gXlLiM">Quantity of Butcher's Choice 20 Pork Sausages 907G</label><div class="component__Wrapper-sc-1kpmik-3 dReplG input-wrapper"><input class="base-components__RootElement-sc-1mosoyj-1 styled__StyledInput-sc-1jd5f57-0 component__StyledAsInput-sc-1kpmik-4 jptQqM eJLlow styled__StyledInput-vtxwzb-3 lwMHo beans-quantity-controls__input beans-input" data-auto="beans-quantity-controls-input" autocomplete="off" id="quantity-controls-299587227" maxlength="2" name="newValue" type="number" aria-labelledby="quantity-controls-299587227-label" value="1"></div></div><button class="styled__BaseButton-rsekm1-0 styled__PrimaryButton-rsekm1-2 jChbeY geeWOF styled__StyledButton-vtxwzb-5 japAxb beans-quantity-controls__add-button beans-button__container" type="submit" data-auto="beans-quantity-controls-add-button" aria-label="Quantity of Butcher&#39;s Choice 20 Pork Sausages 907G"><span class="base-components__BaseElement-sc-1mosoyj-0 styled__InnerContainer-rsekm1-1 oznwo fuFres beans-button__inner-container"><span class="base-components__BaseElement-sc-1mosoyj-0 styled__TextSpan-rsekm1-4 oznwo GDiMp beans-button__text">Add</span></span></button></div></div></div></div></div><input name="_csrf" type="hidden" value="0WbpBJF9-cS-fAMl-ByHnl5hECj1JaZiBQ20"></form></div></div></div></div><div class="hidden-medium product-info-section-small"><div class="product-info-message-list"><div class="styled__WhiteBackground-sc-9yzfq2-1 jthPIJ"><svg width="56" height="56" viewBox="0 0 56 56" fill="none" xmlns="http://www.w3.org/2000/svg"><path d="M52.1301 27.8766C52.1301 14.5534 41.3293 3.75308 28.0066 3.75308C14.6834 3.75308 3.88306 14.5534 3.88306 27.8766C3.88306 41.1998 14.6834 52.0002 28.0066 52.0002C41.3293 52.0002 52.1301 41.1998 52.1301 27.8766Z" fill="#EE1C2E"></path><path d="M19.6853 36.5687L31.8169 48.6998L52.6633 27.8998L51.9894 23.0423L31.886 43.1452L22.5438 33.803L19.6853 36.5687Z" fill="white"></path><path d="M24.2699 12.0048L23.5594 9.93467L22.8484 12.0048H24.2699ZM24.6345 13.0711H22.4844L21.9776 14.5375H20.7515L22.9815 8.31722H24.1369L26.3669 14.5375H25.1408L24.6345 13.0711Z" fill="white"></path><path d="M27.8359 14.5375H26.734V8.24609H27.8359V14.5375Z" fill="white"></path><path d="M31.5684 13.2309C31.7849 12.9886 31.8927 12.6597 31.8927 12.2446C31.8927 11.8306 31.7849 11.5016 31.5684 11.2588C31.3524 11.0159 31.0811 10.8942 30.7558 10.8942C30.4299 10.8942 30.1587 11.0159 29.9427 11.2588C29.7267 11.5016 29.6184 11.8306 29.6184 12.2446C29.6184 12.6597 29.7267 12.9886 29.9427 13.2309C30.1587 13.4738 30.4299 13.5955 30.7558 13.5955C31.0811 13.5955 31.3524 13.4738 31.5684 13.2309ZM29.4673 14.3065C29.159 14.1049 28.9177 13.8234 28.7429 13.4619C28.5681 13.101 28.481 12.6952 28.481 12.2446C28.481 11.7888 28.5655 11.3815 28.7341 11.0231C28.9032 10.6648 29.1384 10.3848 29.4405 10.1837C29.7426 9.98212 30.0891 9.88158 30.48 9.88158C30.7883 9.88158 31.0579 9.93624 31.2889 10.0455C31.5199 10.1554 31.6978 10.3106 31.8221 10.5122V8.24609H32.9239V14.5375H31.8221V13.9863C31.6916 14.1704 31.5137 14.3194 31.2889 14.4349C31.0636 14.5504 30.797 14.6086 30.4892 14.6086C30.1159 14.6086 29.7751 14.5076 29.4673 14.3065Z" fill="white"></path><path d="M34.9657 14.5375H33.8638V9.95224H34.9657V14.5375ZM33.9082 8.34408C34.0443 8.20796 34.2129 8.1399 34.4145 8.1399C34.6161 8.1399 34.7847 8.20796 34.9208 8.34408C35.0574 8.48071 35.1255 8.64931 35.1255 8.8504C35.1255 9.052 35.0574 9.22112 34.9208 9.35724C34.7847 9.49336 34.6161 9.56142 34.4145 9.56142C34.2129 9.56142 34.0443 9.49336 33.9082 9.35724C33.7715 9.22112 33.704 9.052 33.704 8.8504C33.704 8.64931 33.7715 8.48071 33.9082 8.34408Z" fill="white"></path><path d="M19.6791 19.3347C19.8894 19.1506 19.9946 18.8779 19.9946 18.5169C19.9946 18.1565 19.8894 17.8838 19.6791 17.6997C19.4682 17.5156 19.183 17.4233 18.8221 17.4233H17.5027V19.6111H18.8221C19.183 19.6111 19.4682 19.5188 19.6791 19.3347ZM17.5027 23.9628H16.0374V16.0704H18.9345C19.461 16.0704 19.9157 16.1776 20.2988 16.3921C20.6824 16.6061 20.9753 16.8995 21.1784 17.2712C21.3816 17.6435 21.4826 18.0586 21.4826 18.5169C21.4826 18.9758 21.3816 19.3909 21.1784 19.7632C20.9753 20.1354 20.6824 20.4283 20.2988 20.6423C19.9157 20.8568 19.461 20.9635 18.9345 20.9635H17.5027V23.9628Z" fill="white"></path><path d="M22.0396 18.1451H23.4379V19.0248C23.6029 18.7087 23.8359 18.4684 24.1365 18.3029C24.4376 18.1374 24.7717 18.0549 25.1404 18.0549C25.5235 18.0549 25.8241 18.1415 26.0422 18.3143L25.5689 19.4981C25.3729 19.3929 25.1662 19.3403 24.9486 19.3403C24.5124 19.3403 24.152 19.528 23.8663 19.9039C23.5802 20.2797 23.4379 20.8582 23.4379 21.6404V23.9627H22.0396V18.1451Z" fill="white"></path><path d="M27.8879 23.9627H26.4896V18.1451H27.8879V23.9627ZM26.5458 16.1044C26.7191 15.9316 26.933 15.845 27.1888 15.845C27.444 15.845 27.658 15.9316 27.8312 16.1044C28.0039 16.2771 28.0906 16.4916 28.0906 16.7468C28.0906 17.0026 28.0039 17.217 27.8312 17.3898C27.658 17.5625 27.444 17.6491 27.1888 17.6491C26.933 17.6491 26.7191 17.5625 26.5458 17.3898C26.3731 17.217 26.287 17.0026 26.287 16.7468C26.287 16.4916 26.3731 16.2771 26.5458 16.1044Z" fill="white"></path><path d="M30.0603 23.6693C29.6168 23.4141 29.2714 23.0588 29.0234 22.6041C28.7754 22.1493 28.6511 21.6327 28.6511 21.0537C28.6511 20.4752 28.7754 19.9585 29.0234 19.5038C29.2714 19.049 29.6168 18.6937 30.0603 18.438C30.5037 18.1828 31.011 18.0549 31.5823 18.0549C32.8749 18.0549 33.751 18.585 34.2093 19.6445L32.9353 20.2199C32.6424 19.6332 32.1913 19.3403 31.5823 19.3403C31.1466 19.3403 30.7857 19.4981 30.5001 19.8136C30.2144 20.1297 30.0716 20.5427 30.0716 21.0537C30.0716 21.5651 30.2144 21.9787 30.5001 22.2942C30.7857 22.6097 31.1466 22.7675 31.5823 22.7675C32.1913 22.7675 32.6424 22.4747 32.9353 21.8884L34.2093 22.4633C33.751 23.5229 32.8749 24.0529 31.5823 24.0529C31.011 24.0529 30.5037 23.9251 30.0603 23.6693Z" fill="white"></path><path d="M38.727 20.3999C38.6744 20.0694 38.5223 19.7987 38.2707 19.5883C38.0186 19.3779 37.7015 19.2728 37.3179 19.2728C36.9946 19.2728 36.7048 19.3723 36.4496 19.5713C36.1939 19.7708 36.0175 20.0467 35.9196 20.3999H38.727ZM40.1588 21.5048H35.8633C35.9381 21.9333 36.115 22.2586 36.3934 22.4803C36.6713 22.702 37.0095 22.8129 37.4081 22.8129C37.7386 22.8129 38.015 22.7433 38.2367 22.6041C38.4584 22.4649 38.6708 22.253 38.874 21.9673L40.0573 22.6097C39.7716 23.0759 39.4092 23.4327 38.9693 23.6812C38.5295 23.9287 37.983 24.0529 37.3292 24.0529C36.7125 24.0529 36.1846 23.9086 35.7453 23.6188C35.3055 23.3295 34.9765 22.9557 34.7584 22.4968C34.5403 22.0385 34.4315 21.5574 34.4315 21.0537C34.4315 20.5504 34.546 20.0694 34.7754 19.611C35.0044 19.1526 35.3374 18.7783 35.7731 18.4891C36.2088 18.1998 36.7239 18.0549 37.3179 18.0549C37.9191 18.0549 38.4341 18.19 38.8626 18.4607C39.2911 18.7314 39.6139 19.0866 39.832 19.5264C40.0501 19.9657 40.1588 20.4339 40.1588 20.9299V21.5048Z" fill="white"></path><path d="M16.3879 25.558H17.7399L19.2454 29.4977L20.751 25.558H22.1029V31.8684H20.9309V28.0282L19.6873 31.2915H18.8035L17.5599 28.0282V31.8684H16.3879V25.558Z" fill="white"></path><path d="M25.4058 30.7146C25.6131 30.5341 25.7167 30.3119 25.7167 30.0474V29.9216H24.8335C24.5746 29.9216 24.3689 29.971 24.2158 30.07C24.0626 30.169 23.9858 30.3057 23.9858 30.48C23.9858 30.6424 24.0415 30.7671 24.1529 30.8543C24.2637 30.9414 24.4277 30.9847 24.6437 30.9847C24.9443 30.9847 25.1985 30.8945 25.4058 30.7146ZM23.6074 31.7782C23.3671 31.67 23.1748 31.5122 23.0304 31.3049C22.886 31.0976 22.8138 30.8496 22.8138 30.5609C22.8138 30.1046 22.9855 29.7364 23.3279 29.457C23.6703 29.1775 24.1333 29.0378 24.7159 29.0378H25.7167V28.8754C25.7167 28.6413 25.6357 28.4531 25.4733 28.3118C25.3109 28.1711 25.0918 28.1004 24.8154 28.1004C24.5927 28.1004 24.3916 28.1592 24.2111 28.2763C24.0312 28.3933 23.8956 28.5299 23.8059 28.6862L22.9494 28.1726C23.1113 27.8782 23.3516 27.6333 23.6703 27.4379C23.9889 27.2425 24.3705 27.145 24.8154 27.145C25.4522 27.145 25.9482 27.2982 26.3024 27.6044C26.6572 27.9112 26.8345 28.3526 26.8345 28.9295V31.8685H25.9152L25.7621 31.2735C25.6115 31.4776 25.4207 31.6401 25.1892 31.7602C24.9582 31.8803 24.686 31.9401 24.3735 31.9401C24.1029 31.9401 23.8476 31.8865 23.6074 31.7782Z" fill="white"></path><path d="M27.8214 30.3V28.1726H27.1182V27.2167H27.8214V26.4417L28.9393 25.7384V27.2167H30.1381V28.1726H28.9393V30.2458C28.9393 30.6903 29.1166 30.9125 29.4709 30.9125C29.6333 30.9125 29.7895 30.8496 29.9395 30.7233L30.4443 31.5797C30.2881 31.706 30.1169 31.7978 29.9308 31.855C29.7446 31.9117 29.5549 31.9401 29.3626 31.9401C28.3355 31.9401 27.8214 31.3936 27.8214 30.3Z" fill="white"></path><path d="M31.5487 31.6339C31.194 31.4297 30.9176 31.1456 30.7196 30.7821C30.5211 30.4186 30.4221 30.0056 30.4221 29.5426C30.4221 29.0801 30.5211 28.6666 30.7196 28.3031C30.9176 27.9396 31.194 27.6555 31.5487 27.4513C31.9034 27.2471 32.3087 27.145 32.7655 27.145C33.7993 27.145 34.4995 27.5683 34.8661 28.416L33.8473 28.8754C33.6132 28.4067 33.2528 28.1726 32.7655 28.1726C32.417 28.1726 32.1288 28.2989 31.9004 28.5511C31.6719 28.8037 31.558 29.1342 31.558 29.5426C31.558 29.9509 31.6719 30.282 31.9004 30.5341C32.1288 30.7867 32.417 30.9125 32.7655 30.9125C33.2528 30.9125 33.6132 30.6785 33.8473 30.2098L34.8661 30.6697C34.4995 31.5168 33.7993 31.9401 32.7655 31.9401C32.3087 31.9401 31.9034 31.8386 31.5487 31.6339Z" fill="white"></path><path d="M35.3998 25.4863H36.5176V27.9473C36.662 27.707 36.8615 27.5132 37.1167 27.3657C37.3725 27.2188 37.6592 27.145 37.9778 27.145C38.4702 27.145 38.8579 27.2909 39.1405 27.5823C39.423 27.8736 39.5643 28.2804 39.5643 28.8037V31.8685H38.4465V29.0285C38.4465 28.7522 38.3758 28.5408 38.2346 28.3933C38.0933 28.2458 37.8907 28.1726 37.6262 28.1726C37.3199 28.1726 37.0585 28.3093 36.8419 28.5825C36.6254 28.8558 36.5176 29.275 36.5176 29.8401V31.8685H35.3998V25.4863Z" fill="white"></path></svg><p class="styled__StyledBodyText-sc-119w3hf-5 ggtTyf styled__DarkGreyBodyText-jk5kya-0 iwRWTH">Aldi Price Match</p></div></div></div></div></div></div></div></li><li class="product-list--list-item"><div class="styles__StyledVerticalTileWrapper-dvv1wj-0 dtCNPH"><div data-auto="product-tile" data-auto-type="Quantity" data-auto-available="true" data-auto-is-restricted-disabled="false" data-auto-is-substitute="false" class="styles__StyledVerticalTile-dvv1wj-1 gSCsYK"><div class="styles__StyledTileContentWrapper-dvv1wj-2 bkNhNP beans"><div id="tile-299818007" data-auto-id="299818007" class="styles__StyledTiledContent-dvv1wj-3 bcglTg"><a href="https://www.tesco.com/groceries/en-GB/products/299818007" aria-hidden="true" class="product-image-wrapper" tabindex="1"><div class="product-image__container"><picture><img class="styled__Image-sjvkdn-0 bJErKA product-image beans-responsive-image__image" src="data:image/gif;base64,R0lGODlhAQABAAAAACH5BAEKAAEALAAAAAABAAEAAAICTAEAOw==" srcset="https://digitalcontent.api.tesco.com/v2/media/ghs/b1384e8f-b515-4e2a-b3c0-6caaff588cbf/0c8fb654-9b04-48b6-901d-36a2bece957e.jpeg?h=225&amp;w=225 768w, data:image/gif;base64,R0lGODlhAQABAAAAACH5BAEKAAEALAAAAAABAAEAAAICTAEAOw== 4000w" alt="Butchers Choice Chicken Breast Fillets 1Kg"></picture></div></a><div class="product-details--wrapper"><h3 class="styles__H3-oa5soe-0 bCKNNq"><a href="https://www.tesco.com/groceries/en-GB/products/299818007" class="styled__Anchor-sc-1xbujuz-0 csVOnh beans-link__anchor" data-auto="product-tile--title"><span class="styled__Text-sc-1xbujuz-1 ldbwMG beans-link__text">Butchers Choice Chicken Breast Fillets 1Kg</span></a></h3><div class="styles__StyledPromotionsAboveMobile-dvv1wj-7 iPTMuo"></div><div class="styles__StyledProductDetailsContent-dvv1wj-5 ddRSrq"><a href="https://www.tesco.com/groceries/en-GB/reviews/submission/299818007?from=%2Fshop%2Ffrozen-food%2Fall" aria-label="Write a review for Butchers Choice Chicken Breast Fillets 1Kg" class="styled__Anchor-sc-1xbujuz-0 jSzuDt write-a-review-link beans-link__anchor" data-auto="review-link"><span class="styled__Text-sc-1xbujuz-1 fyDIEo beans-link__text">Write a review</span><span class="styled__IconContainer-sc-1xbujuz-2 bSauSL beans-link__icon-container"><svg aria-hidden="true" class="styled__SVG-xxa4wh-1 hQMCqc beans-link__icon beans-icon__svg" height="13.33" preserveAspectRatio="xMinYMax meet" viewBox="-1 0 12 20" width="8" xmlns="http://www.w3.org/2000/svg" color="currentColor"><path d="M1.312 1.348L10.276 10l-8.964 8.644" fill="none" stroke="currentColor"></path></svg></span></a><div><a href="https://www.tesco.com/groceries/en-GB/shop/frozen-food/frozen-meat-and-poultry/frozen-chicken/frozen-chicken-fillets-joints-and-portions" class="styled__Anchor-sc-1xbujuz-0 jSzuDt rest-of-shelf-link beans-link__anchor" data-auto="rest-of-shelf-link"><span class="styled__Text-sc-1xbujuz-1 fyDIEo beans-link__text">Rest of <span class="visually-hidden">Frozen Chicken Fillets, Joints &amp; Portions</span> shelf</span><span class="styled__IconContainer-sc-1xbujuz-2 bSauSL beans-link__icon-container"><svg aria-hidden="true" class="styled__SVG-xxa4wh-1 hQMCqc beans-link__icon beans-icon__svg" height="13.33" preserveAspectRatio="xMinYMax meet" viewBox="-1 0 12 20" width="8" xmlns="http://www.w3.org/2000/svg" color="currentColor"><path d="M1.312 1.348L10.276 10l-8.964 8.644" fill="none" stroke="currentColor"></path></svg></span></a></div><div class="product-info-message-section"><div class="product-info-message-list"><div class="styled__WhiteBackground-sc-9yzfq2-1 jthPIJ"><svg width="56" height="56" viewBox="0 0 56 56" fill="none" xmlns="http://www.w3.org/2000/svg"><path d="M52.1301 27.8766C52.1301 14.5534 41.3293 3.75308 28.0066 3.75308C14.6834 3.75308 3.88306 14.5534 3.88306 27.8766C3.88306 41.1998 14.6834 52.0002 28.0066 52.0002C41.3293 52.0002 52.1301 41.1998 52.1301 27.8766Z" fill="#EE1C2E"></path><path d="M19.6853 36.5687L31.8169 48.6998L52.6633 27.8998L51.9894 23.0423L31.886 43.1452L22.5438 33.803L19.6853 36.5687Z" fill="white"></path><path d="M24.2699 12.0048L23.5594 9.93467L22.8484 12.0048H24.2699ZM24.6345 13.0711H22.4844L21.9776 14.5375H20.7515L22.9815 8.31722H24.1369L26.3669 14.5375H25.1408L24.6345 13.0711Z" fill="white"></path><path d="M27.8359 14.5375H26.734V8.24609H27.8359V14.5375Z" fill="white"></path><path d="M31.5684 13.2309C31.7849 12.9886 31.8927 12.6597 31.8927 12.2446C31.8927 11.8306 31.7849 11.5016 31.5684 11.2588C31.3524 11.0159 31.0811 10.8942 30.7558 10.8942C30.4299 10.8942 30.1587 11.0159 29.9427 11.2588C29.7267 11.5016 29.6184 11.8306 29.6184 12.2446C29.6184 12.6597 29.7267 12.9886 29.9427 13.2309C30.1587 13.4738 30.4299 13.5955 30.7558 13.5955C31.0811 13.5955 31.3524 13.4738 31.5684 13.2309ZM29.4673 14.3065C29.159 14.1049 28.9177 13.8234 28.7429 13.4619C28.5681 13.101 28.481 12.6952 28.481 12.2446C28.481 11.7888 28.5655 11.3815 28.7341 11.0231C28.9032 10.6648 29.1384 10.3848 29.4405 10.1837C29.7426 9.98212 30.0891 9.88158 30.48 9.88158C30.7883 9.88158 31.0579 9.93624 31.2889 10.0455C31.5199 10.1554 31.6978 10.3106 31.8221 10.5122V8.24609H32.9239V14.5375H31.8221V13.9863C31.6916 14.1704 31.5137 14.3194 31.2889 14.4349C31.0636 14.5504 30.797 14.6086 30.4892 14.6086C30.1159 14.6086 29.7751 14.5076 29.4673 14.3065Z" fill="white"></path><path d="M34.9657 14.5375H33.8638V9.95224H34.9657V14.5375ZM33.9082 8.34408C34.0443 8.20796 34.2129 8.1399 34.4145 8.1399C34.6161 8.1399 34.7847 8.20796 34.9208 8.34408C35.0574 8.48071 35.1255 8.64931 35.1255 8.8504C35.1255 9.052 35.0574 9.22112 34.9208 9.35724C34.7847 9.49336 34.6161 9.56142 34.4145 9.56142C34.2129 9.56142 34.0443 9.49336 33.9082 9.35724C33.7715 9.22112 33.704 9.052 33.704 8.8504C33.704 8.64931 33.7715 8.48071 33.9082 8.34408Z" fill="white"></path><path d="M19.6791 19.3347C19.8894 19.1506 19.9946 18.8779 19.9946 18.5169C19.9946 18.1565 19.8894 17.8838 19.6791 17.6997C19.4682 17.5156 19.183 17.4233 18.8221 17.4233H17.5027V19.6111H18.8221C19.183 19.6111 19.4682 19.5188 19.6791 19.3347ZM17.5027 23.9628H16.0374V16.0704H18.9345C19.461 16.0704 19.9157 16.1776 20.2988 16.3921C20.6824 16.6061 20.9753 16.8995 21.1784 17.2712C21.3816 17.6435 21.4826 18.0586 21.4826 18.5169C21.4826 18.9758 21.3816 19.3909 21.1784 19.7632C20.9753 20.1354 20.6824 20.4283 20.2988 20.6423C19.9157 20.8568 19.461 20.9635 18.9345 20.9635H17.5027V23.9628Z" fill="white"></path><path d="M22.0396 18.1451H23.4379V19.0248C23.6029 18.7087 23.8359 18.4684 24.1365 18.3029C24.4376 18.1374 24.7717 18.0549 25.1404 18.0549C25.5235 18.0549 25.8241 18.1415 26.0422 18.3143L25.5689 19.4981C25.3729 19.3929 25.1662 19.3403 24.9486 19.3403C24.5124 19.3403 24.152 19.528 23.8663 19.9039C23.5802 20.2797 23.4379 20.8582 23.4379 21.6404V23.9627H22.0396V18.1451Z" fill="white"></path><path d="M27.8879 23.9627H26.4896V18.1451H27.8879V23.9627ZM26.5458 16.1044C26.7191 15.9316 26.933 15.845 27.1888 15.845C27.444 15.845 27.658 15.9316 27.8312 16.1044C28.0039 16.2771 28.0906 16.4916 28.0906 16.7468C28.0906 17.0026 28.0039 17.217 27.8312 17.3898C27.658 17.5625 27.444 17.6491 27.1888 17.6491C26.933 17.6491 26.7191 17.5625 26.5458 17.3898C26.3731 17.217 26.287 17.0026 26.287 16.7468C26.287 16.4916 26.3731 16.2771 26.5458 16.1044Z" fill="white"></path><path d="M30.0603 23.6693C29.6168 23.4141 29.2714 23.0588 29.0234 22.6041C28.7754 22.1493 28.6511 21.6327 28.6511 21.0537C28.6511 20.4752 28.7754 19.9585 29.0234 19.5038C29.2714 19.049 29.6168 18.6937 30.0603 18.438C30.5037 18.1828 31.011 18.0549 31.5823 18.0549C32.8749 18.0549 33.751 18.585 34.2093 19.6445L32.9353 20.2199C32.6424 19.6332 32.1913 19.3403 31.5823 19.3403C31.1466 19.3403 30.7857 19.4981 30.5001 19.8136C30.2144 20.1297 30.0716 20.5427 30.0716 21.0537C30.0716 21.5651 30.2144 21.9787 30.5001 22.2942C30.7857 22.6097 31.1466 22.7675 31.5823 22.7675C32.1913 22.7675 32.6424 22.4747 32.9353 21.8884L34.2093 22.4633C33.751 23.5229 32.8749 24.0529 31.5823 24.0529C31.011 24.0529 30.5037 23.9251 30.0603 23.6693Z" fill="white"></path><path d="M38.727 20.3999C38.6744 20.0694 38.5223 19.7987 38.2707 19.5883C38.0186 19.3779 37.7015 19.2728 37.3179 19.2728C36.9946 19.2728 36.7048 19.3723 36.4496 19.5713C36.1939 19.7708 36.0175 20.0467 35.9196 20.3999H38.727ZM40.1588 21.5048H35.8633C35.9381 21.9333 36.115 22.2586 36.3934 22.4803C36.6713 22.702 37.0095 22.8129 37.4081 22.8129C37.7386 22.8129 38.015 22.7433 38.2367 22.6041C38.4584 22.4649 38.6708 22.253 38.874 21.9673L40.0573 22.6097C39.7716 23.0759 39.4092 23.4327 38.9693 23.6812C38.5295 23.9287 37.983 24.0529 37.3292 24.0529C36.7125 24.0529 36.1846 23.9086 35.7453 23.6188C35.3055 23.3295 34.9765 22.9557 34.7584 22.4968C34.5403 22.0385 34.4315 21.5574 34.4315 21.0537C34.4315 20.5504 34.546 20.0694 34.7754 19.611C35.0044 19.1526 35.3374 18.7783 35.7731 18.4891C36.2088 18.1998 36.7239 18.0549 37.3179 18.0549C37.9191 18.0549 38.4341 18.19 38.8626 18.4607C39.2911 18.7314 39.6139 19.0866 39.832 19.5264C40.0501 19.9657 40.1588 20.4339 40.1588 20.9299V21.5048Z" fill="white"></path><path d="M16.3879 25.558H17.7399L19.2454 29.4977L20.751 25.558H22.1029V31.8684H20.9309V28.0282L19.6873 31.2915H18.8035L17.5599 28.0282V31.8684H16.3879V25.558Z" fill="white"></path><path d="M25.4058 30.7146C25.6131 30.5341 25.7167 30.3119 25.7167 30.0474V29.9216H24.8335C24.5746 29.9216 24.3689 29.971 24.2158 30.07C24.0626 30.169 23.9858 30.3057 23.9858 30.48C23.9858 30.6424 24.0415 30.7671 24.1529 30.8543C24.2637 30.9414 24.4277 30.9847 24.6437 30.9847C24.9443 30.9847 25.1985 30.8945 25.4058 30.7146ZM23.6074 31.7782C23.3671 31.67 23.1748 31.5122 23.0304 31.3049C22.886 31.0976 22.8138 30.8496 22.8138 30.5609C22.8138 30.1046 22.9855 29.7364 23.3279 29.457C23.6703 29.1775 24.1333 29.0378 24.7159 29.0378H25.7167V28.8754C25.7167 28.6413 25.6357 28.4531 25.4733 28.3118C25.3109 28.1711 25.0918 28.1004 24.8154 28.1004C24.5927 28.1004 24.3916 28.1592 24.2111 28.2763C24.0312 28.3933 23.8956 28.5299 23.8059 28.6862L22.9494 28.1726C23.1113 27.8782 23.3516 27.6333 23.6703 27.4379C23.9889 27.2425 24.3705 27.145 24.8154 27.145C25.4522 27.145 25.9482 27.2982 26.3024 27.6044C26.6572 27.9112 26.8345 28.3526 26.8345 28.9295V31.8685H25.9152L25.7621 31.2735C25.6115 31.4776 25.4207 31.6401 25.1892 31.7602C24.9582 31.8803 24.686 31.9401 24.3735 31.9401C24.1029 31.9401 23.8476 31.8865 23.6074 31.7782Z" fill="white"></path><path d="M27.8214 30.3V28.1726H27.1182V27.2167H27.8214V26.4417L28.9393 25.7384V27.2167H30.1381V28.1726H28.9393V30.2458C28.9393 30.6903 29.1166 30.9125 29.4709 30.9125C29.6333 30.9125 29.7895 30.8496 29.9395 30.7233L30.4443 31.5797C30.2881 31.706 30.1169 31.7978 29.9308 31.855C29.7446 31.9117 29.5549 31.9401 29.3626 31.9401C28.3355 31.9401 27.8214 31.3936 27.8214 30.3Z" fill="white"></path><path d="M31.5487 31.6339C31.194 31.4297 30.9176 31.1456 30.7196 30.7821C30.5211 30.4186 30.4221 30.0056 30.4221 29.5426C30.4221 29.0801 30.5211 28.6666 30.7196 28.3031C30.9176 27.9396 31.194 27.6555 31.5487 27.4513C31.9034 27.2471 32.3087 27.145 32.7655 27.145C33.7993 27.145 34.4995 27.5683 34.8661 28.416L33.8473 28.8754C33.6132 28.4067 33.2528 28.1726 32.7655 28.1726C32.417 28.1726 32.1288 28.2989 31.9004 28.5511C31.6719 28.8037 31.558 29.1342 31.558 29.5426C31.558 29.9509 31.6719 30.282 31.9004 30.5341C32.1288 30.7867 32.417 30.9125 32.7655 30.9125C33.2528 30.9125 33.6132 30.6785 33.8473 30.2098L34.8661 30.6697C34.4995 31.5168 33.7993 31.9401 32.7655 31.9401C32.3087 31.9401 31.9034 31.8386 31.5487 31.6339Z" fill="white"></path><path d="M35.3998 25.4863H36.5176V27.9473C36.662 27.707 36.8615 27.5132 37.1167 27.3657C37.3725 27.2188 37.6592 27.145 37.9778 27.145C38.4702 27.145 38.8579 27.2909 39.1405 27.5823C39.423 27.8736 39.5643 28.2804 39.5643 28.8037V31.8685H38.4465V29.0285C38.4465 28.7522 38.3758 28.5408 38.2346 28.3933C38.0933 28.2458 37.8907 28.1726 37.6262 28.1726C37.3199 28.1726 37.0585 28.3093 36.8419 28.5825C36.6254 28.8558 36.5176 29.275 36.5176 29.8401V31.8685H35.3998V25.4863Z" fill="white"></path></svg><p class="styled__StyledBodyText-sc-119w3hf-5 ggtTyf styled__DarkGreyBodyText-jk5kya-0 iwRWTH">Aldi Price Match</p></div></div></div></div><div class="styles__StyledBuyBoxWrapper-dvv1wj-4 dSvjUC"><div class="styles__StyledBuyBoxContainer-sc-1wx0qp6-0 erryje" data-auto="buybox-container"><div class="styles__SafeFormWrapper-jtpu2t-0 lcrYKS"><form action="https://www.tesco.com/groceries/en-GB/trolley/items/299818007?_method=PUT" method="POST"><input type="submit" class="hidden"><input name="id" type="hidden" value="299818007"><input name="identifier" type="hidden" value="Page"><input name="anchorId" type="hidden" value="#tile-299818007"><input name="returnUrl" type="hidden" value="/groceries/en-GB/shop/frozen-food/all?redirectIfUnavailable=true#tile-299818007"><input name="backToUrl" type="hidden" value="#"><input name="oldValue" type="hidden" value="0"><input name="oldUnitChoice" type="hidden" value="pcs"><input name="newUnitChoice" type="hidden" value="pcs"><div class="base-components__RootElement-sc-1mosoyj-1 styled__Container-sc-6nhkzi-0 jptQqM hSNpTb beans-buybox__container"><div class="base-components__BaseElement-sc-1mosoyj-0 styled__PriceAndActions-sc-6nhkzi-3 oznwo eEPLov beans-buybox__price-and-actions"><div class="base-components__RootElement-sc-1mosoyj-1 styled__Container-sc-8qlq5b-0 jptQqM bgZrjw styled__StyledPrice-sc-6nhkzi-5 iYHeik beans-buybox__price beans-price__container"><p class="styled__StyledHeading-sc-119w3hf-2 jWPEtj styled__Text-sc-8qlq5b-1 lnaeiZ beans-price__text">£3.79</p><p class="styled__StyledFootnote-sc-119w3hf-7 icrlVF styled__Subtext-sc-8qlq5b-2 bNJmdc beans-price__subtext">£3.79/kg</p></div><div class="base-components__RootElement-sc-1mosoyj-1 styled__Container-vtxwzb-0 jptQqM bDFhXJ beans-buybox__actions beans-quantity-controls__container"><div class="base-components__RootElement-sc-1mosoyj-1 styled__Container-sc-16t2b2a-0 jptQqM PUfgZ styled__StyledFormGroup-vtxwzb-1 kzKuAr beans-quantity-controls__form-group beans-form-group__container"><label class="styled__StyledLabel-sc-1ttuvhr-0 izGEjV beans-form-group__label beans-label" for="quantity-controls-299818007">Quantity controls </label><div class="base-components__BaseElement-sc-1mosoyj-0 styled__Children-sc-16t2b2a-3 oznwo gdJvjO beans-form-group__children"><div class="styled__StyledQuantityControlWrapper-vtxwzb-6 LCxOg"><label id="quantity-controls-299818007-label" class="styled__VisuallyHiddenLabel-vtxwzb-7 gXlLiM">Quantity of Butchers Choice Chicken Breast Fillets 1Kg</label><div class="component__Wrapper-sc-1kpmik-3 dReplG input-wrapper"><input class="base-components__RootElement-sc-1mosoyj-1 styled__StyledInput-sc-1jd5f57-0 component__StyledAsInput-sc-1kpmik-4 jptQqM eJLlow styled__StyledInput-vtxwzb-3 lwMHo beans-quantity-controls__input beans-input" data-auto="beans-quantity-controls-input" autocomplete="off" id="quantity-controls-299818007" maxlength="2" name="newValue" type="number" aria-labelledby="quantity-controls-299818007-label" value="1"></div></div><button class="styled__BaseButton-rsekm1-0 styled__PrimaryButton-rsekm1-2 jChbeY geeWOF styled__StyledButton-vtxwzb-5 japAxb beans-quantity-controls__add-button beans-button__container" type="submit" data-auto="beans-quantity-controls-add-button" aria-label="Quantity of Butchers Choice Chicken Breast Fillets 1Kg"><span class="base-components__BaseElement-sc-1mosoyj-0 styled__InnerContainer-rsekm1-1 oznwo fuFres beans-button__inner-container"><span class="base-components__BaseElement-sc-1mosoyj-0 styled__TextSpan-rsekm1-4 oznwo GDiMp beans-button__text">Add</span></span></button></div></div></div></div></div><input name="_csrf" type="hidden" value="0WbpBJF9-cS-fAMl-ByHnl5hECj1JaZiBQ20"></form></div></div></div></div><div class="hidden-medium product-info-section-small"><div class="product-info-message-list"><div class="styled__WhiteBackground-sc-9yzfq2-1 jthPIJ"><svg width="56" height="56" viewBox="0 0 56 56" fill="none" xmlns="http://www.w3.org/2000/svg"><path d="M52.1301 27.8766C52.1301 14.5534 41.3293 3.75308 28.0066 3.75308C14.6834 3.75308 3.88306 14.5534 3.88306 27.8766C3.88306 41.1998 14.6834 52.0002 28.0066 52.0002C41.3293 52.0002 52.1301 41.1998 52.1301 27.8766Z" fill="#EE1C2E"></path><path d="M19.6853 36.5687L31.8169 48.6998L52.6633 27.8998L51.9894 23.0423L31.886 43.1452L22.5438 33.803L19.6853 36.5687Z" fill="white"></path><path d="M24.2699 12.0048L23.5594 9.93467L22.8484 12.0048H24.2699ZM24.6345 13.0711H22.4844L21.9776 14.5375H20.7515L22.9815 8.31722H24.1369L26.3669 14.5375H25.1408L24.6345 13.0711Z" fill="white"></path><path d="M27.8359 14.5375H26.734V8.24609H27.8359V14.5375Z" fill="white"></path><path d="M31.5684 13.2309C31.7849 12.9886 31.8927 12.6597 31.8927 12.2446C31.8927 11.8306 31.7849 11.5016 31.5684 11.2588C31.3524 11.0159 31.0811 10.8942 30.7558 10.8942C30.4299 10.8942 30.1587 11.0159 29.9427 11.2588C29.7267 11.5016 29.6184 11.8306 29.6184 12.2446C29.6184 12.6597 29.7267 12.9886 29.9427 13.2309C30.1587 13.4738 30.4299 13.5955 30.7558 13.5955C31.0811 13.5955 31.3524 13.4738 31.5684 13.2309ZM29.4673 14.3065C29.159 14.1049 28.9177 13.8234 28.7429 13.4619C28.5681 13.101 28.481 12.6952 28.481 12.2446C28.481 11.7888 28.5655 11.3815 28.7341 11.0231C28.9032 10.6648 29.1384 10.3848 29.4405 10.1837C29.7426 9.98212 30.0891 9.88158 30.48 9.88158C30.7883 9.88158 31.0579 9.93624 31.2889 10.0455C31.5199 10.1554 31.6978 10.3106 31.8221 10.5122V8.24609H32.9239V14.5375H31.8221V13.9863C31.6916 14.1704 31.5137 14.3194 31.2889 14.4349C31.0636 14.5504 30.797 14.6086 30.4892 14.6086C30.1159 14.6086 29.7751 14.5076 29.4673 14.3065Z" fill="white"></path><path d="M34.9657 14.5375H33.8638V9.95224H34.9657V14.5375ZM33.9082 8.34408C34.0443 8.20796 34.2129 8.1399 34.4145 8.1399C34.6161 8.1399 34.7847 8.20796 34.9208 8.34408C35.0574 8.48071 35.1255 8.64931 35.1255 8.8504C35.1255 9.052 35.0574 9.22112 34.9208 9.35724C34.7847 9.49336 34.6161 9.56142 34.4145 9.56142C34.2129 9.56142 34.0443 9.49336 33.9082 9.35724C33.7715 9.22112 33.704 9.052 33.704 8.8504C33.704 8.64931 33.7715 8.48071 33.9082 8.34408Z" fill="white"></path><path d="M19.6791 19.3347C19.8894 19.1506 19.9946 18.8779 19.9946 18.5169C19.9946 18.1565 19.8894 17.8838 19.6791 17.6997C19.4682 17.5156 19.183 17.4233 18.8221 17.4233H17.5027V19.6111H18.8221C19.183 19.6111 19.4682 19.5188 19.6791 19.3347ZM17.5027 23.9628H16.0374V16.0704H18.9345C19.461 16.0704 19.9157 16.1776 20.2988 16.3921C20.6824 16.6061 20.9753 16.8995 21.1784 17.2712C21.3816 17.6435 21.4826 18.0586 21.4826 18.5169C21.4826 18.9758 21.3816 19.3909 21.1784 19.7632C20.9753 20.1354 20.6824 20.4283 20.2988 20.6423C19.9157 20.8568 19.461 20.9635 18.9345 20.9635H17.5027V23.9628Z" fill="white"></path><path d="M22.0396 18.1451H23.4379V19.0248C23.6029 18.7087 23.8359 18.4684 24.1365 18.3029C24.4376 18.1374 24.7717 18.0549 25.1404 18.0549C25.5235 18.0549 25.8241 18.1415 26.0422 18.3143L25.5689 19.4981C25.3729 19.3929 25.1662 19.3403 24.9486 19.3403C24.5124 19.3403 24.152 19.528 23.8663 19.9039C23.5802 20.2797 23.4379 20.8582 23.4379 21.6404V23.9627H22.0396V18.1451Z" fill="white"></path><path d="M27.8879 23.9627H26.4896V18.1451H27.8879V23.9627ZM26.5458 16.1044C26.7191 15.9316 26.933 15.845 27.1888 15.845C27.444 15.845 27.658 15.9316 27.8312 16.1044C28.0039 16.2771 28.0906 16.4916 28.0906 16.7468C28.0906 17.0026 28.0039 17.217 27.8312 17.3898C27.658 17.5625 27.444 17.6491 27.1888 17.6491C26.933 17.6491 26.7191 17.5625 26.5458 17.3898C26.3731 17.217 26.287 17.0026 26.287 16.7468C26.287 16.4916 26.3731 16.2771 26.5458 16.1044Z" fill="white"></path><path d="M30.0603 23.6693C29.6168 23.4141 29.2714 23.0588 29.0234 22.6041C28.7754 22.1493 28.6511 21.6327 28.6511 21.0537C28.6511 20.4752 28.7754 19.9585 29.0234 19.5038C29.2714 19.049 29.6168 18.6937 30.0603 18.438C30.5037 18.1828 31.011 18.0549 31.5823 18.0549C32.8749 18.0549 33.751 18.585 34.2093 19.6445L32.9353 20.2199C32.6424 19.6332 32.1913 19.3403 31.5823 19.3403C31.1466 19.3403 30.7857 19.4981 30.5001 19.8136C30.2144 20.1297 30.0716 20.5427 30.0716 21.0537C30.0716 21.5651 30.2144 21.9787 30.5001 22.2942C30.7857 22.6097 31.1466 22.7675 31.5823 22.7675C32.1913 22.7675 32.6424 22.4747 32.9353 21.8884L34.2093 22.4633C33.751 23.5229 32.8749 24.0529 31.5823 24.0529C31.011 24.0529 30.5037 23.9251 30.0603 23.6693Z" fill="white"></path><path d="M38.727 20.3999C38.6744 20.0694 38.5223 19.7987 38.2707 19.5883C38.0186 19.3779 37.7015 19.2728 37.3179 19.2728C36.9946 19.2728 36.7048 19.3723 36.4496 19.5713C36.1939 19.7708 36.0175 20.0467 35.9196 20.3999H38.727ZM40.1588 21.5048H35.8633C35.9381 21.9333 36.115 22.2586 36.3934 22.4803C36.6713 22.702 37.0095 22.8129 37.4081 22.8129C37.7386 22.8129 38.015 22.7433 38.2367 22.6041C38.4584 22.4649 38.6708 22.253 38.874 21.9673L40.0573 22.6097C39.7716 23.0759 39.4092 23.4327 38.9693 23.6812C38.5295 23.9287 37.983 24.0529 37.3292 24.0529C36.7125 24.0529 36.1846 23.9086 35.7453 23.6188C35.3055 23.3295 34.9765 22.9557 34.7584 22.4968C34.5403 22.0385 34.4315 21.5574 34.4315 21.0537C34.4315 20.5504 34.546 20.0694 34.7754 19.611C35.0044 19.1526 35.3374 18.7783 35.7731 18.4891C36.2088 18.1998 36.7239 18.0549 37.3179 18.0549C37.9191 18.0549 38.4341 18.19 38.8626 18.4607C39.2911 18.7314 39.6139 19.0866 39.832 19.5264C40.0501 19.9657 40.1588 20.4339 40.1588 20.9299V21.5048Z" fill="white"></path><path d="M16.3879 25.558H17.7399L19.2454 29.4977L20.751 25.558H22.1029V31.8684H20.9309V28.0282L19.6873 31.2915H18.8035L17.5599 28.0282V31.8684H16.3879V25.558Z" fill="white"></path><path d="M25.4058 30.7146C25.6131 30.5341 25.7167 30.3119 25.7167 30.0474V29.9216H24.8335C24.5746 29.9216 24.3689 29.971 24.2158 30.07C24.0626 30.169 23.9858 30.3057 23.9858 30.48C23.9858 30.6424 24.0415 30.7671 24.1529 30.8543C24.2637 30.9414 24.4277 30.9847 24.6437 30.9847C24.9443 30.9847 25.1985 30.8945 25.4058 30.7146ZM23.6074 31.7782C23.3671 31.67 23.1748 31.5122 23.0304 31.3049C22.886 31.0976 22.8138 30.8496 22.8138 30.5609C22.8138 30.1046 22.9855 29.7364 23.3279 29.457C23.6703 29.1775 24.1333 29.0378 24.7159 29.0378H25.7167V28.8754C25.7167 28.6413 25.6357 28.4531 25.4733 28.3118C25.3109 28.1711 25.0918 28.1004 24.8154 28.1004C24.5927 28.1004 24.3916 28.1592 24.2111 28.2763C24.0312 28.3933 23.8956 28.5299 23.8059 28.6862L22.9494 28.1726C23.1113 27.8782 23.3516 27.6333 23.6703 27.4379C23.9889 27.2425 24.3705 27.145 24.8154 27.145C25.4522 27.145 25.9482 27.2982 26.3024 27.6044C26.6572 27.9112 26.8345 28.3526 26.8345 28.9295V31.8685H25.9152L25.7621 31.2735C25.6115 31.4776 25.4207 31.6401 25.1892 31.7602C24.9582 31.8803 24.686 31.9401 24.3735 31.9401C24.1029 31.9401 23.8476 31.8865 23.6074 31.7782Z" fill="white"></path><path d="M27.8214 30.3V28.1726H27.1182V27.2167H27.8214V26.4417L28.9393 25.7384V27.2167H30.1381V28.1726H28.9393V30.2458C28.9393 30.6903 29.1166 30.9125 29.4709 30.9125C29.6333 30.9125 29.7895 30.8496 29.9395 30.7233L30.4443 31.5797C30.2881 31.706 30.1169 31.7978 29.9308 31.855C29.7446 31.9117 29.5549 31.9401 29.3626 31.9401C28.3355 31.9401 27.8214 31.3936 27.8214 30.3Z" fill="white"></path><path d="M31.5487 31.6339C31.194 31.4297 30.9176 31.1456 30.7196 30.7821C30.5211 30.4186 30.4221 30.0056 30.4221 29.5426C30.4221 29.0801 30.5211 28.6666 30.7196 28.3031C30.9176 27.9396 31.194 27.6555 31.5487 27.4513C31.9034 27.2471 32.3087 27.145 32.7655 27.145C33.7993 27.145 34.4995 27.5683 34.8661 28.416L33.8473 28.8754C33.6132 28.4067 33.2528 28.1726 32.7655 28.1726C32.417 28.1726 32.1288 28.2989 31.9004 28.5511C31.6719 28.8037 31.558 29.1342 31.558 29.5426C31.558 29.9509 31.6719 30.282 31.9004 30.5341C32.1288 30.7867 32.417 30.9125 32.7655 30.9125C33.2528 30.9125 33.6132 30.6785 33.8473 30.2098L34.8661 30.6697C34.4995 31.5168 33.7993 31.9401 32.7655 31.9401C32.3087 31.9401 31.9034 31.8386 31.5487 31.6339Z" fill="white"></path><path d="M35.3998 25.4863H36.5176V27.9473C36.662 27.707 36.8615 27.5132 37.1167 27.3657C37.3725 27.2188 37.6592 27.145 37.9778 27.145C38.4702 27.145 38.8579 27.2909 39.1405 27.5823C39.423 27.8736 39.5643 28.2804 39.5643 28.8037V31.8685H38.4465V29.0285C38.4465 28.7522 38.3758 28.5408 38.2346 28.3933C38.0933 28.2458 37.8907 28.1726 37.6262 28.1726C37.3199 28.1726 37.0585 28.3093 36.8419 28.5825C36.6254 28.8558 36.5176 29.275 36.5176 29.8401V31.8685H35.3998V25.4863Z" fill="white"></path></svg><p class="styled__StyledBodyText-sc-119w3hf-5 ggtTyf styled__DarkGreyBodyText-jk5kya-0 iwRWTH">Aldi Price Match</p></div></div></div></div></div></div></div></li></ul></div></div></div></div></div><div class="show-more"><div class="updating"><div class="spinner"></div><span>Loading more items...</span></div><a class="button button-primary small" rel="nofollow" href="https://www.tesco.com/groceries/en-GB/shop/frozen-food/all?page=2" aria-label="Show 48 more products">Show 48 more</a></div><div class="pagination-component grid"><div class="pagination__results-count"><div class="pagination__items-displayed" data-auto="product-bin-count">Showing <strong>1 to 48</strong> of <strong>1064 items</strong><span class="visually-hidden">sorted by Relevance</span></div><div class="show-more-less__link"><a href="https://www.tesco.com/groceries/en-GB/shop/frozen-food/all?page=2&amp;count=24" rel="nofollow">Show 24 per page</a></div></div><nav class="pagination--page-selector-wrapper"><ul><li class="pagination-btn-holder"><a aria-label="Current results page" class="pagination--button prev-next disabled" name="current-results-page" title="Current results page"><span class="icon-icon_whitechevronleft" aria-hidden="true"></span></a></li><li class="pagination-btn-holder"><a aria-label="Current results page" class="pagination--button disabled highlight" name="current-results-page" title="Current results page"><span aria-hidden="true">1</span></a></li><li class="pagination-btn-holder"><a href="https://www.tesco.com/groceries/en-GB/shop/frozen-food/all?page=2" aria-label="Go to results page 2" class="pagination--button" name="go-to-results-page-2" title="Go to results page 2"><span aria-hidden="true">2</span></a></li><li class="pagination-btn-holder"><a href="https://www.tesco.com/groceries/en-GB/shop/frozen-food/all?page=3" aria-label="Go to results page 3" class="pagination--button" name="go-to-results-page-3" title="Go to results page 3"><span aria-hidden="true">3</span></a></li><li><span class="pagination--ellipsis icon-dots"></span></li><li class="pagination-btn-holder"><a href="https://www.tesco.com/groceries/en-GB/shop/frozen-food/all?page=23" aria-label="Go to results page 23" class="pagination--button" name="go-to-results-page-23" title="Go to results page 23"><span aria-hidden="true">23</span></a></li><li class="pagination-btn-holder"><a href="https://www.tesco.com/groceries/en-GB/shop/frozen-food/all?page=2" aria-label="Go to results page" class="pagination--button prev-next" name="go-to-results-page" title="Go to results page"><span class="icon-icon_whitechevronright" aria-hidden="true"></span></a></li></ul></nav></div><div class="back-to-top"><a href="https://www.tesco.com/groceries/en-GB/shop/frozen-food/all#" class="back-to-top__link" rel="nofollow">Back to top<span class="back-to-top__icon-chevron--up icon-chevron_up"></span></a></div><div class="recommender-wrapper"></div></div></div><div id="sort-n-filter" data-auto="sort-n-filter" class="sort-n-filter-container fancy-filter"><div class="actionable-layout" id="actionable-layout"><div aria-hidden="true" class="overlay"></div><div class="actionable-layout--wrapper"><header class="actionable-header"><div><h2 class="actionable-header--title">Sort and filter</h2></div></header><div class="actionable-layout--body"><div class="actionable-layout--scrollable" id="actionable-layout--scrollable"><div class="" id="scrollable-overlay"><div id="top-filter"></div><div class="sort-by"><h2>Sort by</h2><ul><li><a class="filter-radio-button" href="https://www.tesco.com/groceries/en-GB/shop/frozen-food/all"><span class="label-wrapper"><span class="filter-radio-icon icon-radio-on"></span><span class="label">Relevance</span></span></a></li><li><a class="filter-radio-button" href="https://www.tesco.com/groceries/en-GB/shop/frozen-food/all?sortBy=price-ascending"><span class="label-wrapper"><span class="filter-radio-icon icon-radio-off"></span><span class="label">Price: Low to High</span></span></a></li><li><a class="filter-radio-button" href="https://www.tesco.com/groceries/en-GB/shop/frozen-food/all?sortBy=price-descending"><span class="label-wrapper"><span class="filter-radio-icon icon-radio-off"></span><span class="label">Price: High to Low</span></span></a></li></ul></div><div class="filter-by" data-auto="filter-by"><a href="https://www.tesco.com/groceries/en-GB/shop/frozen-food/all" class="clear-all">Clear filters</a><h2>Filter by</h2><div><div class="collapsible-list"><a class="filter-element" href="https://www.tesco.com/groceries/en-GB/shop/frozen-food/all?new=new&amp;viewAll=new" data-auto="filter-option" data-auto-selected="false"><span class="checked-status icon-checkbox-square-unchecked"></span><span class="label-wrapper" aria-disabled="false"><span class="label">New</span><span class="count"> (96) </span></span></a></div></div><div class="area area-promotion" id="area-promotion"><span class="visually-hidden">Filter by: Filter by</span><div class="collapsible-list" id="Filter-by"><a class="filter-element" href="https://www.tesco.com/groceries/en-GB/shop/frozen-food/all?promotion=offers&amp;viewAll=promotion" data-auto="filter-option" data-auto-selected="false"><span class="checked-status icon-checkbox-square-unchecked"></span><span class="label-wrapper" aria-disabled="false"><span class="label highlight">Special Offers</span><span class="count"> (205) </span></span></a></div></div><div class="area area-categories" data-auto="filter-categories"><h2><span class="visually-hidden">Filter by</span>CATEGORY</h2><div><ul class="filter-tree" data-auto="filter-options"><li><a class="filter-element selected" href="https://www.tesco.com/groceries/en-GB/shop/frozen-food/all" data-auto="filter-option" data-auto-selected="true"><span class="label-wrapper"><span class="label">Frozen Food</span><span class="count">(1424)</span></span><span class="checked-status icon-checkbox-square-checked"></span></a><ul class="filter-tree" data-auto="filter-options"><li><a class="filter-element" href="https://www.tesco.com/groceries/en-GB/shop/frozen-food/all?department=Christmas%20Frozen%20Food&amp;viewAll=department" data-auto="filter-option" data-auto-selected="false"><span class="label-wrapper"><span class="label">Christmas Frozen Food</span><span class="count">(117)</span></span><span class="checked-status icon-checkbox-square-unchecked"></span></a></li><li><a class="filter-element" href="https://www.tesco.com/groceries/en-GB/shop/frozen-food/all?department=Frozen%20Vegetables%20%26%20Herbs&amp;viewAll=department" data-auto="filter-option" data-auto-selected="false"><span class="label-wrapper"><span class="label">Frozen Vegetables &amp; Herbs</span><span class="count">(78)</span></span><span class="checked-status icon-checkbox-square-unchecked"></span></a></li><li><a class="filter-element" href="https://www.tesco.com/groceries/en-GB/shop/frozen-food/all?department=Frozen%20Chips%2C%20Onion%20Rings%2C%20Potatoes%20%26%20Rice&amp;viewAll=department" data-auto="filter-option" data-auto-selected="false"><span class="label-wrapper"><span class="label">Frozen Chips, Onion Rings, Potatoes &amp; Rice</span><span class="count">(97)</span></span><span class="checked-status icon-checkbox-square-unchecked"></span></a></li><li><a class="filter-element" href="https://www.tesco.com/groceries/en-GB/shop/frozen-food/all?department=Frozen%20Meat%20%26%20Poultry&amp;viewAll=department" data-auto="filter-option" data-auto-selected="false"><span class="label-wrapper"><span class="label">Frozen Meat &amp; Poultry</span><span class="count">(134)</span></span><span class="checked-status icon-checkbox-square-unchecked"></span></a></li><li><a class="filter-element" href="https://www.tesco.com/groceries/en-GB/shop/frozen-food/all?department=Frozen%20Fish%20%26%20Seafood&amp;viewAll=department" data-auto="filter-option" data-auto-selected="false"><span class="label-wrapper"><span class="label">Frozen Fish &amp; Seafood</span><span class="count">(121)</span></span><span class="checked-status icon-checkbox-square-unchecked"></span></a></li><li><a class="filter-element" href="https://www.tesco.com/groceries/en-GB/shop/frozen-food/all?department=Frozen%20Party%20Food%20%26%20Sausage%20Rolls&amp;viewAll=department" data-auto="filter-option" data-auto-selected="false"><span class="label-wrapper"><span class="label">Frozen Party Food &amp; Sausage Rolls</span><span class="count">(44)</span></span><span class="checked-status icon-checkbox-square-unchecked"></span></a></li><li><a class="filter-element" href="https://www.tesco.com/groceries/en-GB/shop/frozen-food/all?department=Frozen%20Pies&amp;viewAll=department" data-auto="filter-option" data-auto-selected="false"><span class="label-wrapper"><span class="label">Frozen Pies</span><span class="count">(33)</span></span><span class="checked-status icon-checkbox-square-unchecked"></span></a></li><li><a class="filter-element" href="https://www.tesco.com/groceries/en-GB/shop/frozen-food/all?department=Frozen%20Pizza%20%26%20Garlic%20Bread&amp;viewAll=department" data-auto="filter-option" data-auto-selected="false"><span class="label-wrapper"><span class="label">Frozen Pizza &amp; Garlic Bread</span><span class="count">(84)</span></span><span class="checked-status icon-checkbox-square-unchecked"></span></a></li><li><a class="filter-element" href="https://www.tesco.com/groceries/en-GB/shop/frozen-food/all?department=Frozen%20Ready%20Meals&amp;viewAll=department" data-auto="filter-option" data-auto-selected="false"><span class="label-wrapper"><span class="label">Frozen Ready Meals</span><span class="count">(111)</span></span><span class="checked-status icon-checkbox-square-unchecked"></span></a></li><li><a class="filter-element" href="https://www.tesco.com/groceries/en-GB/shop/frozen-food/all?department=Frozen%20Yorkshire%20Puddings%20%26%20Stuffing&amp;viewAll=department" data-auto="filter-option" data-auto-selected="false"><span class="label-wrapper"><span class="label">Frozen Yorkshire Puddings &amp; Stuffing</span><span class="count">(10)</span></span><span class="checked-status icon-checkbox-square-unchecked"></span></a></li><li><a class="filter-element" href="https://www.tesco.com/groceries/en-GB/shop/frozen-food/all?department=Frozen%20Breakfast%2C%20Fruit%20%26%20Pastry&amp;viewAll=department" data-auto="filter-option" data-auto-selected="false"><span class="label-wrapper"><span class="label">Frozen Breakfast, Fruit &amp; Pastry</span><span class="count">(35)</span></span><span class="checked-status icon-checkbox-square-unchecked"></span></a></li><li><a class="filter-element" href="https://www.tesco.com/groceries/en-GB/shop/frozen-food/all?department=Frozen%20Vegetarian%20%26%20Vegan&amp;viewAll=department" data-auto="filter-option" data-auto-selected="false"><span class="label-wrapper"><span class="label">Frozen Vegetarian &amp; Vegan</span><span class="count">(138)</span></span><span class="checked-status icon-checkbox-square-unchecked"></span></a></li><li><a class="filter-element" href="https://www.tesco.com/groceries/en-GB/shop/frozen-food/all?department=Ice%20Cream%2C%20Ice%20Lollies%20%26%20Frozen%20Desserts&amp;viewAll=department" data-auto="filter-option" data-auto-selected="false"><span class="label-wrapper"><span class="label">Ice Cream, Ice Lollies &amp; Frozen Desserts</span><span class="count">(352)</span></span><span class="checked-status icon-checkbox-square-unchecked"></span></a></li><li><a class="filter-element" href="https://www.tesco.com/groceries/en-GB/shop/frozen-food/all?department=Ice%20Cubes&amp;viewAll=department" data-auto="filter-option" data-auto-selected="false"><span class="label-wrapper"><span class="label">Ice Cubes</span><span class="count">(7)</span></span><span class="checked-status icon-checkbox-square-unchecked"></span></a></li><li><a class="filter-element" href="https://www.tesco.com/groceries/en-GB/shop/frozen-food/all?department=Frozen%20Free%20From&amp;viewAll=department" data-auto="filter-option" data-auto-selected="false"><span class="label-wrapper"><span class="label">Frozen Free From</span><span class="count">(31)</span></span><span class="checked-status icon-checkbox-square-unchecked"></span></a></li><li><a class="filter-element" href="https://www.tesco.com/groceries/en-GB/shop/frozen-food/all?department=Frozen%20World%20Foods%20%26%20Halal&amp;viewAll=department" data-auto="filter-option" data-auto-selected="false"><span class="label-wrapper"><span class="label">Frozen World Foods &amp; Halal</span><span class="count">(5)</span></span><span class="checked-status icon-checkbox-square-unchecked"></span></a></li><li><a class="filter-element" href="https://www.tesco.com/groceries/en-GB/shop/frozen-food/all?department=Finest%20Frozen%20Food&amp;viewAll=department" data-auto="filter-option" data-auto-selected="false"><span class="label-wrapper"><span class="label">Finest Frozen Food</span><span class="count">(27)</span></span><span class="checked-status icon-checkbox-square-unchecked"></span></a></li></ul></li></ul></div></div><div class="area area-brand" data-auto="filter-brands"><h2><span class="visually-hidden">Filter by</span>BRAND</h2><div class="collapsible-list" id="Brand"><a class="filter-element" href="https://www.tesco.com/groceries/en-GB/shop/frozen-food/all?brand=Tesco&amp;viewAll=brand" data-auto="filter-option" data-auto-selected="false"><span class="checked-status icon-checkbox-square-unchecked"></span><span class="label-wrapper" aria-disabled="false"><span class="label">Tesco</span><span class="count"> (337) </span></span></a><a class="filter-element" href="https://www.tesco.com/groceries/en-GB/shop/frozen-food/all?brand=Birds%20Eye&amp;viewAll=brand" data-auto="filter-option" data-auto-selected="false"><span class="checked-status icon-checkbox-square-unchecked"></span><span class="label-wrapper" aria-disabled="false"><span class="label">Birds Eye</span><span class="count"> (90) </span></span></a><a href="https://www.tesco.com/groceries/en-GB/shop/frozen-food/all?viewAll=brand#sort-n-filter" class="button button-transparent toggle-list"><span class="view-all-label">More categories</span><span class="icon-tiny-down-arrow"></span></a></div></div><div class="area area-dietary" data-auto="filter-dietary"><h2><span class="visually-hidden">Filter by</span>Lifestyle &amp; Dietary</h2><h3 class="dietary-filters-instruction">Filters should not be used as an alternative to medical advice. Always check the label.</h3><div class="collapsible-list"><a class="filter-element" href="https://www.tesco.com/groceries/en-GB/shop/frozen-food/all" data-auto="filter-option" data-auto-selected="true"><span class="radio-button radio-button--on"></span><span class="label-wrapper" aria-disabled="false"><span class="label">All Lifestyle &amp; Dietary</span></span></a><a class="filter-element" href="https://www.tesco.com/groceries/en-GB/shop/frozen-food/all?dietary=No%20egg&amp;viewAll=dietary" data-auto="filter-option" data-auto-selected="false"><span class="radio-button radio-button--off"></span><span class="label-wrapper" aria-disabled="false"><span class="label">No egg</span><span class="count"> (745) </span></span></a><a class="filter-element" href="https://www.tesco.com/groceries/en-GB/shop/frozen-food/all?dietary=No%20soya&amp;viewAll=dietary" data-auto="filter-option" data-auto-selected="false"><span class="radio-button radio-button--off"></span><span class="label-wrapper" aria-disabled="false"><span class="label">No soya</span><span class="count"> (669) </span></span></a><a href="https://www.tesco.com/groceries/en-GB/shop/frozen-food/all?viewAll=dietary#sort-n-filter" class="button button-transparent toggle-list"><span class="view-all-label">More Lifestyle &amp; Dietary</span><span class="icon-tiny-down-arrow"></span></a></div></div></div></div></div></div><div class="actionable-layout--footer" data-auto="actionable-footer"><div class="footer--button" data-auto="button-cancel"><a href="https://www.tesco.com/groceries/en-GB/shop/frozen-food/all#" class="button cancel-button button-secondary" rel="nofollow">Cancel</a></div><div class="footer--button" aria-disabled="false" data-auto="button-done"><a href="https://www.tesco.com/groceries/en-GB/shop/frozen-food/all#" class="button done-button button-primary" rel="nofollow">Done</a></div></div></div></div></div></div><div><div data-breakpoint="small" class="analytics-customer-event--breakpoint analytics-customer-event--small"></div><div data-breakpoint="small-medium" class="analytics-customer-event--breakpoint analytics-customer-event--small-medium"></div><div data-breakpoint="medium" class="analytics-customer-event--breakpoint analytics-customer-event--medium"></div><div data-breakpoint="large" class="analytics-customer-event--breakpoint analytics-customer-event--large"></div><div data-breakpoint="extra-large" class="analytics-customer-event--breakpoint analytics-customer-event--extra-large"></div></div></div></div><div class="main__sidebar"><div id="mini-trolley" class="mini-trolley mini-trolley--native-sticky mini-trolley--sticky"><h2 class="visually-hidden">Basket</h2><header aria-label="Basket Summary" class="sc-dlVxhl cqMAkR"><div class="sc-kfPuZi hVxzHh"><a href="https://www.tesco.com/groceries/en-GB/trolley" aria-label="Review your basket" class="styled__Anchor-sc-13zqyoa-0 kAGrVZ beans-link__anchor" data-auto="basket-icon"><svg aria-hidden="true" class="styled__SVG-xxa4wh-1 hQMCqc beans-link__icon beans-icon__svg" height="22" preserveAspectRatio="xMinYMax meet" viewBox="0 1 24 22" width="24" xmlns="http://www.w3.org/2000/svg" color="currentColor"><path d="M20 20.5H4l-2.5-11h21zM12 12v6M16 12v6M8 12v6M12 9.5L18 1" fill="none" stroke="currentColor"></path></svg></a><div role="status" data-testid="summary-status" class="sc-fKVqWL gZNHwv"><span class="sc-iwjdpV iSnNDM">£0.00 Guide price</span><p aria-hidden="true" data-auto="basket-guide-price" class="styled__StyledBodyText-sc-119w3hf-5 jvstkl sc-bBHxTw cUECpD"><span data-auto="price-value">£0.00</span><br><span class="sc-cxpSdN kDAZlq">Guide price</span></p></div></div><a href="https://www.tesco.com/groceries/en-GB/checkout/review-trolley" class="styled__Anchor-sc-16kp6v-0 epALiB sc-llYSUQ ufRD beans-link__anchor" data-auto="mini-trolley-checkout"><span class="styled__Text-sc-16kp6v-1 hbiXiB beans-link__text">Checkout</span></a></header><div class="mini-trolley__content"><div class="mini-trolley__empty-message">Products you add to your basket will appear here</div><ul class="mini-trolley__content-list"></ul></div></div></div><div class="left-hand-navigation"><div aria-hidden="true" class="overlay"></div><nav class="main-nav" id="nav"><a aria-controls="nav" aria-expanded="false" class="main-header-button main-header-icon-button pull-right icon icon-burger_menu_icon" href="https://www.tesco.com/groceries/en-GB/shop/frozen-food/all#" rel="nofollow" role="button"><span class="visually-hidden">Close navigation</span></a><div class="main-nav-inner"><div class="fixed-container"><div class="fixed-top"><header class="main-nav-header"><a href="https://www.tesco.com/account/login/en-GB?from=https%3A%2F%2Fwww.tesco.com%2Fgroceries%2Fen-GB%2Fshop%2Ffresh-food%2Fchristmas-fresh-food%2Fall%3Fcount%3D48%26page%3D2" class="button button-primary main-nav-header-button">Sign in</a><div class="vertical-divider"></div><a href="https://secure.tesco.com/account/en-GB/register?newReg=true&amp;from=https%3A%2F%2Fwww.tesco.com%2Fgroceries%2Fen-GB%2Fshop%2Ffresh-food%2Fchristmas-fresh-food%2Fall%3Fcount%3D48%26page%3D2" class="button button-primary main-nav-header-button">Register</a></header><div class="list-container fixed-middle"><ul class="list main-nav-list" role="menu" tabindex="0"><li class="list-header" role="menuitem">GROCERIES</li><li class="list-item"><a href="https://www.tesco.com/groceries/en-GB/shop" role="menuitem"><span class="list-item-icon list-item-icon-left icon-shop_all_groceries-01"></span><span data-auto="list-item-single-line" class="list-item-single-line">Shop all groceries</span></a></li><li class="list-item"><a href="https://www.tesco.com/account/login/en-GB?from=https%3A%2F%2Fwww.tesco.com%2Fgroceries%2Fen-GB%2Ffavorites" role="menuitem"><span class="list-item-icon list-item-icon-left favorite-heart-icon"></span><span data-auto="list-item-single-line" class="list-item-single-line">Favourites</span></a></li><li class="list-item"><a href="https://www.tesco.com/account/login/en-GB?from=https%3A%2F%2Fwww.tesco.com%2Fgroceries%2Fen-GB%2Fslots" role="menuitem"><span class="list-item-icon list-item-icon-left icon-bookaslot-01"></span><span data-auto="list-item-single-line" class="list-item-single-line">Book a slot</span></a></li><li class="list-item"><a href="https://www.tesco.com/account/login/en-GB?from=https%3A%2F%2Fwww.tesco.com%2Fgroceries%2Fen-GB%2Forders" role="menuitem"><span class="list-item-icon list-item-icon-left icon-my_orders-01"></span><span data-auto="list-item-single-line" class="list-item-single-line">My orders</span></a></li><li class="list-item"><a href="https://www.tesco.com/groceries/en-GB/zone/christmas?icid=topnav_Christmas" role="menuitem"><span class="list-item-icon list-item-icon-left icon-icon-events"></span><span data-auto="list-item-single-line" class="list-item-single-line">Christmas</span></a></li><li class="list-item"><a href="https://www.tesco.com/groceries/en-GB/promotions" role="menuitem"><span class="list-item-icon list-item-icon-left icon-promotion-nav"></span><span data-auto="list-item-single-line" class="list-item-single-line">Special offers</span></a></li><li class="list-item"><a href="https://secure.tesco.com/account/en-GB/manage" role="menuitem"><span class="list-item-icon list-item-icon-left icon-my-account"></span><span data-auto="list-item-single-line" class="list-item-single-line">My account</span></a></li><li class="list-item"><a href="https://www.tesco.com/DeliverySaver/" role="menuitem" target="_blank"><span class="list-item-icon list-item-icon-left icon-delivery-saver"></span><span class="list-item-icon list-item-icon-right icon-link"></span><span data-auto="list-item-single-line" class="list-item-single-line">Delivery Saver</span></a></li><li class="list-item"><a href="https://www.tesco.com/groceries/en-GB/#" role="menuitem"><span class="list-item-icon list-item-icon-left icon-download-app"></span><span data-auto="list-item-single-line" class="list-item-single-line">Download the app</span></a></li><li class="list-header" role="menuitem">MORE FROM TESCO</li><li class="list-item"><a href="https://secure.tesco.com/clubcard/" role="menuitem" target="_blank"><span class="list-item-icon list-item-icon-left icon-clubcard-01"></span><span class="list-item-icon list-item-icon-right icon-link"></span><span data-auto="list-item-single-line" class="list-item-single-line">Clubcard account</span></a></li><li class="list-item"><a href="https://realfood.tesco.com/" role="menuitem" target="_blank"><span class="list-item-icon list-item-icon-left icon-real-food"></span><span class="list-item-icon list-item-icon-right icon-link"></span><span data-auto="list-item-single-line" class="list-item-single-line">Recipes</span></a></li><li class="list-item"><a href="https://www.tesco.com/store-locator/uk/?stop_mobi=yes" role="menuitem" target="_blank"><span class="list-item-icon list-item-icon-left icon-storefinder-blue"></span><span data-auto="list-item-single-line" class="list-item-single-line">Store locator</span></a></li><li class="list-item"><a href="https://www.tesco.com/direct" role="menuitem" target="_blank"><span class="list-item-icon list-item-icon-left icon-tesco-direct"></span><span class="list-item-icon list-item-icon-right icon-link"></span><span data-auto="list-item-single-line" class="list-item-single-line">Tesco Direct</span></a></li><li class="list-item"><a href="https://www.tesco.com/direct/clothing/" role="menuitem" target="_blank"><span class="list-item-icon list-item-icon-left icon-f-and-f"></span><span class="list-item-icon list-item-icon-right icon-link"></span><span data-auto="list-item-single-line" class="list-item-single-line">F&amp;F clothing</span></a></li><li class="list-header" role="menuitem">ABOUT THIS SITE</li><li class="list-item"><a href="https://www.tesco.com/groceries/en-GB/help" role="menuitem"><span class="list-item-icon list-item-icon-left icon-help-01"></span><span data-auto="list-item-single-line" class="list-item-single-line"><span><span aria-hidden="true">Help</span><span class="visually-hidden">Help with the groceries website</span></span></span></a></li><li class="list-item"><a href="https://www.tesco.com/help/contact/" role="menuitem"><span class="list-item-icon list-item-icon-left icon-email-large"></span><span data-auto="list-item-single-line" class="list-item-single-line">Contact us</span></a></li></ul></div></div></div><a aria-controls="nav" class="overlay-close" href="https://www.tesco.com/groceries/en-GB/shop/frozen-food/all#"><span class="visually-hidden">Close</span></a></div></nav></div></div><div class="footer-wrapper"><footer class="footer"><div class="footer__upper"><div class="footer__header"><div class="footer__logo-wrapper"><svg class="beans-dynamic-logo__logo beans-tesco-logo__svg" preserveAspectRatio="xMinYMax meet" viewBox="0 0 121 35" xmlns="http://www.w3.org/2000/svg"><title>Tesco Home</title><defs><path d="M.218 6.389h23.973V.366H.218v6.023z" id="tesco-logo-a"></path><path d="M.376 6.389h23.973V.366H.376z" id="tesco-logo-c"></path><path d="M.11 6.389h23.972V.366H.11v6.023z" id="tesco-logo-e"></path><path d="M.267 6.389H24.24V.366H.267v6.023z" id="tesco-logo-g"></path><path d="M0 6.389h23.973V.366H0v6.023z" id="tesco-logo-i"></path></defs><g fill="none" fill-rule="evenodd"><path d="M84.647 0c2.538 0 4.735.31 6.5.777v5.405c-1.734-1.77-3.776-2.889-6.47-2.889-4.92 0-8.201 3.449-8.201 8.047 0 4.598 3.28 8.046 8.202 8.046 2.693 0 4.735-1.118 6.469-2.889v5.406c-1.765.466-3.962.807-6.5.807-8.512 0-14.671-4.256-14.671-11.37 0-7.115 6.16-11.34 14.67-11.34zM60.474 8.823c4.24.59 7.768 2.082 7.768 6.71 0 5.438-5.138 7.177-10.678 7.147-3.869-.032-7.15-.404-9.564-1.368v-4.877c3.436 2.237 6.964 2.951 9.564 2.951 2.693 0 5.17-.652 5.17-2.702s-2.291-2.548-6.996-3.263C51.683 12.8 48 11.06 47.968 7.052 47.939 1.647 53.046 0 57.936 0c3.158 0 6.222.373 9.038 1.305v5.25c-2.352-2.081-5.85-3.262-9.285-3.262-2.322 0-4.52.746-4.52 2.486 0 2.174 3.25 2.485 7.306 3.044zM37.136 18.92c2.507 0 6.685-.59 8.326-2.05v5.343H27.665c.866-1.025 1.02-1.709 1.02-3.79V4.256c0-2.081-.154-2.765-1.02-3.79h16.868V5.81c-1.64-1.46-5.819-2.05-8.326-2.05h-1.98v5.778h1.454c1.424 0 3.621-.062 5.076-.59v4.287c-1.455-.528-3.652-.59-5.076-.59h-1.455v6.275h2.91zM.984.466h24.42V5.81c-1.733-1.46-5.416-2.05-9.346-2.05v14.57c0 2.175.185 2.765 1.021 3.883h-7.77c.837-1.118 1.022-1.709 1.022-3.883V3.76c-3.93 0-7.614.59-9.347 2.05V.466zM106.48 19.386c-4.426 0-7.304-3.666-7.304-8.046 0-4.412 2.878-8.047 7.305-8.047 4.425 0 7.304 3.635 7.304 8.047 0 4.38-2.879 8.046-7.304 8.046m0-19.386C97.69 0 92.676 5.126 92.676 11.34c0 6.182 5.014 11.34 13.805 11.34 8.79 0 13.804-5.158 13.804-11.34 0-6.214-5.014-11.34-13.804-11.34" fill="#666666"></path><g transform="translate(95.9 27.755)"><mask fill="#fff" id="tesco-logo-b"><use xlink:href="#tesco-logo-a"></use></mask><path d="M9.37.366h14.747a.08.08 0 0 1 .04.01l.004.001a.055.055 0 0 1 .01.008c.028.028.03.085-.013.126a.153.153 0 0 1-.037.025l-.026.012c-1.713.784-4.008 3.173-4.008 3.173-1.715 1.636-3.001 2.668-5.744 2.668H.283C.24 6.39.22 6.35.217 6.31c0 0 0 .002 0 0a.09.09 0 0 1 .03-.066.422.422 0 0 1 .044-.032C1.835 5.346 4.14 2.948 4.14 2.948 5.084 1.828 6.969.366 9.37.366" fill="#666666" mask="url(#tesco-logo-b)"></path></g><g transform="translate(71.713 27.755)"><mask fill="#fff" id="tesco-logo-d"><use xlink:href="#tesco-logo-c"></use></mask><path d="M9.527.366h14.748a.08.08 0 0 1 .04.01l.003.001a.055.055 0 0 1 .01.008c.029.028.031.085-.013.126a.153.153 0 0 1-.036.025l-.026.012c-1.714.784-4.008 3.173-4.008 3.173C18.529 5.357 17.244 6.39 14.5 6.39H.44c-.04 0-.062-.039-.064-.08 0 0 0 .002 0 0a.09.09 0 0 1 .03-.066.422.422 0 0 1 .044-.032c1.543-.865 3.847-3.263 3.847-3.263.944-1.12 2.83-2.582 5.23-2.582" fill="#666666" mask="url(#tesco-logo-d)"></path></g><g transform="translate(47.95 27.755)"><mask fill="#fff" id="tesco-logo-f"><use xlink:href="#tesco-logo-e"></use></mask><path d="M9.26.366h14.748a.08.08 0 0 1 .04.01l.004.001a.055.055 0 0 1 .01.008c.028.028.03.085-.013.126a.153.153 0 0 1-.036.025l-.027.012c-1.713.784-4.008 3.173-4.008 3.173-1.715 1.636-3.001 2.668-5.744 2.668H.174c-.042 0-.063-.039-.065-.08 0 0 0 .002 0 0a.09.09 0 0 1 .03-.066.471.471 0 0 1 .044-.032c1.543-.865 3.848-3.263 3.848-3.263C4.975 1.828 6.86.366 9.261.366" fill="#666666" mask="url(#tesco-logo-f)"></path></g><g transform="translate(23.763 27.755)"><mask fill="#fff" id="tesco-logo-h"><use xlink:href="#tesco-logo-g"></use></mask><path d="M9.418.366h14.747a.08.08 0 0 1 .04.01l.004.001a.055.055 0 0 1 .01.008c.029.028.031.085-.013.126a.153.153 0 0 1-.036.025l-.026.012c-1.714.784-4.008 3.173-4.008 3.173-1.716 1.636-3.002 2.668-5.745 2.668H.331c-.04 0-.062-.039-.064-.08 0 0 0 .002 0 0a.09.09 0 0 1 .03-.066.422.422 0 0 1 .044-.032c1.543-.865 3.847-3.263 3.847-3.263.944-1.12 2.83-2.582 5.23-2.582" fill="#666666" mask="url(#tesco-logo-h)"></path></g><g transform="translate(0 27.755)"><mask fill="#fff" id="tesco-logo-j"><use xlink:href="#tesco-logo-i"></use></mask><path d="M9.152.366h14.747a.08.08 0 0 1 .04.01l.004.001a.055.055 0 0 1 .01.008c.028.028.03.085-.013.126a.153.153 0 0 1-.036.025l-.027.012c-1.713.784-4.008 3.173-4.008 3.173-1.715 1.636-3.001 2.668-5.744 2.668H.065C.022 6.39.001 6.35 0 6.31c0 0 0 .002 0 0a.09.09 0 0 1 .03-.066.422.422 0 0 1 .044-.032c1.543-.865 3.848-3.263 3.848-3.263C4.866 1.828 6.75.366 9.152.366" fill="#666666" mask="url(#tesco-logo-j)"></path></g></g></svg></div></div><section class="footer-list footer-list--closed footer:here-to-help"><h4 class="footer-list__title">Here to help<span class="footer-list__chevron icon-chevron_down-gray"></span></h4><ul class="footer-list__list"><li class="footer-list-item"><a href="https://secure.tesco.com/account/en-GB/manage" class="footer-link" rel="noreferrer" title="Will open in a new tab or window"><span class="footer-link__text">My Account</span></a></li><li class="footer-list-item"><a href="https://www.tesco.com/groceries/en-GB/orders" class="footer-link" rel="noreferrer"><span class="footer-link__text">My Grocery Orders</span></a></li><li class="footer-list-item"><a href="https://www.tesco.com/groceries/en-GB/help/" class="footer-link" rel="noreferrer" title="Will open in a new tab or window"><span class="footer-link__text"><span><span aria-hidden="true">Help</span><span class="visually-hidden">Help with the groceries website</span></span></span></a></li><li class="footer-list-item"><a href="https://www.tesco.com/productrecall/" class="footer-link" rel="noreferrer" title="Will open in a new tab or window"><span class="footer-link__text">Product Recall</span></a></li><li class="footer-list-item"><a href="https://www.tesco.com/help/privacy-and-cookies/privacy-centre/" class="footer-link" rel="noreferrer" title="Will open in a new tab or window"><span class="footer-link__text">Privacy centre</span></a></li></ul></section><section class="footer-list footer-list--closed footer:about"><h4 class="footer-list__title">About<span class="footer-list__chevron icon-chevron_down-gray"></span></h4><ul class="footer-list__list"><li class="footer-list-item"><a href="https://www.tesco.com/help/accessibility/" class="footer-link" rel="noreferrer" title="Will open in a new tab or window"><span class="footer-link__text">Accessibility</span></a></li><li class="footer-list-item"><a href="https://www.tesco.com/help/site-map/" class="footer-link" rel="noreferrer" title="Will open in a new tab or window"><span class="footer-link__text">Sitemap</span></a></li><li class="footer-list-item"><a href="https://www.tesco.com/help/privacy-and-cookies/privacy-centre/privacy-policy-information/privacy-policy/" class="footer-link" rel="noreferrer" title="Will open in a new tab or window"><span class="footer-link__text">Privacy &amp; cookies policy</span></a></li><li class="footer-list-item"><a href="https://www.tesco.com/help/terms-and-conditions/" class="footer-link" rel="noreferrer" title="Will open in a new tab or window"><span class="footer-link__text">General terms &amp; conditions</span></a></li><li class="footer-list-item"><a href="https://www.tesco.com/help/terms-and-conditions/grocery/" class="footer-link" rel="noreferrer" title="Will open in a new tab or window"><span class="footer-link__text">Product terms &amp; conditions</span></a></li><li class="footer-list-item"><a href="https://www.tesco.com/help/terms-and-conditions/#coupons" class="footer-link" rel="noreferrer" title="Will open in a new tab or window"><span class="footer-link__text">Coupon terms &amp; conditions</span></a></li></ul></section><section class="footer-list footer-list--closed footer:ways-to-save"><h4 class="footer-list__title">Ways to save<span class="footer-list__chevron icon-chevron_down-gray"></span></h4><ul class="footer-list__list"><li class="footer-list-item"><a href="https://www.tesco.com/deliverysaver/?=&amp;icid=Grocerywebfooter_DeliverySaver" class="footer-link" rel="noreferrer" title="Will open in a new tab or window"><span class="footer-link__text">Delivery Saver</span></a></li><li class="footer-list-item"><a href="https://secure.tesco.com/clubcard/" class="footer-link" rel="noreferrer" title="Will open in a new tab or window"><span class="icon icon-link-blue footer-link__icon"></span><span class="footer-link__text">Clubcard</span></a></li><li class="footer-list-item"><a href="https://www.tesco.com/groceries/en-GB/zone/tesco-delivery" class="footer-link" rel="noreferrer" title="Will open in a new tab or window"><span class="footer-link__text">Click+Collect</span></a></li><li class="footer-list-item"><a href="https://www.tesco.com/groceries/en-gb/buylists/clubcard-prices/top-picks" class="footer-link" rel="noreferrer" title="Will open in a new tab or window"><span class="footer-link__text">Clubcard prices</span></a></li></ul></section><section class="footer-list footer-list--closed footer:contact-us"><h4 class="footer-list__title">Contact us<span class="footer-list__chevron icon-chevron_down-gray"></span></h4><ul class="footer-list__list"><li class="footer-list-item"><a href="https://www.tesco.com/" class="footer-link" rel="noreferrer" title="Will open in a new tab or window"><span class="icon icon-link-blue footer-link__icon"></span><span class="footer-link__text">Tesco.com</span></a></li><li class="footer-list-item"><a href="https://www.tesco.com/store-locator/uk/" class="footer-link" rel="noreferrer" title="Will open in a new tab or window"><span class="icon icon-storefinder-blue footer-link__icon"></span><span class="footer-link__text">Store locator</span></a></li><li class="footer-list-item"><a href="tel:08003234040" class="footer-link" rel="noreferrer" title="Will open in a new tab or window"><span class="icon icon-phone-blue footer-link__icon"></span><span class="footer-link__text">0800 323 4040</span></a></li><li class="footer-list-item"><a href="tel:03301234040" class="footer-link" rel="noreferrer" title="Will open in a new tab or window"><span class="icon icon-phone-blue footer-link__icon"></span><span class="footer-link__text">0330 123 4040</span></a></li><li class="footer-list-item display-only-in-js"><a href="https://www.tesco.com/groceries/en-GB/#!" class="footer-link" rel="noreferrer"><span class="icon icon-feedback-blue footer-link__icon"></span><span class="footer-link__text">Feedback</span></a></li></ul></section><div class="footer__centered"><div class="footer__tagline icon-strapline"></div><div class="footer__copyright">© Tesco.com 2022 All rights reserved</div></div></div><div class="footer__lower"><div class="footer-logo"><div class="footer-logo__payments-container"><div class="icon-list footer-logo__card-icons"><ul class="icon-list horizontal" title="Cards accepted: Visa, Mastercard, American Express"><li class="icon icon__card icon__card--visa"><span class="visually-hidden">Visa</span></li><li class="icon icon__card icon__card--mastercard"><span class="visually-hidden">Mastercard</span></li><li class="icon icon__card icon__card--american-express"><span class="visually-hidden">American Express</span></li></ul></div><div class="icon-list footer-logo__3ds-icons"><ul class="icon-list horizontal"><li class="icon icon__card icon__verified_by_visa" title="Verified By Visa"><span class="visually-hidden">Verified By Visa</span></li><li class="icon icon__card icon__mastercard_securecode" title="Mastercard SecureCode"><span class="visually-hidden">Mastercard Securecode</span></li><li class="icon icon__card icon__american_express_safekey" title="American Express Safekey"><span class="visually-hidden">American Express Safekey</span></li></ul></div></div></div></div></footer></div></div></div></div>
    <script type="application/json" data-dependencies="deferred">["\u002Fgroceries\u002Fweb-assets\u002Fregions\u002FUK-554ab7b42e.en-GB.js","\u002Fgroceries\u002Fweb-assets\u002Fstatic-vendor.bundle.07a529d39fa55b5a4b98.js","\u002Fgroceries\u002Fweb-assets\u002Fstatic-common.bundle.926c5e26d972ffce7b3f.js"]</script>
    <script type="application/json" data-dependencies="deferred">["\u002Fgroceries\u002Fweb-assets\u002Fstatic-categories.bundle.64935db59419f99294a0.js"]</script>
    <script type="application/json" data-dependencies="late">["https:\u002F\u002Fwww.googletagmanager.com\u002Fgtm.js?id=GTM-MGZTXQJ","https:\u002F\u002Fpagead2.googlesyndication.com\u002Ftag\u002Fjs\u002Fgpt.js"]</script>
  
<noscript><img src="https://www.tesco.com/akam/13/pixel_b7a69ef?a=dD03NTJjZDgxZGRlODY3ODBmZTk5YjZiNmYzMWZkYTlmMTUyNDQ2NTJjJmpzPW9mZg==" style="visibility: hidden; position: absolute; left: -999px; top: -999px;" /></noscript><script type="text/javascript" nonce="" src="./tesco_html_brand_frozen_files/nDFtrLVcB"></script>

<div>
    <link href="./tesco_html_brand_frozen_files/UK-9c7463c43f.css" rel="stylesheet" type="text/css" media="all">
     <link href="./tesco_html_brand_frozen_files/icons-5ce5faef11.css" rel="stylesheet" type="text/css" media="all">
  </div><script type="text/javascript" id="" src="./tesco_html_brand_frozen_files/gtmScriptsExpFalse.js.download"></script><iframe src="./tesco_html_brand_frozen_files/container.html" style="visibility: hidden; display: none;"></iframe></body></html>