<!DOCTYPE html>
<!-- saved from url=(0064)https://www.tesco.com/groceries/en-GB/shop/health-and-beauty/all -->
<html class="js supports no-touchevents flexbox flexboxlegacy csstransforms csstransforms3d csstransitions no-ios8 no-ie" lang="en" data-base-static-url="/groceries/web-assets" style=""><head><meta http-equiv="Content-Type" content="text/html; charset=UTF-8">
    <meta name="sentry-trace" content="94e5a4a40dcd49d29da0d1553a3a5b3b">
    
    <meta http-equiv="X-UA-Compatible" content="IE=edge">
    <meta http-equiv="content-language" content="en-GB">
      <script type="text/javascript" src="./tesco_html_brand_healthbeauty_files/NRBR-308508e60a7edd4c486"></script><script src="./tesco_html_brand_healthbeauty_files/nr-spa-1216.min.js.download"></script><script type="text/javascript" nonce="">
  window.NREUM || (NREUM={});
  window.NREUM.init = {
    distributed_tracing: { enabled: true },
    privacy: { cookies_enabled: false },
    ajax: { deny_list: ["bam.nr-data.net"] }
  };
  window.NREUM.loader_config = {
    accountID: "3512954",
    trustKey: "3296235",
    agentID: "1134246125",
    licenseKey: "NRBR-308508e60a7edd4c486",
    applicationID: "1134246125",
  };
  window.NREUM.info = {
    beacon: "bam.nr-data.net",
    errorBeacon: "bam.nr-data.net",
    licenseKey: "NRBR-308508e60a7edd4c486",
    applicationID: "1134246125",
    sa: 1,
  };
  </script>
      <script type="text/javascript" nonce="">window.NREUM||(window.NREUM={}),window.__nr_require=function(t,e,n){function r(n){if(!e[n]){var o=e[n]={exports:{}};t[n][0].call(o.exports,function(e){var o=t[n][1][e];return r(o||e)},o,o.exports)}return e[n].exports}if("function"==typeof __nr_require)return __nr_require;for(var o=0;o<n.length;o++)r(n[o]);return r}({1:[function(t,e,n){function r(t){try{s.console&&console.log(t)}catch(e){}}var o,i=t("ee"),a=t(31),s={};try{o=localStorage.getItem("__nr_flags").split(","),console&&"function"==typeof console.log&&(s.console=!0,o.indexOf("dev")!==-1&&(s.dev=!0),o.indexOf("nr_dev")!==-1&&(s.nrDev=!0))}catch(c){}s.nrDev&&i.on("internal-error",function(t){r(t.stack)}),s.dev&&i.on("fn-err",function(t,e,n){r(n.stack)}),s.dev&&(r("NR AGENT IN DEVELOPMENT MODE"),r("flags: "+a(s,function(t,e){return t}).join(", ")))},{}],2:[function(t,e,n){function r(t,e,n,r,s){try{l?l-=1:o(s||new UncaughtException(t,e,n),!0)}catch(f){try{i("ierr",[f,c.now(),!0])}catch(d){}}return"function"==typeof u&&u.apply(this,a(arguments))}function UncaughtException(t,e,n){this.message=t||"Uncaught error with no additional information",this.sourceURL=e,this.line=n}function o(t,e){var n=e?null:c.now();i("err",[t,n])}var i=t("handle"),a=t(32),s=t("ee"),c=t("loader"),f=t("gos"),u=window.onerror,d=!1,p="nr@seenError";if(!c.disabled){var l=0;c.features.err=!0,t(1),window.onerror=r;try{throw new Error}catch(h){"stack"in h&&(t(14),t(13),"addEventListener"in window&&t(7),c.xhrWrappable&&t(15),d=!0)}s.on("fn-start",function(t,e,n){d&&(l+=1)}),s.on("fn-err",function(t,e,n){d&&!n[p]&&(f(n,p,function(){return!0}),this.thrown=!0,o(n))}),s.on("fn-end",function(){d&&!this.thrown&&l>0&&(l-=1)}),s.on("internal-error",function(t){i("ierr",[t,c.now(),!0])})}},{}],3:[function(t,e,n){var r=t("loader");r.disabled||(r.features.ins=!0)},{}],4:[function(t,e,n){function r(){U++,L=g.hash,this[u]=y.now()}function o(){U--,g.hash!==L&&i(0,!0);var t=y.now();this[h]=~~this[h]+t-this[u],this[d]=t}function i(t,e){E.emit("newURL",[""+g,e])}function a(t,e){t.on(e,function(){this[e]=y.now()})}var s="-start",c="-end",f="-body",u="fn"+s,d="fn"+c,p="cb"+s,l="cb"+c,h="jsTime",m="fetch",v="addEventListener",w=window,g=w.location,y=t("loader");if(w[v]&&y.xhrWrappable&&!y.disabled){var x=t(11),b=t(12),E=t(9),R=t(7),O=t(14),T=t(8),S=t(15),P=t(10),M=t("ee"),C=M.get("tracer"),N=t(23);t(17),y.features.spa=!0;var L,U=0;M.on(u,r),b.on(p,r),P.on(p,r),M.on(d,o),b.on(l,o),P.on(l,o),M.buffer([u,d,"xhr-resolved"]),R.buffer([u]),O.buffer(["setTimeout"+c,"clearTimeout"+s,u]),S.buffer([u,"new-xhr","send-xhr"+s]),T.buffer([m+s,m+"-done",m+f+s,m+f+c]),E.buffer(["newURL"]),x.buffer([u]),b.buffer(["propagate",p,l,"executor-err","resolve"+s]),C.buffer([u,"no-"+u]),P.buffer(["new-jsonp","cb-start","jsonp-error","jsonp-end"]),a(T,m+s),a(T,m+"-done"),a(P,"new-jsonp"),a(P,"jsonp-end"),a(P,"cb-start"),E.on("pushState-end",i),E.on("replaceState-end",i),w[v]("hashchange",i,N(!0)),w[v]("load",i,N(!0)),w[v]("popstate",function(){i(0,U>1)},N(!0))}},{}],5:[function(t,e,n){function r(){var t=new PerformanceObserver(function(t,e){var n=t.getEntries();s(v,[n])});try{t.observe({entryTypes:["resource"]})}catch(e){}}function o(t){if(s(v,[window.performance.getEntriesByType(w)]),window.performance["c"+p])try{window.performance[h](m,o,!1)}catch(t){}else try{window.performance[h]("webkit"+m,o,!1)}catch(t){}}function i(t){}if(window.performance&&window.performance.timing&&window.performance.getEntriesByType){var a=t("ee"),s=t("handle"),c=t(14),f=t(13),u=t(6),d=t(23),p="learResourceTimings",l="addEventListener",h="removeEventListener",m="resourcetimingbufferfull",v="bstResource",w="resource",g="-start",y="-end",x="fn"+g,b="fn"+y,E="bstTimer",R="pushState",O=t("loader");if(!O.disabled){O.features.stn=!0,t(9),"addEventListener"in window&&t(7);var T=NREUM.o.EV;a.on(x,function(t,e){var n=t[0];n instanceof T&&(this.bstStart=O.now())}),a.on(b,function(t,e){var n=t[0];n instanceof T&&s("bst",[n,e,this.bstStart,O.now()])}),c.on(x,function(t,e,n){this.bstStart=O.now(),this.bstType=n}),c.on(b,function(t,e){s(E,[e,this.bstStart,O.now(),this.bstType])}),f.on(x,function(){this.bstStart=O.now()}),f.on(b,function(t,e){s(E,[e,this.bstStart,O.now(),"requestAnimationFrame"])}),a.on(R+g,function(t){this.time=O.now(),this.startPath=location.pathname+location.hash}),a.on(R+y,function(t){s("bstHist",[location.pathname+location.hash,this.startPath,this.time])}),u()?(s(v,[window.performance.getEntriesByType("resource")]),r()):l in window.performance&&(window.performance["c"+p]?window.performance[l](m,o,d(!1)):window.performance[l]("webkit"+m,o,d(!1))),document[l]("scroll",i,d(!1)),document[l]("keypress",i,d(!1)),document[l]("click",i,d(!1))}}},{}],6:[function(t,e,n){e.exports=function(){return"PerformanceObserver"in window&&"function"==typeof window.PerformanceObserver}},{}],7:[function(t,e,n){function r(t){for(var e=t;e&&!e.hasOwnProperty(u);)e=Object.getPrototypeOf(e);e&&o(e)}function o(t){s.inPlace(t,[u,d],"-",i)}function i(t,e){return t[1]}var a=t("ee").get("events"),s=t("wrap-function")(a,!0),c=t("gos"),f=XMLHttpRequest,u="addEventListener",d="removeEventListener";e.exports=a,"getPrototypeOf"in Object?(r(document),r(window),r(f.prototype)):f.prototype.hasOwnProperty(u)&&(o(window),o(f.prototype)),a.on(u+"-start",function(t,e){var n=t[1];if(null!==n&&("function"==typeof n||"object"==typeof n)){var r=c(n,"nr@wrapped",function(){function t(){if("function"==typeof n.handleEvent)return n.handleEvent.apply(n,arguments)}var e={object:t,"function":n}[typeof n];return e?s(e,"fn-",null,e.name||"anonymous"):n});this.wrapped=t[1]=r}}),a.on(d+"-start",function(t){t[1]=this.wrapped||t[1]})},{}],8:[function(t,e,n){function r(t,e,n){var r=t[e];"function"==typeof r&&(t[e]=function(){var t=i(arguments),e={};o.emit(n+"before-start",[t],e);var a;e[m]&&e[m].dt&&(a=e[m].dt);var s=r.apply(this,t);return o.emit(n+"start",[t,a],s),s.then(function(t){return o.emit(n+"end",[null,t],s),t},function(t){throw o.emit(n+"end",[t],s),t})})}var o=t("ee").get("fetch"),i=t(32),a=t(31);e.exports=o;var s=window,c="fetch-",f=c+"body-",u=["arrayBuffer","blob","json","text","formData"],d=s.Request,p=s.Response,l=s.fetch,h="prototype",m="nr@context";d&&p&&l&&(a(u,function(t,e){r(d[h],e,f),r(p[h],e,f)}),r(s,"fetch",c),o.on(c+"end",function(t,e){var n=this;if(e){var r=e.headers.get("content-length");null!==r&&(n.rxSize=r),o.emit(c+"done",[null,e],n)}else o.emit(c+"done",[t],n)}))},{}],9:[function(t,e,n){var r=t("ee").get("history"),o=t("wrap-function")(r);e.exports=r;var i=window.history&&window.history.constructor&&window.history.constructor.prototype,a=window.history;i&&i.pushState&&i.replaceState&&(a=i),o.inPlace(a,["pushState","replaceState"],"-")},{}],10:[function(t,e,n){function r(t){function e(){f.emit("jsonp-end",[],l),t.removeEventListener("load",e,c(!1)),t.removeEventListener("error",n,c(!1))}function n(){f.emit("jsonp-error",[],l),f.emit("jsonp-end",[],l),t.removeEventListener("load",e,c(!1)),t.removeEventListener("error",n,c(!1))}var r=t&&"string"==typeof t.nodeName&&"script"===t.nodeName.toLowerCase();if(r){var o="function"==typeof t.addEventListener;if(o){var a=i(t.src);if(a){var d=s(a),p="function"==typeof d.parent[d.key];if(p){var l={};u.inPlace(d.parent,[d.key],"cb-",l),t.addEventListener("load",e,c(!1)),t.addEventListener("error",n,c(!1)),f.emit("new-jsonp",[t.src],l)}}}}}function o(){return"addEventListener"in window}function i(t){var e=t.match(d);return e?e[1]:null}function a(t,e){var n=t.match(l),r=n[1],o=n[3];return o?a(o,e[r]):e[r]}function s(t){var e=t.match(p);return e&&e.length>=3?{key:e[2],parent:a(e[1],window)}:{key:t,parent:window}}var c=t(23),f=t("ee").get("jsonp"),u=t("wrap-function")(f);if(e.exports=f,o()){var d=/[?&](?:callback|cb)=([^&#]+)/,p=/(.*)\.([^.]+)/,l=/^(\w+)(\.|$)(.*)$/,h=["appendChild","insertBefore","replaceChild"];Node&&Node.prototype&&Node.prototype.appendChild?u.inPlace(Node.prototype,h,"dom-"):(u.inPlace(HTMLElement.prototype,h,"dom-"),u.inPlace(HTMLHeadElement.prototype,h,"dom-"),u.inPlace(HTMLBodyElement.prototype,h,"dom-")),f.on("dom-start",function(t){r(t[0])})}},{}],11:[function(t,e,n){var r=t("ee").get("mutation"),o=t("wrap-function")(r),i=NREUM.o.MO;e.exports=r,i&&(window.MutationObserver=function(t){return this instanceof i?new i(o(t,"fn-")):i.apply(this,arguments)},MutationObserver.prototype=i.prototype)},{}],12:[function(t,e,n){function r(t){var e=i.context(),n=s(t,"executor-",e,null,!1),r=new f(n);return i.context(r).getCtx=function(){return e},r}var o=t("wrap-function"),i=t("ee").get("promise"),a=t("ee").getOrSetContext,s=o(i),c=t(31),f=NREUM.o.PR;e.exports=i,f&&(window.Promise=r,["all","race"].forEach(function(t){var e=f[t];f[t]=function(n){function r(t){return function(){i.emit("propagate",[null,!o],a,!1,!1),o=o||!t}}var o=!1;c(n,function(e,n){Promise.resolve(n).then(r("all"===t),r(!1))});var a=e.apply(f,arguments),s=f.resolve(a);return s}}),["resolve","reject"].forEach(function(t){var e=f[t];f[t]=function(t){var n=e.apply(f,arguments);return t!==n&&i.emit("propagate",[t,!0],n,!1,!1),n}}),f.prototype["catch"]=function(t){return this.then(null,t)},f.prototype=Object.create(f.prototype,{constructor:{value:r}}),c(Object.getOwnPropertyNames(f),function(t,e){try{r[e]=f[e]}catch(n){}}),o.wrapInPlace(f.prototype,"then",function(t){return function(){var e=this,n=o.argsToArray.apply(this,arguments),r=a(e);r.promise=e,n[0]=s(n[0],"cb-",r,null,!1),n[1]=s(n[1],"cb-",r,null,!1);var c=t.apply(this,n);return r.nextPromise=c,i.emit("propagate",[e,!0],c,!1,!1),c}}),i.on("executor-start",function(t){t[0]=s(t[0],"resolve-",this,null,!1),t[1]=s(t[1],"resolve-",this,null,!1)}),i.on("executor-err",function(t,e,n){t[1](n)}),i.on("cb-end",function(t,e,n){i.emit("propagate",[n,!0],this.nextPromise,!1,!1)}),i.on("propagate",function(t,e,n){this.getCtx&&!e||(this.getCtx=function(){if(t instanceof Promise)var e=i.context(t);return e&&e.getCtx?e.getCtx():this})}),r.toString=function(){return""+f})},{}],13:[function(t,e,n){var r=t("ee").get("raf"),o=t("wrap-function")(r),i="equestAnimationFrame";e.exports=r,o.inPlace(window,["r"+i,"mozR"+i,"webkitR"+i,"msR"+i],"raf-"),r.on("raf-start",function(t){t[0]=o(t[0],"fn-")})},{}],14:[function(t,e,n){function r(t,e,n){t[0]=a(t[0],"fn-",null,n)}function o(t,e,n){this.method=n,this.timerDuration=isNaN(t[1])?0:+t[1],t[0]=a(t[0],"fn-",this,n)}var i=t("ee").get("timer"),a=t("wrap-function")(i),s="setTimeout",c="setInterval",f="clearTimeout",u="-start",d="-";e.exports=i,a.inPlace(window,[s,"setImmediate"],s+d),a.inPlace(window,[c],c+d),a.inPlace(window,[f,"clearImmediate"],f+d),i.on(c+u,r),i.on(s+u,o)},{}],15:[function(t,e,n){function r(t,e){d.inPlace(e,["onreadystatechange"],"fn-",s)}function o(){var t=this,e=u.context(t);t.readyState>3&&!e.resolved&&(e.resolved=!0,u.emit("xhr-resolved",[],t)),d.inPlace(t,y,"fn-",s)}function i(t){x.push(t),m&&(E?E.then(a):w?w(a):(R=-R,O.data=R))}function a(){for(var t=0;t<x.length;t++)r([],x[t]);x.length&&(x=[])}function s(t,e){return e}function c(t,e){for(var n in t)e[n]=t[n];return e}t(7);var f=t("ee"),u=f.get("xhr"),d=t("wrap-function")(u),p=t(23),l=NREUM.o,h=l.XHR,m=l.MO,v=l.PR,w=l.SI,g="readystatechange",y=["onload","onerror","onabort","onloadstart","onloadend","onprogress","ontimeout"],x=[];e.exports=u;var b=window.XMLHttpRequest=function(t){var e=new h(t);try{u.emit("new-xhr",[e],e),e.addEventListener(g,o,p(!1))}catch(n){try{u.emit("internal-error",[n])}catch(r){}}return e};if(c(h,b),b.prototype=h.prototype,d.inPlace(b.prototype,["open","send"],"-xhr-",s),u.on("send-xhr-start",function(t,e){r(t,e),i(e)}),u.on("open-xhr-start",r),m){var E=v&&v.resolve();if(!w&&!v){var R=1,O=document.createTextNode(R);new m(a).observe(O,{characterData:!0})}}else f.on("fn-end",function(t){t[0]&&t[0].type===g||a()})},{}],16:[function(t,e,n){function r(t){if(!s(t))return null;var e=window.NREUM;if(!e.loader_config)return null;var n=(e.loader_config.accountID||"").toString()||null,r=(e.loader_config.agentID||"").toString()||null,f=(e.loader_config.trustKey||"").toString()||null;if(!n||!r)return null;var h=l.generateSpanId(),m=l.generateTraceId(),v=Date.now(),w={spanId:h,traceId:m,timestamp:v};return(t.sameOrigin||c(t)&&p())&&(w.traceContextParentHeader=o(h,m),w.traceContextStateHeader=i(h,v,n,r,f)),(t.sameOrigin&&!u()||!t.sameOrigin&&c(t)&&d())&&(w.newrelicHeader=a(h,m,v,n,r,f)),w}function o(t,e){return"00-"+e+"-"+t+"-01"}function i(t,e,n,r,o){var i=0,a="",s=1,c="",f="";return o+"@nr="+i+"-"+s+"-"+n+"-"+r+"-"+t+"-"+a+"-"+c+"-"+f+"-"+e}function a(t,e,n,r,o,i){var a="btoa"in window&&"function"==typeof window.btoa;if(!a)return null;var s={v:[0,1],d:{ty:"Browser",ac:r,ap:o,id:t,tr:e,ti:n}};return i&&r!==i&&(s.d.tk=i),btoa(JSON.stringify(s))}function s(t){return f()&&c(t)}function c(t){var e=!1,n={};if("init"in NREUM&&"distributed_tracing"in NREUM.init&&(n=NREUM.init.distributed_tracing),t.sameOrigin)e=!0;else if(n.allowed_origins instanceof Array)for(var r=0;r<n.allowed_origins.length;r++){var o=h(n.allowed_origins[r]);if(t.hostname===o.hostname&&t.protocol===o.protocol&&t.port===o.port){e=!0;break}}return e}function f(){return"init"in NREUM&&"distributed_tracing"in NREUM.init&&!!NREUM.init.distributed_tracing.enabled}function u(){return"init"in NREUM&&"distributed_tracing"in NREUM.init&&!!NREUM.init.distributed_tracing.exclude_newrelic_header}function d(){return"init"in NREUM&&"distributed_tracing"in NREUM.init&&NREUM.init.distributed_tracing.cors_use_newrelic_header!==!1}function p(){return"init"in NREUM&&"distributed_tracing"in NREUM.init&&!!NREUM.init.distributed_tracing.cors_use_tracecontext_headers}var l=t(28),h=t(18);e.exports={generateTracePayload:r,shouldGenerateTrace:s}},{}],17:[function(t,e,n){function r(t){var e=this.params,n=this.metrics;if(!this.ended){this.ended=!0;for(var r=0;r<p;r++)t.removeEventListener(d[r],this.listener,!1);return e.protocol&&"data"===e.protocol?void g("Ajax/DataUrl/Excluded"):void(e.aborted||(n.duration=a.now()-this.startTime,this.loadCaptureCalled||4!==t.readyState?null==e.status&&(e.status=0):i(this,t),n.cbTime=this.cbTime,s("xhr",[e,n,this.startTime,this.endTime,"xhr"],this)))}}function o(t,e){var n=c(e),r=t.params;r.hostname=n.hostname,r.port=n.port,r.protocol=n.protocol,r.host=n.hostname+":"+n.port,r.pathname=n.pathname,t.parsedOrigin=n,t.sameOrigin=n.sameOrigin}function i(t,e){t.params.status=e.status;var n=v(e,t.lastSize);if(n&&(t.metrics.rxSize=n),t.sameOrigin){var r=e.getResponseHeader("X-NewRelic-App-Data");r&&(t.params.cat=r.split(", ").pop())}t.loadCaptureCalled=!0}var a=t("loader");if(a.xhrWrappable&&!a.disabled){var s=t("handle"),c=t(18),f=t(16).generateTracePayload,u=t("ee"),d=["load","error","abort","timeout"],p=d.length,l=t("id"),h=t(24),m=t(22),v=t(19),w=t(23),g=t(25).recordSupportability,y=NREUM.o.REQ,x=window.XMLHttpRequest;a.features.xhr=!0,t(15),t(8),u.on("new-xhr",function(t){var e=this;e.totalCbs=0,e.called=0,e.cbTime=0,e.end=r,e.ended=!1,e.xhrGuids={},e.lastSize=null,e.loadCaptureCalled=!1,e.params=this.params||{},e.metrics=this.metrics||{},t.addEventListener("load",function(n){i(e,t)},w(!1)),h&&(h>34||h<10)||t.addEventListener("progress",function(t){e.lastSize=t.loaded},w(!1))}),u.on("open-xhr-start",function(t){this.params={method:t[0]},o(this,t[1]),this.metrics={}}),u.on("open-xhr-end",function(t,e){"loader_config"in NREUM&&"xpid"in NREUM.loader_config&&this.sameOrigin&&e.setRequestHeader("X-NewRelic-ID",NREUM.loader_config.xpid);var n=f(this.parsedOrigin);if(n){var r=!1;n.newrelicHeader&&(e.setRequestHeader("newrelic",n.newrelicHeader),r=!0),n.traceContextParentHeader&&(e.setRequestHeader("traceparent",n.traceContextParentHeader),n.traceContextStateHeader&&e.setRequestHeader("tracestate",n.traceContextStateHeader),r=!0),r&&(this.dt=n)}}),u.on("send-xhr-start",function(t,e){var n=this.metrics,r=t[0],o=this;if(n&&r){var i=m(r);i&&(n.txSize=i)}this.startTime=a.now(),this.listener=function(t){try{"abort"!==t.type||o.loadCaptureCalled||(o.params.aborted=!0),("load"!==t.type||o.called===o.totalCbs&&(o.onloadCalled||"function"!=typeof e.onload))&&o.end(e)}catch(n){try{u.emit("internal-error",[n])}catch(r){}}};for(var s=0;s<p;s++)e.addEventListener(d[s],this.listener,w(!1))}),u.on("xhr-cb-time",function(t,e,n){this.cbTime+=t,e?this.onloadCalled=!0:this.called+=1,this.called!==this.totalCbs||!this.onloadCalled&&"function"==typeof n.onload||this.end(n)}),u.on("xhr-load-added",function(t,e){var n=""+l(t)+!!e;this.xhrGuids&&!this.xhrGuids[n]&&(this.xhrGuids[n]=!0,this.totalCbs+=1)}),u.on("xhr-load-removed",function(t,e){var n=""+l(t)+!!e;this.xhrGuids&&this.xhrGuids[n]&&(delete this.xhrGuids[n],this.totalCbs-=1)}),u.on("xhr-resolved",function(){this.endTime=a.now()}),u.on("addEventListener-end",function(t,e){e instanceof x&&"load"===t[0]&&u.emit("xhr-load-added",[t[1],t[2]],e)}),u.on("removeEventListener-end",function(t,e){e instanceof x&&"load"===t[0]&&u.emit("xhr-load-removed",[t[1],t[2]],e)}),u.on("fn-start",function(t,e,n){e instanceof x&&("onload"===n&&(this.onload=!0),("load"===(t[0]&&t[0].type)||this.onload)&&(this.xhrCbStart=a.now()))}),u.on("fn-end",function(t,e){this.xhrCbStart&&u.emit("xhr-cb-time",[a.now()-this.xhrCbStart,this.onload,e],e)}),u.on("fetch-before-start",function(t){function e(t,e){var n=!1;return e.newrelicHeader&&(t.set("newrelic",e.newrelicHeader),n=!0),e.traceContextParentHeader&&(t.set("traceparent",e.traceContextParentHeader),e.traceContextStateHeader&&t.set("tracestate",e.traceContextStateHeader),n=!0),n}var n,r=t[1]||{};"string"==typeof t[0]?n=t[0]:t[0]&&t[0].url?n=t[0].url:window.URL&&t[0]&&t[0]instanceof URL&&(n=t[0].href),n&&(this.parsedOrigin=c(n),this.sameOrigin=this.parsedOrigin.sameOrigin);var o=f(this.parsedOrigin);if(o&&(o.newrelicHeader||o.traceContextParentHeader))if("string"==typeof t[0]||window.URL&&t[0]&&t[0]instanceof URL){var i={};for(var a in r)i[a]=r[a];i.headers=new Headers(r.headers||{}),e(i.headers,o)&&(this.dt=o),t.length>1?t[1]=i:t.push(i)}else t[0]&&t[0].headers&&e(t[0].headers,o)&&(this.dt=o)}),u.on("fetch-start",function(t,e){this.params={},this.metrics={},this.startTime=a.now(),this.dt=e,t.length>=1&&(this.target=t[0]),t.length>=2&&(this.opts=t[1]);var n,r=this.opts||{},i=this.target;if("string"==typeof i?n=i:"object"==typeof i&&i instanceof y?n=i.url:window.URL&&"object"==typeof i&&i instanceof URL&&(n=i.href),o(this,n),"data"!==this.params.protocol){var s=(""+(i&&i instanceof y&&i.method||r.method||"GET")).toUpperCase();this.params.method=s,this.txSize=m(r.body)||0}}),u.on("fetch-done",function(t,e){if(this.endTime=a.now(),this.params||(this.params={}),"data"===this.params.protocol)return void g("Ajax/DataUrl/Excluded");this.params.status=e?e.status:0;var n;"string"==typeof this.rxSize&&this.rxSize.length>0&&(n=+this.rxSize);var r={txSize:this.txSize,rxSize:n,duration:a.now()-this.startTime};s("xhr",[this.params,r,this.startTime,this.endTime,"fetch"],this)})}},{}],18:[function(t,e,n){var r={};e.exports=function(t){if(t in r)return r[t];if(0===(t||"").indexOf("data:"))return{protocol:"data"};var e=document.createElement("a"),n=window.location,o={};e.href=t,o.port=e.port;var i=e.href.split("://");!o.port&&i[1]&&(o.port=i[1].split("/")[0].split("@").pop().split(":")[1]),o.port&&"0"!==o.port||(o.port="https"===i[0]?"443":"80"),o.hostname=e.hostname||n.hostname,o.pathname=e.pathname,o.protocol=i[0],"/"!==o.pathname.charAt(0)&&(o.pathname="/"+o.pathname);var a=!e.protocol||":"===e.protocol||e.protocol===n.protocol,s=e.hostname===document.domain&&e.port===n.port;return o.sameOrigin=a&&(!e.hostname||s),"/"===o.pathname&&(r[t]=o),o}},{}],19:[function(t,e,n){function r(t,e){var n=t.responseType;return"json"===n&&null!==e?e:"arraybuffer"===n||"blob"===n||"json"===n?o(t.response):"text"===n||""===n||void 0===n?o(t.responseText):void 0}var o=t(22);e.exports=r},{}],20:[function(t,e,n){function r(){}function o(t,e,n,r){return function(){return u.recordSupportability("API/"+e+"/called"),i(t+e,[f.now()].concat(s(arguments)),n?null:this,r),n?void 0:this}}var i=t("handle"),a=t(31),s=t(32),c=t("ee").get("tracer"),f=t("loader"),u=t(25),d=NREUM;"undefined"==typeof window.newrelic&&(window.newrelic=d);var p=["setPageViewName","setCustomAttribute","setErrorHandler","finished","addToTrace","inlineHit","addRelease"],l="api-",h=l+"ixn-";a(p,function(t,e){d[e]=o(l,e,!0,"api")}),d.addPageAction=o(l,"addPageAction",!0),d.setCurrentRouteName=o(l,"routeName",!0),e.exports=newrelic,d.interaction=function(){return(new r).get()};var m=r.prototype={createTracer:function(t,e){var n={},r=this,o="function"==typeof e;return i(h+"tracer",[f.now(),t,n],r),function(){if(c.emit((o?"":"no-")+"fn-start",[f.now(),r,o],n),o)try{return e.apply(this,arguments)}catch(t){throw c.emit("fn-err",[arguments,this,t],n),t}finally{c.emit("fn-end",[f.now()],n)}}}};a("actionText,setName,setAttribute,save,ignore,onEnd,getContext,end,get".split(","),function(t,e){m[e]=o(h,e)}),newrelic.noticeError=function(t,e){"string"==typeof t&&(t=new Error(t)),u.recordSupportability("API/noticeError/called"),i("err",[t,f.now(),!1,e])}},{}],21:[function(t,e,n){function r(t){if(NREUM.init){for(var e=NREUM.init,n=t.split("."),r=0;r<n.length-1;r++)if(e=e[n[r]],"object"!=typeof e)return;return e=e[n[n.length-1]]}}e.exports={getConfiguration:r}},{}],22:[function(t,e,n){e.exports=function(t){if("string"==typeof t&&t.length)return t.length;if("object"==typeof t){if("undefined"!=typeof ArrayBuffer&&t instanceof ArrayBuffer&&t.byteLength)return t.byteLength;if("undefined"!=typeof Blob&&t instanceof Blob&&t.size)return t.size;if(!("undefined"!=typeof FormData&&t instanceof FormData))try{return JSON.stringify(t).length}catch(e){return}}}},{}],23:[function(t,e,n){var r=!1;try{var o=Object.defineProperty({},"passive",{get:function(){r=!0}});window.addEventListener("testPassive",null,o),window.removeEventListener("testPassive",null,o)}catch(i){}e.exports=function(t){return r?{passive:!0,capture:!!t}:!!t}},{}],24:[function(t,e,n){var r=0,o=navigator.userAgent.match(/Firefox[\/\s](\d+\.\d+)/);o&&(r=+o[1]),e.exports=r},{}],25:[function(t,e,n){function r(t,e){var n=[a,t,{name:t},e];return i("storeMetric",n,null,"api"),n}function o(t,e){var n=[s,t,{name:t},e];return i("storeEventMetrics",n,null,"api"),n}var i=t("handle"),a="sm",s="cm";e.exports={constants:{SUPPORTABILITY_METRIC:a,CUSTOM_METRIC:s},recordSupportability:r,recordCustom:o}},{}],26:[function(t,e,n){function r(){return s.exists&&performance.now?Math.round(performance.now()):(i=Math.max((new Date).getTime(),i))-a}function o(){return i}var i=(new Date).getTime(),a=i,s=t(33);e.exports=r,e.exports.offset=a,e.exports.getLastTimestamp=o},{}],27:[function(t,e,n){function r(t,e){var n=t.getEntries();n.forEach(function(t){"first-paint"===t.name?l("timing",["fp",Math.floor(t.startTime)]):"first-contentful-paint"===t.name&&l("timing",["fcp",Math.floor(t.startTime)])})}function o(t,e){var n=t.getEntries();if(n.length>0){var r=n[n.length-1];if(f&&f<r.startTime)return;var o=[r],i=a({});i&&o.push(i),l("lcp",o)}}function i(t){t.getEntries().forEach(function(t){t.hadRecentInput||l("cls",[t])})}function a(t){var e=navigator.connection||navigator.mozConnection||navigator.webkitConnection;if(e)return e.type&&(t["net-type"]=e.type),e.effectiveType&&(t["net-etype"]=e.effectiveType),e.rtt&&(t["net-rtt"]=e.rtt),e.downlink&&(t["net-dlink"]=e.downlink),t}function s(t){if(t instanceof w&&!y){var e=Math.round(t.timeStamp),n={type:t.type};a(n),e<=h.now()?n.fid=h.now()-e:e>h.offset&&e<=Date.now()?(e-=h.offset,n.fid=h.now()-e):e=h.now(),y=!0,l("timing",["fi",e,n])}}function c(t){"hidden"===t&&(f=h.now(),l("pageHide",[f]))}if(!("init"in NREUM&&"page_view_timing"in NREUM.init&&"enabled"in NREUM.init.page_view_timing&&NREUM.init.page_view_timing.enabled===!1)){var f,u,d,p,l=t("handle"),h=t("loader"),m=t(30),v=t(23),w=NREUM.o.EV;if("PerformanceObserver"in window&&"function"==typeof window.PerformanceObserver){u=new PerformanceObserver(r);try{u.observe({entryTypes:["paint"]})}catch(g){}d=new PerformanceObserver(o);try{d.observe({entryTypes:["largest-contentful-paint"]})}catch(g){}p=new PerformanceObserver(i);try{p.observe({type:"layout-shift",buffered:!0})}catch(g){}}if("addEventListener"in document){var y=!1,x=["click","keydown","mousedown","pointerdown","touchstart"];x.forEach(function(t){document.addEventListener(t,s,v(!1))})}m(c)}},{}],28:[function(t,e,n){function r(){function t(){return e?15&e[n++]:16*Math.random()|0}var e=null,n=0,r=window.crypto||window.msCrypto;r&&r.getRandomValues&&(e=r.getRandomValues(new Uint8Array(31)));for(var o,i="xxxxxxxx-xxxx-4xxx-yxxx-xxxxxxxxxxxx",a="",s=0;s<i.length;s++)o=i[s],"x"===o?a+=t().toString(16):"y"===o?(o=3&t()|8,a+=o.toString(16)):a+=o;return a}function o(){return a(16)}function i(){return a(32)}function a(t){function e(){return n?15&n[r++]:16*Math.random()|0}var n=null,r=0,o=window.crypto||window.msCrypto;o&&o.getRandomValues&&Uint8Array&&(n=o.getRandomValues(new Uint8Array(t)));for(var i=[],a=0;a<t;a++)i.push(e().toString(16));return i.join("")}e.exports={generateUuid:r,generateSpanId:o,generateTraceId:i}},{}],29:[function(t,e,n){function r(t,e){if(!o)return!1;if(t!==o)return!1;if(!e)return!0;if(!i)return!1;for(var n=i.split("."),r=e.split("."),a=0;a<r.length;a++)if(r[a]!==n[a])return!1;return!0}var o=null,i=null,a=/Version\/(\S+)\s+Safari/;if(navigator.userAgent){var s=navigator.userAgent,c=s.match(a);c&&s.indexOf("Chrome")===-1&&s.indexOf("Chromium")===-1&&(o="Safari",i=c[1])}e.exports={agent:o,version:i,match:r}},{}],30:[function(t,e,n){function r(t){function e(){t(s&&document[s]?document[s]:document[i]?"hidden":"visible")}"addEventListener"in document&&a&&document.addEventListener(a,e,o(!1))}var o=t(23);e.exports=r;var i,a,s;"undefined"!=typeof document.hidden?(i="hidden",a="visibilitychange",s="visibilityState"):"undefined"!=typeof document.msHidden?(i="msHidden",a="msvisibilitychange"):"undefined"!=typeof document.webkitHidden&&(i="webkitHidden",a="webkitvisibilitychange",s="webkitVisibilityState")},{}],31:[function(t,e,n){function r(t,e){var n=[],r="",i=0;for(r in t)o.call(t,r)&&(n[i]=e(r,t[r]),i+=1);return n}var o=Object.prototype.hasOwnProperty;e.exports=r},{}],32:[function(t,e,n){function r(t,e,n){e||(e=0),"undefined"==typeof n&&(n=t?t.length:0);for(var r=-1,o=n-e||0,i=Array(o<0?0:o);++r<o;)i[r]=t[e+r];return i}e.exports=r},{}],33:[function(t,e,n){e.exports={exists:"undefined"!=typeof window.performance&&window.performance.timing&&"undefined"!=typeof window.performance.timing.navigationStart}},{}],ee:[function(t,e,n){function r(){}function o(t){function e(t){return t&&t instanceof r?t:t?f(t,c,a):a()}function n(n,r,o,i,a){if(a!==!1&&(a=!0),!l.aborted||i){t&&a&&t(n,r,o);for(var s=e(o),c=m(n),f=c.length,u=0;u<f;u++)c[u].apply(s,r);var p=d[y[n]];return p&&p.push([x,n,r,s]),s}}function i(t,e){g[t]=m(t).concat(e)}function h(t,e){var n=g[t];if(n)for(var r=0;r<n.length;r++)n[r]===e&&n.splice(r,1)}function m(t){return g[t]||[]}function v(t){return p[t]=p[t]||o(n)}function w(t,e){l.aborted||u(t,function(t,n){e=e||"feature",y[n]=e,e in d||(d[e]=[])})}var g={},y={},x={on:i,addEventListener:i,removeEventListener:h,emit:n,get:v,listeners:m,context:e,buffer:w,abort:s,aborted:!1};return x}function i(t){return f(t,c,a)}function a(){return new r}function s(){(d.api||d.feature)&&(l.aborted=!0,d=l.backlog={})}var c="nr@context",f=t("gos"),u=t(31),d={},p={},l=e.exports=o();e.exports.getOrSetContext=i,l.backlog=d},{}],gos:[function(t,e,n){function r(t,e,n){if(o.call(t,e))return t[e];var r=n();if(Object.defineProperty&&Object.keys)try{return Object.defineProperty(t,e,{value:r,writable:!0,enumerable:!1}),r}catch(i){}return t[e]=r,r}var o=Object.prototype.hasOwnProperty;e.exports=r},{}],handle:[function(t,e,n){function r(t,e,n,r){o.buffer([t],r),o.emit(t,e,n)}var o=t("ee").get("handle");e.exports=r,r.ee=o},{}],id:[function(t,e,n){function r(t){var e=typeof t;return!t||"object"!==e&&"function"!==e?-1:t===window?0:a(t,i,function(){return o++})}var o=1,i="nr@id",a=t("gos");e.exports=r},{}],loader:[function(t,e,n){function r(){if(!T++){var t=O.info=NREUM.info,e=m.getElementsByTagName("script")[0];if(setTimeout(f.abort,3e4),!(t&&t.licenseKey&&t.applicationID&&e))return f.abort();c(E,function(e,n){t[e]||(t[e]=n)});var n=a();s("mark",["onload",n+O.offset],null,"api"),s("timing",["load",n]);var r=m.createElement("script");0===t.agent.indexOf("http://")||0===t.agent.indexOf("https://")?r.src=t.agent:r.src=l+"://"+t.agent,e.parentNode.insertBefore(r,e)}}function o(){"complete"===m.readyState&&i()}function i(){s("mark",["domContent",a()+O.offset],null,"api")}var a=t(26),s=t("handle"),c=t(31),f=t("ee"),u=t(29),d=t(21),p=t(23),l=d.getConfiguration("ssl")===!1?"http":"https",h=window,m=h.document,v="addEventListener",w="attachEvent",g=h.XMLHttpRequest,y=g&&g.prototype,x=!1;NREUM.o={ST:setTimeout,SI:h.setImmediate,CT:clearTimeout,XHR:g,REQ:h.Request,EV:h.Event,PR:h.Promise,MO:h.MutationObserver};var b=""+location,E={beacon:"bam.nr-data.net",errorBeacon:"bam.nr-data.net",agent:"js-agent.newrelic.com/nr-spa-1216.min.js"},R=g&&y&&y[v]&&!/CriOS/.test(navigator.userAgent),O=e.exports={offset:a.getLastTimestamp(),now:a,origin:b,features:{},xhrWrappable:R,userAgent:u,disabled:x};if(!x){t(20),t(27),m[v]?(m[v]("DOMContentLoaded",i,p(!1)),h[v]("load",r,p(!1))):(m[w]("onreadystatechange",o),h[w]("onload",r)),s("mark",["firstbyte",a.getLastTimestamp()],null,"api");var T=0}},{}],"wrap-function":[function(t,e,n){function r(t,e){function n(e,n,r,c,f){function nrWrapper(){var i,a,u,p;try{a=this,i=d(arguments),u="function"==typeof r?r(i,a):r||{}}catch(l){o([l,"",[i,a,c],u],t)}s(n+"start",[i,a,c],u,f);try{return p=e.apply(a,i)}catch(h){throw s(n+"err",[i,a,h],u,f),h}finally{s(n+"end",[i,a,p],u,f)}}return a(e)?e:(n||(n=""),nrWrapper[p]=e,i(e,nrWrapper,t),nrWrapper)}function r(t,e,r,o,i){r||(r="");var s,c,f,u="-"===r.charAt(0);for(f=0;f<e.length;f++)c=e[f],s=t[c],a(s)||(t[c]=n(s,u?c+r:r,o,c,i))}function s(n,r,i,a){if(!h||e){var s=h;h=!0;try{t.emit(n,r,i,e,a)}catch(c){o([c,n,r,i],t)}h=s}}return t||(t=u),n.inPlace=r,n.flag=p,n}function o(t,e){e||(e=u);try{e.emit("internal-error",t)}catch(n){}}function i(t,e,n){if(Object.defineProperty&&Object.keys)try{var r=Object.keys(t);return r.forEach(function(n){Object.defineProperty(e,n,{get:function(){return t[n]},set:function(e){return t[n]=e,e}})}),e}catch(i){o([i],n)}for(var a in t)l.call(t,a)&&(e[a]=t[a]);return e}function a(t){return!(t&&t instanceof Function&&t.apply&&!t[p])}function s(t,e){var n=e(t);return n[p]=t,i(t,n,u),n}function c(t,e,n){var r=t[e];t[e]=s(r,n)}function f(){for(var t=arguments.length,e=new Array(t),n=0;n<t;++n)e[n]=arguments[n];return e}var u=t("ee"),d=t(32),p="nr@original",l=Object.prototype.hasOwnProperty,h=!1;e.exports=r,e.exports.wrapFunction=s,e.exports.wrapInPlace=c,e.exports.argsToArray=f},{}]},{},["loader",2,17,5,3,4]);</script>
      <meta name="viewport" content="width=device-width, initial-scale=1.0">
    <meta name="HandheldFriendly" content="True">
      <link rel="canonical" href="https://www.tesco.com/groceries/en-GB/shop/health-and-beauty">
    <title>Health &amp; Beauty Products - Tesco Groceries</title>
      <meta name="description" content="Buy Health &amp; Beauty Products at Tesco. Shop in store or online &amp; earn Clubcard Points. Delivery 7 days a week. Shop the Health &amp; Beauty range here.">
      <meta name="robots" content="index">
    <link rel="apple-touch-icon" href="https://www.tesco.com/groceries/web-assets/touch-icons/tesco/apple-touch-icon-a0b98856c2.png">
    <link rel="apple-touch-icon" sizes="76x76" href="https://www.tesco.com/groceries/web-assets/touch-icons/tesco/apple-touch-icon-76x76-6a0a051e9b.png">
    <link rel="apple-touch-icon" sizes="120x120" href="https://www.tesco.com/groceries/web-assets/touch-icons/tesco/apple-touch-icon-120x120-067b01d70a.png">
    <link rel="apple-touch-icon" sizes="152x152" href="https://www.tesco.com/groceries/web-assets/touch-icons/tesco/apple-touch-icon-152x152-ec8cd92916.png">
    <link rel="apple-touch-icon" sizes="180x180" href="https://www.tesco.com/groceries/web-assets/touch-icons/tesco/apple-touch-icon-180x180-102f6d85ce.png">
    <link rel="apple-touch-icon" sizes="192x192" href="https://www.tesco.com/groceries/web-assets/touch-icons/tesco/apple-touch-icon-192x192-e354b2aa0f.png">
    <link id="favicon" rel="shortcut icon" type="image/png" href="https://www.tesco.com/groceries/web-assets/touch-icons/tesco/favicon-9636e8991a.png">
    <!--[if gt IE 9]><!-->
      <link href="./tesco_html_brand_healthbeauty_files/UK-c73a126b71.css" rel="stylesheet" type="text/css" media="all">
    <!--<![endif]-->
      <link rel="preconnect" href="https://img.tesco.com/">
      <link rel="preconnect" href="https://digitalcontent.api.tesco.com/">
      <script type="application/ld+json">[{"@context":"http://schema.org","@type":"Corporation","url":"https://www.tesco.com/groceries","contactPoint":[{"@type":"ContactPoint","telephone":"+44-0800 323 4040","areaServed":"UK","contactType":"customer service","availableLanguage":"English","contactOption":"TollFree"}]},{"@context":"http://schema.org","@type":"WebSite","url":"https://www.tesco.com/groceries","name":"Tesco Groceries"},{"@context":"http://schema.org/","@type":"ItemList","itemListElement":[{"@type":"ListItem","position":1,"url":"https://www.tesco.com/groceries/en-GB/products/301979435"},{"@type":"ListItem","position":2,"url":"https://www.tesco.com/groceries/en-GB/products/265019331"},{"@type":"ListItem","position":3,"url":"https://www.tesco.com/groceries/en-GB/products/311427331"},{"@type":"ListItem","position":4,"url":"https://www.tesco.com/groceries/en-GB/products/272373959"},{"@type":"ListItem","position":5,"url":"https://www.tesco.com/groceries/en-GB/products/291333322"},{"@type":"ListItem","position":6,"url":"https://www.tesco.com/groceries/en-GB/products/264422839"},{"@type":"ListItem","position":7,"url":"https://www.tesco.com/groceries/en-GB/products/259123688"},{"@type":"ListItem","position":8,"url":"https://www.tesco.com/groceries/en-GB/products/297446899"},{"@type":"ListItem","position":9,"url":"https://www.tesco.com/groceries/en-GB/products/310845085"},{"@type":"ListItem","position":10,"url":"https://www.tesco.com/groceries/en-GB/products/297520022"},{"@type":"ListItem","position":11,"url":"https://www.tesco.com/groceries/en-GB/products/304377866"},{"@type":"ListItem","position":12,"url":"https://www.tesco.com/groceries/en-GB/products/255488642"},{"@type":"ListItem","position":13,"url":"https://www.tesco.com/groceries/en-GB/products/305736947"},{"@type":"ListItem","position":14,"url":"https://www.tesco.com/groceries/en-GB/products/305734195"},{"@type":"ListItem","position":15,"url":"https://www.tesco.com/groceries/en-GB/products/263591697"},{"@type":"ListItem","position":16,"url":"https://www.tesco.com/groceries/en-GB/products/288836716"},{"@type":"ListItem","position":17,"url":"https://www.tesco.com/groceries/en-GB/products/268153546"},{"@type":"ListItem","position":18,"url":"https://www.tesco.com/groceries/en-GB/products/261609096"},{"@type":"ListItem","position":19,"url":"https://www.tesco.com/groceries/en-GB/products/305732767"},{"@type":"ListItem","position":20,"url":"https://www.tesco.com/groceries/en-GB/products/253576247"},{"@type":"ListItem","position":21,"url":"https://www.tesco.com/groceries/en-GB/products/305730061"},{"@type":"ListItem","position":22,"url":"https://www.tesco.com/groceries/en-GB/products/258116232"},{"@type":"ListItem","position":23,"url":"https://www.tesco.com/groceries/en-GB/products/291196110"},{"@type":"ListItem","position":24,"url":"https://www.tesco.com/groceries/en-GB/products/305728871"},{"@type":"ListItem","position":25,"url":"https://www.tesco.com/groceries/en-GB/products/255304636"},{"@type":"ListItem","position":26,"url":"https://www.tesco.com/groceries/en-GB/products/300953749"},{"@type":"ListItem","position":27,"url":"https://www.tesco.com/groceries/en-GB/products/300953784"},{"@type":"ListItem","position":28,"url":"https://www.tesco.com/groceries/en-GB/products/254310138"},{"@type":"ListItem","position":29,"url":"https://www.tesco.com/groceries/en-GB/products/278340954"},{"@type":"ListItem","position":30,"url":"https://www.tesco.com/groceries/en-GB/products/262157880"},{"@type":"ListItem","position":31,"url":"https://www.tesco.com/groceries/en-GB/products/255488740"},{"@type":"ListItem","position":32,"url":"https://www.tesco.com/groceries/en-GB/products/263589770"},{"@type":"ListItem","position":33,"url":"https://www.tesco.com/groceries/en-GB/products/263745643"},{"@type":"ListItem","position":34,"url":"https://www.tesco.com/groceries/en-GB/products/261538402"},{"@type":"ListItem","position":35,"url":"https://www.tesco.com/groceries/en-GB/products/295569175"},{"@type":"ListItem","position":36,"url":"https://www.tesco.com/groceries/en-GB/products/278340995"},{"@type":"ListItem","position":37,"url":"https://www.tesco.com/groceries/en-GB/products/254434587"},{"@type":"ListItem","position":38,"url":"https://www.tesco.com/groceries/en-GB/products/279926762"},{"@type":"ListItem","position":39,"url":"https://www.tesco.com/groceries/en-GB/products/255355189"},{"@type":"ListItem","position":40,"url":"https://www.tesco.com/groceries/en-GB/products/300953421"},{"@type":"ListItem","position":41,"url":"https://www.tesco.com/groceries/en-GB/products/290068990"},{"@type":"ListItem","position":42,"url":"https://www.tesco.com/groceries/en-GB/products/300953381"},{"@type":"ListItem","position":43,"url":"https://www.tesco.com/groceries/en-GB/products/267570900"},{"@type":"ListItem","position":44,"url":"https://www.tesco.com/groceries/en-GB/products/293091460"},{"@type":"ListItem","position":45,"url":"https://www.tesco.com/groceries/en-GB/products/253953728"},{"@type":"ListItem","position":46,"url":"https://www.tesco.com/groceries/en-GB/products/268681905"},{"@type":"ListItem","position":47,"url":"https://www.tesco.com/groceries/en-GB/products/257107498"},{"@type":"ListItem","position":48,"url":"https://www.tesco.com/groceries/en-GB/products/300953529"}]},{"@context":"http://schema.org/","@type":"BreadcrumbList","itemListElement":[{"@type":"ListItem","position":1,"item":{"@id":"/groceries/en-GB/","name":"Home"}}]}]</script>
    <script id="config" type="application/json">{"registration":{"enableProgressBar":true,"enableSigninButton":false,"enableUtilityHeader":true,"step1Redirect":"\u002Fregister\u002Fsetup","step1Title":"auth:registration-step1","submitButtomTextStep1":"auth:next","accountLockedLink":"\u002F","accountLockedLinkTextKey":"auth:account-locked.back-to-homepage"},"auth":{"enableMobileLogin":false,"registerButton":"common:register"},"sessionCookiesToClear":["OAuth.AccessToken","OAuth.RefreshToken","OAuth.TokensExpiryTime","ighs-refresh"],"productDetails":{"enableHeaderWrapperAndMiniTrolley":true,"enableTaxonomy":true,"enableBreadcrumbs":true,"enableFooter":true,"useDigitalContentProductImages":false},"homePageLink":{"en-GB":"\u002Fgroceries\u002Fen-GB","cs-CZ":"\u002Fgroceries\u002Fcs-CZ","sk-SK":"\u002Fgroceries\u002Fsk-SK","hu-HU":"\u002Fgroceries\u002Fhu-HU"},"jsWhitelist":[],"list-items-per-page":24,"max-list-items-per-page":48,"browserMap":{"akamai":{"Chrome Lite":"chrome","IEMobile":"ie","Microsoft\u002FIE Mobile WP7":"ie","Microsoft\u002FIE Mobile WinMo":"ie","Microsoft\u002FPocket IE":"ie","Safari":"safari","Chrome":"chrome","Chrome Mobile":"chrome","Chrome Mobile iOS":"chrome","Mobile Safari":"safari","Mobile Safari UIWebView":"safari","IE":"ie","IE Mobile":"ie","Edge":"ie","Edge Mobile":"ie","Firefox":"firefox","Firefox Mobile":"firefox","Firefox iOS":"firefox"},"npm":{"Chrome":"chrome","Chrome Mobile":"chrome","Chrome Mobile iOS":"chrome","Safari":"safari","Mobile Safari":"safari","Mobile Safari UIWebView":"safari","IE":"ie","IE Mobile":"ie","Edge":"ie","Edge Mobile":"ie","Firefox":"firefox","Firefox Mobile":"firefox","Firefox iOS":"firefox"}},"displayShowMoreLess":false,"displayDeliveryTabDescription":false,"displayAsGuidePrice":true,"maps":{"provider":"Bing","key":"AsmhrPuia8p5xdMee4PT0Xzp4DNvHF3gyyBUCdfMfIopjHfCHCfLKLRtpBmdFPPS","clientId":"AsmhrPuia8p5xdMee4PT0Xzp4DNvHF3gyyBUCdfMfIopjHfCHCfLKLRtpBmdFPPS","interactiveAPI":"https:\u002F\u002Fwww.bing.com\u002Fmaps\u002Fsdk\u002Fmapcontrol","staticAPI":"https:\u002F\u002Fdev.virtualearth.net\u002FREST\u002Fv1\u002FImagery\u002FMap\u002FRoad\u002F","cspDirective":{"provider":["https:\u002F\u002F*.bing.com"],"map":["https:\u002F\u002F*.virtualearth.net"]}},"deliveryInstructionsMaxCharacters":200,"allowAllCharsInInstructions":true,"categoryDelimiter":",","facetsAllowingMultipleSelections":["shelf","brand"],"customAgeRestriction":18,"pickerNotesInputLimit":55,"hideCookiePolicyHeader":false,"defaultBulkBuyLimit":24,"defaultProductQuantity":1,"inputMaxLength":2,"inputMaxValue":99,"minBasketValue":40,"minBasketValuePromo":25,"minBasketSurcharge":4,"inputProductQuantityFormat":"^[0-9]{1,2}$","default-sort-option":"relevance","showBillingAddress":false,"billingAddressFormat":["addressLine1","addressLine2","addressLine3","addressLine4","addressLine5"],"appBanner":{"bannerEnabled":true},"trolleyOrderSummary":{"fullSummaryInAmend":true,"showSavings":false},"showSideBasketSavings":false,"paymentGatewayUrl":"https:\u002F\u002Fcustomerpayment.tesco.com\u002F","changeAddressUrl":"\u002Fslots\u002Fchange-address?_method=POST","updateSlotUrl":"\u002Fslots\u002Fcurrent?_method=PUT","futureExpiryYears":12,"payment":{"processor":"ighs","bank3dsCallbackUrl":"\u002Fcheckout\u002F3ds\u002Fprocess","showShortExpiryYear":false,"saveCard":{"enabled":false},"padExpiryMonth":false,"cookieRefresh":{"enabled":false},"includeXIDin3DS":true,"additional3dsParams":["msgId","xid"]},"paymentFieldNames":{"cardholderName":"CreditCard.CardholderName","cardNumber":"CreditCard.CardNumber","cardSecurityCode":"CreditCard.CardSecurityCode","expiryMonth":"CreditCard.ExpMonth","expiryYear":"CreditCard.ExpYear"},"baseCardFormat":"(\\d{16})","productListing":{"maxPageNumber":9999},"isCardPaymentFirst":true,"search":{"enableCancelButton":false},"PSD2Enabled":true,"checkout":{"showSignoutAndContinueActions":true,"showGuidePriceInfo":false,"confirmation":{"showSimpleFooter":false},"steps":[{"page":"review-trolley","path":"\u002Ftrolley","title":"checkout:common.review-your-trolley"},{"page":"order-summary","path":"\u002Fcheckout\u002Forder-summary","title":"checkout:order-summary.title"},{"page":"payment-options","path":"\u002Fcheckout\u002Fpayment-options","title":"checkout:common.payment-options"},{"page":"order-confirmation","path":"\u002Fcheckout\u002Fconfirmation","title":"checkout:common.order-confirmation"}],"show-terms-and-conditions":false,"enableInAmendMode":true,"disallowInAmendMode":true,"enableCreditCardHelp":true,"enableChangeOfCardInAmendMode":false,"enableAmendOrder":true,"enableAmendOffers":true,"enableAmendDelivery":true,"enableContinueShopping":true,"enableViewConfirmedOrder":true,"enableCancelChanges":true,"enableAddAddressModal":true,"enableSubmittingSpinner":true,"showBaglessBanner":false,"showBagOptions":true,"showBagMessage":true,"showBaglessMessage":false,"optionWithoutBagsFirst":true,"showBaglessPostLiveMessaging":false,"showPackagingDetails":false,"invalidTrolleyErrors":{"slotExpiredInAmend":{"external":false,"url":"\u002Fslots"},"invalidSlot":{"external":false,"url":"\u002Fslots"},"noItemsInBasket":{"external":false,"url":"\u002F"},"allItemsUnavailable":{"external":false,"url":"\u002Ftrolley"}},"papersOnCollectionParagraphs":["checkout:order-confirmation.papers-on-collection-text1","checkout:order-confirmation.papers-on-collection-text2","checkout:order-confirmation.papers-on-collection-text3"]},"ratingsAndReviews":{"pageInfo":{"defaultPageSize":10}},"addressModalTabIconBrowserTypes":{"chrome":"chrome","safari":"safari","ie":"ie"},"supportedCards":[{"type":"maestro","pattern":"^(5018|5020|5038|6304|6759|676[1-3])","format":"(\\d{16})","length":16,"cvcLength":[3],"luhn":true,"icon":"icon-card-maestro"},{"type":"mastercard","pattern":"^5[1-5]\\d{14}$|^2(?:2(?:2[1-9]|[3-9]\\d)|[3-6]\\d\\d|7(?:[01]\\d|20))\\d{12}$","format":"(\\d{16})","length":16,"cvcLength":[3],"luhn":true,"icon":"icon-card-mastercard"},{"type":"visa-electron","pattern":"^(4026|417500|4405|4508|4844|4913|4917)","format":"(\\d{16})","length":16,"cvcLength":[3],"luhn":true,"icon":"icon-card-visa-electron"},{"type":"visa","pattern":"^4","format":"(\\d{16})","length":16,"cvcLength":[3],"luhn":true,"icon":"icon-card-visa"}],"footer":{"cardLogos":[{"type":"visa","name":"Visa"},{"type":"mastercard","name":"Mastercard"}],"threeDSLogos":[{"type":"verified_by_visa","title":"common:verified-by-visa","name":"Verified By Visa"},{"type":"mastercard_securecode","title":"common:mastercard-securecode","name":"Mastercard Securecode"}],"data":[{"title":"footer:here-to-help","links":[{"text":"footer:guide-price","href":"help:guidePrice"},{"text":"footer:safe-shopping","href":"links:safeShopping"},{"text":"footer:terms-and-conditions","href":"links:termsConditions"},{"text":"footer:privacy-cookies","href":"links:privacyCookie"}]},{"title":"footer:about","links":[{"text":"footer:where-we-deliver","href":"serviceAvailabilityUrl"},{"text":"footer:service-charge","href":"links:serviceCharge"},{"text":"footer:payment-options","href":"links:paymentOptions"},{"text":"footer:corporate","data":"config","href":"links:corporate","target":"_blank","icon":"link-blue","alignIcon":"right"},{"text":"footer:clubcard","href":"links:clubCard","target":"_blank","icon":"link-blue","alignIcon":"right"}]},{"title":"footer:first-time-shopping","links":[{"text":"footer:how-to-shop","href":"links:howToShop"},{"text":"footer:registration","href":"links:registration"},{"text":"footer:booking-a-delivery","href":"links:bookDelivery"},{"text":"footer:favourites","href":"links:favourites"},{"text":"footer:vat-invoice","href":"links:vat-invoice"}]},{"title":"footer:contact-us","open":true,"links":[{"text":"contactEmail","data":"config","href":"emailUrl","icon":"email"},{"text":"contact","data":"config","href":"phoneURL","icon":"phone-blue"},{"text":"footer:store-locator","href":"links:store-locator","target":"_blank","icon":"storefinder-blue"}]}]},"minutesBeforeSlotExpiryWarning":30,"propositionalMessageEnabled":false,"eventsPageEnabled":true,"defaultDcsDomain":"digitalcontent.api.tesco.com","slotExpiryThresholdMinutes":15,"dfp":{"enabled":false,"adUnitPath":"","defaultSizes":["fluid",[918,110]],"libUrl":"https:\u002F\u002Fsecurepubads.g.doubleclick.net\u002Ftag\u002Fjs\u002Fgpt.js","limitedAdsUrl":"https:\u002F\u002Fpagead2.googlesyndication.com\u002Ftag\u002Fjs\u002Fgpt.js","sizeMappings":[[[0,531],["fluid",[300,250],[375,258],[375,110]]],[[532,723],["fluid",[532,110]]],[[724,917],["fluid",[724,110]]],[[918,50000],["fluid",[918,110]]]]},"useMango":{"productPage":false},"orderSummary":{"showCollectionInstructions":true},"showProductUnavailableMessages":true,"coupons":{"showTermsAndInst":false,"useLocaleForErrors":false,"enableRemove":true,"enableSelect":false,"enableHeadings":false},"bypassOptimizelyAndUseFirstNonDefaultVariant":false,"bypassOptimizelyAndUseDefaultVariant":false,"GDPRCompliance":false,"forceFallbackHomePageData":false,"showLineItemSubstitutionPreference":false,"eventsPage":true,"cookiePreferences":false,"showManageCookiesButton":true,"showRejectCookiesButton":false,"showPostcodeSearch":false,"showSearchByPostcode":false,"sendSlotsDefaultPostcode":true,"linkToMartini":false,"usualsEnabled":false,"showOrderTypeChangeWarning":false,"bagChargesEnabled":true,"dfpProductList":true,"greenClubcardPointsEnabled":false,"showPickerNotes":false,"showShelfLifeInfo":false,"promotionWarnings":false,"showPromotionStartDate":false,"showReconstructedOfferMsg":false,"enableLifestyleAndDietaryProductFilters":false,"enableChangeSlotOnbasketTileInAmendmode":false,"favSpecialOffers":false,"enableFavOffers":false,"lazyLoadFavPromotedOffers":false,"feedbackLinks":false,"foresee":false,"optimizelyEnabled":true,"enableFavoritesFilters":false,"debugExperiments":false,"enableAddAllButton":true,"enableBrowserWarning":false,"enableCMSValueTile":true,"enableRatingsReviewsListing":false,"enableRatingsReviewsSubmission":false,"enableRatingsReviewsNicknames":false,"enableVatInvoice":false,"enableSubstitutionPreferences":false,"renderSubstitutionContentAccordion":false,"alcoholConfirmation":false,"multiSearchEnabled":false,"enableUpdatesLink":true,"enableWismo":false,"sendEmailAddressForWhitelisting":false,"enableLoginUsingMobileNumber":false,"enableAmendModeModal":false,"showFDOXMessaging":false,"testDFPBanners":false,"includeFulfilmentOptions":false,"enableGoogleTM":true,"enableNewCheckoutRecommendationsTile":false,"showDidyouKnowOrders":true,"enabledIndexableBrandPages":false,"showPriceInfoAmendContextCard":false,"showPromotionsByDepartment":true,"showCCPriceLogoInSquare":false,"enableMfeBasket":false,"showOnlinePriceInfo":false,"bagMessageAndLinkEnabled":true,"registrationConsentRequired":true,"marketingLabelText":"auth:marketing-label-text","changePaymentDetailsEnabled":false,"contextCardLinkEnabled":true,"responsive":{"smallMax":599,"mediumSmallMin":600,"mediumSmallMax":767,"mediumMin":768,"mediumMax":991,"largeMin":992,"largeMax":1199,"extraLargeMin":1200},"bigNav":{"groceries":{"label":"groceries","url":"\u002Fshop","chevron":true,"activate":"toggleNavMenu"},"myProducts":{"label":"my-favourites","url":"\u002Ffavorites","requiresAuthentication":true},"promotions":{"label":"promotions","url":"\u002Fpromotions"},"events":{"label":"events-page","url":"\u002Fevents","configurable":"eventsPageEnabled","feature":"eventsPage","cmsNav":true}},"gtmLibUrl":"https:\u002F\u002Fwww.googletagmanager.com\u002Fgtm.js?id=GTM-MGZTXQJ","waitForAsyncPage":"3000;","favorites":{"default-sort-option":"relevance"},"optimizely":{"timeout":500,"host":"cdn.optimizely.com","siteId":"IGHS"},"fulfilmentCard":{"giabVariantEnabled":false},"showUtilityHeader":true,"lightDelivery":{"defaultStoreCatchmentRadiusInMeters":8000},"fulfilmentOptions":{"options":[],"availableShoppingMethods":["delivery","collection"],"groupedShoppingMethods":[{"category":"GHS_DELIVERY","methods":["delivery"]},{"category":"GHS_COLLECT","methods":["collection"]}]},"showVeganMessaging":false,"showIsolationDeliveryInfoLink":false,"hasFixedCollectionPoints":false,"shouldShowCookieBanner":true,"showToleranceValue":false,"apmTool":"newrelic","sentry":{"dsn":"https:\u002F\u002Fd91803bdddbe4692bd77944a91093022@o505202.ingest.sentry.io\u002F5597199"},"showNewAmendBar":false,"showMiniTrolleyFavsCTA":false,"myOrdersDDL":false,"fetchGetFulfilmentOptionOnHomePage":false,"displayClubcardDetails":false,"opinionLab":{"refererUrls":{"wismo":"wismo.tesco.com","ondemandwismo":"ondemandwismo.tesco.com","favorites":"myfavourites.tesco.com","specialOffers":"specialoffers.tesco.com"}},"promoByDepartmentTypeCheck":false,"useDCSv3":false,"TAP":{"PPE":{"path":"\u002Fuserinteraction\u002Fv1\u002Fevents\u002Froute\u002Fcustonline-qa","querystring":""},"connector":true},"shouldIncrementPromotionEndDate":false,"prideLogoDisplay":false,"blackLogoDisplay":false,"thirdPartyDelivery":{"termsAndConditionsUrl":"https:\u002F\u002Fwww.tesco.com\u002Fhelp\u002Fterms-and-conditions\u002Fgrocery\u002F"},"regularPriceDisplay":false,"newFavNavEnabled":false,"lastOrderEnabled":false,"slotPageFavCTA":false,"trolleyPageFavCTA":false,"showPriceOnUnavailableTile":false,"showFavSpecialOfferFilter":false,"showFavUnavailableFilter":false,"defaultSortOptions":["relevance","title-ascending","title-descending","price-ascending","price-descending"],"showOneCheckoutOrderConfirmation":false,"useWebViewLayout":false,"showOneCheckoutOrderSummary":false,"SITES":{"UK":{"default":{"footer":{"corporate":"Tesco.com","copyright":"Tesco.com $copyrightYear All rights reserved","data":[{"title":"footer:here-to-help","links":[{"text":"footer:my-account","href":"links:myAccount","externalSecureDomain":true},{"text":"footer:my-orders","href":"links:myOrders"},{"text":"footer:help","href":"links:help"},{"text":"footer:product-recall","href":"links:productRecall"},{"text":"footer:privacy-centre","href":"links:privacyCentre"}]},{"title":"footer:about","links":[{"text":"footer:accessibility","href":"links:accessibility"},{"text":"footer:sitemap","href":"links:sitemap"},{"text":"footer:privacy-cookies","href":"links:privacyCookies"},{"text":"footer:general-terms","href":"links:termsConditions"},{"text":"footer:product-terms","href":"links:productTerms"},{"text":"footer:coupon-terms","href":"links:couponTerms"}]},{"title":"footer:ways-to-save","links":[{"text":"footer:delivery-saver","href":"links:deliverySaver"},{"text":"footer:clubcard","href":"links:clubcard","icon":"link-blue"},{"text":"footer:click-collect","href":"links:clickCollect"},{"text":"footer:clubcard-prices","href":"links:clubcardPrices"}]},{"title":"footer:contact-us","links":[{"text":"footer:corporate","data":"config","href":"links:corporate","icon":"link-blue"},{"text":"footer:store-locator","href":"links:storeLocator","icon":"storefinder-blue"},{"text":"contact","data":"config","href":"phoneURL","icon":"phone-blue"},{"text":"contact2","data":"config","href":"phoneURL2","icon":"phone-blue"},{"text":"common:feedback","href":"links:feedback","icon":"feedback-blue"}]}],"cardLogos":[{"type":"visa","name":"Visa"},{"type":"mastercard","name":"Mastercard"},{"type":"american-express","name":"American Express"}],"threeDSLogos":[{"type":"verified_by_visa","title":"common:verified-by-visa","name":"Verified By Visa"},{"type":"mastercard_securecode","title":"common:mastercard-securecode","name":"Mastercard Securecode"},{"type":"american_express_safekey","title":"common:amex-safekey","name":"American Express Safekey"}],"additionalFooterLogos":[]},"help":{"eCoupons":{"en-GB":"https:\u002F\u002Fwww.tesco.com\u002Fhelp\u002Fgroceries-faq\u002F#clubcard-vouchers-and-ecoupons"},"eCouponTerms":{"en-GB":"https:\u002F\u002Fwww.tesco.com\u002Fhelp\u002Fterms-and-conditions\u002F#ecoupons"},"homeDelivery":{"en-GB":"https:\u002F\u002Fwww.tesco.com\u002Fgroceries\u002Fen-GB\u002Fhelp?my-delivery#my-delivery"},"clickCollect":{"en-GB":"https:\u002F\u002Fwww.tesco.com\u002Fhelp\u002Fgroceries-faq\u002F"},"cardTypesAccepted":{"en-GB":"https:\u002F\u002Fwww.tesco.com\u002Fgroceries\u002Fen-GB\u002Fhelp?payment-and-checkout#payment-and-checkout"},"guidePrice":{"en-GB":"https:\u002F\u002Fwww.tesco.com\u002Fhelp\u002Fgroceries-faq\u002F#what_is_a_guide_price"},"onlineShopping":{"en-GB":"https:\u002F\u002Fwww.tesco.com\u002Fgroceries\u002Fen-GB\u002Fhelp?how-to-shop#how-to-shop"},"myAccount":{"en-GB":"https:\u002F\u002Fwww.tesco.com\u002Fgroceries\u002Fen-GB\u002Fhelp?my-account#my-account"},"bagOptions":{"en-GB":"https:\u002F\u002Fwww.tesco.com\u002Fhelp\u002Fgroceries-faq\u002F#bagless_delivery"},"showClickCollect":false},"links":{"help":{"en-GB":"https:\u002F\u002Fwww.tesco.com\u002Fgroceries\u002Fen-GB\u002Fhelp\u002F"},"contact-us":"https:\u002F\u002Fwww.tesco.com\u002Fhelp\u002Fcontact\u002F","productRecall":"https:\u002F\u002Fwww.tesco.com\u002Fproductrecall\u002F","accessibility":"https:\u002F\u002Fwww.tesco.com\u002Fhelp\u002Faccessibility\u002F","sitemap":"https:\u002F\u002Fwww.tesco.com\u002Fhelp\u002Fsite-map\u002F","privacyCookies":{"en-GB":"https:\u002F\u002Fwww.tesco.com\u002Fhelp\u002Fprivacy-and-cookies\u002Fprivacy-centre\u002Fprivacy-policy-information\u002Fprivacy-policy\u002F"},"termsConditions":{"en-GB":"https:\u002F\u002Fwww.tesco.com\u002Fhelp\u002Fterms-and-conditions\u002F"},"termsConditionsRnRs":{"en-GB":"https:\u002F\u002Fwww.tesco.com\u002Fhelp\u002Fterms-and-conditions\u002F#Ratings"},"termsConditionsDietary":{"en-GB":"https:\u002F\u002Fwww.tesco.com\u002Fhelp\u002Fterms-and-conditions\u002F#Dietary"},"productTerms":{"en-GB":"https:\u002F\u002Fwww.tesco.com\u002Fhelp\u002Fterms-and-conditions\u002Fgrocery\u002F"},"privacyCentre":{"en-GB":"https:\u002F\u002Fwww.tesco.com\u002Fhelp\u002Fprivacy-and-cookies\u002Fprivacy-centre\u002F"},"deliveryOptionDeliverySaver":"https:\u002F\u002Fwww.tesco.com\u002Fdeliverysaver\u002F?icid=Delivery_Options_delivery_Saver\"","deliverySaver":"https:\u002F\u002Fwww.tesco.com\u002Fdeliverysaver\u002F?=&icid=Grocerywebfooter_DeliverySaver","clubcard":"https:\u002F\u002Fsecure.tesco.com\u002Fclubcard\u002F","clubcardMyAccount":"https:\u002F\u002Fsecure.tesco.com\u002FClubcard\u002FMyAccount\u002FHome\u002FHome","clickCollect":"https:\u002F\u002Fwww.tesco.com\u002Fgroceries\u002Fen-GB\u002Fzone\u002Ftesco-delivery","clubcardPrices":"https:\u002F\u002Fwww.tesco.com\u002Fgroceries\u002Fen-gb\u002Fbuylists\u002Fclubcard-prices\u002Ftop-picks","couponTerms":"https:\u002F\u002Fwww.tesco.com\u002Fhelp\u002Fterms-and-conditions\u002F#coupons","corporate":"https:\u002F\u002Fwww.tesco.com","storeLocator":"https:\u002F\u002Fwww.tesco.com\u002Fstore-locator\u002Fuk\u002F","feedback":"#!","myAccount":"\u002Faccount\u002Fen-GB\u002Fmanage","myOrders":"\u002Forders","deliveryHelp":{"en-GB":"https:\u002F\u002Fwww.tesco.com\u002Fgroceries\u002Fhelp\u002F?rel=help"},"basketSurchargeInfo":"https:\u002F\u002Fwww.tesco.com\u002Fhelp\u002Fgroceries-faq\u002F#minimum_order_value_home","carrierBagSurchargeInfo":"https:\u002F\u002Fwww.tesco.com\u002Fhelp\u002Fgroceries-faq\u002F#choose_bagless_delivery","deliveryCollectionCost":"https:\u002F\u002Fwww.tesco.com\u002Fhelp\u002Fgroceries-faq\u002F#how_much_does_delivery_or_collection_cost","amendOrderHelp":{"en-GB":"https:\u002F\u002Fwww.tesco.com\u002Fhelp\u002Fgroceries-faq\u002F#amend_the_number_products"},"cancelOrderHelp":{"en-GB":"https:\u002F\u002Fwww.tesco.com\u002Fhelp\u002Fgroceries-faq\u002F#cancel_my_order"},"collectionTab":"https:\u002F\u002Fwww.tesco.com\u002Fhelp\u002Fgroceries-faq\u002F?sc_cmp=CC_FAQ","homeDeliveryTab":"https:\u002F\u002Fwww.tesco.com\u002Fhelp\u002Fgroceries-faq\u002F#how_do_you_deliver","moreAboutGoingBagless":"https:\u002F\u002Fwww.tesco.com\u002Fhelp\u002Fgroceries-faq\u002F#bagless_trial","unmannedClickAndCollectStoreFaq":"https:\u002F\u002Fwww.tesco.com\u002Fgroceries\u002Fen-GB\u002Fzone\u002Fclick-and-collect-lockers","appDownload":{"url":{"Android":{"mobile":"https:\u002F\u002Fplay.google.com\u002Fstore\u002Fapps\u002Fdetails?id=com.tesco.grocery.view","tablet":"https:\u002F\u002Fplay.google.com\u002Fstore\u002Fapps\u002Fdetails?id=com.tesco.tablet"},"iOS":{"mobile":"https:\u002F\u002Fapps.apple.com\u002Fgb\u002Fapp\u002Ftesco-groceries\u002Fid389581236","tablet":"https:\u002F\u002Fapps.apple.com\u002Fgb\u002Fapp\u002Ftesco-groceries\u002Fid389581236"}},"appId":{"Android":{"mobile":"com.tesco.grocery.view","tablet":"com.tesco.tablet"},"iOS":{"mobile":"389581236","tablet":"389581236"}}},"manageCookiePreferences":{"en-GB":"https:\u002F\u002Fwww.tesco.com\u002Fhelp\u002Fen-GB\u002Fmanage-cookie-preferences"},"setCookiePreferences":{"en-GB":"https:\u002F\u002Fwww.tesco.com\u002Fhelp\u002Fen-GB\u002Fset-cookie-preferences"},"moreAboutOnDemand":"https:\u002F\u002Fwww.tesco.com\u002Fhelp\u002Fgroceries-faq\u002F?sc_cmp=CC_FAQ","aboutMarketplace":"#"},"mvt":{"campaigns":[null]},"navigation":{"en-GB":[{"categoryTitle":"layout:main-nav.groceries","links":[{"url":"\u002Ffavorites","text":"layout:main-nav.favorites","newTab":false,"leftIcon":"favorite-heart-icon","rightIcon":"","requiresAuthentication":true},{"url":"\u002Fslots","text":"layout:main-nav.book-a-slot","newTab":false,"leftIcon":"icon-bookaslot-01","rightIcon":"","requiresAuthentication":true},{"url":"\u002Forders","text":"layout:main-nav.my-orders","newTab":false,"leftIcon":"icon-my_orders-01","rightIcon":"","requiresAuthentication":true},{"url":"\u002Fevents","text":"navigation:events-page","newTab":false,"leftIcon":"icon-icon-events","rightIcon":"","feature":"eventsPage","cmsNav":true},{"url":"\u002Fpromotions","text":"layout:main-nav.special-offers","newTab":false,"leftIcon":"icon-promotion-nav","rightIcon":""},{"url":"\u002Faccount\u002Fen-GB\u002Fmanage","text":"layout:main-nav.my-account","newTab":false,"leftIcon":"icon-my-account","rightIcon":"","useExternalSecure":true},{"url":"https:\u002F\u002Fwww.tesco.com\u002FDeliverySaver\u002F","text":"layout:main-nav.delivery-saver","newTab":true,"leftIcon":"icon-delivery-saver","rightIcon":"icon-link"},{"url":"#","text":"layout:main-nav.download-app","newTab":false,"leftIcon":"icon-download-app","rightIcon":"","dynamicAppUrl":true}]},{"categoryTitle":"layout:main-nav.more-from_tesco","links":[{"url":"https:\u002F\u002Fsecure.tesco.com\u002Fclubcard\u002F","text":"layout:main-nav.clubcard-account","newTab":true,"leftIcon":"icon-clubcard-01","rightIcon":"icon-link"},{"url":"https:\u002F\u002Frealfood.tesco.com","text":"layout:main-nav.real-food","newTab":true,"leftIcon":"icon-real-food","rightIcon":"icon-link"},{"url":"https:\u002F\u002Fwww.tesco.com\u002Fstore-locator\u002Fuk\u002F?stop_mobi=yes","text":"footer:store-locator","newTab":true,"leftIcon":"icon-storefinder-blue","rightIcon":""},{"url":"https:\u002F\u002Fwww.tesco.com\u002Fdirect","text":"layout:main-nav.tesco-direct","newTab":true,"leftIcon":"icon-tesco-direct","rightIcon":"icon-link"},{"url":"https:\u002F\u002Fwww.tesco.com\u002Fdirect\u002Fclothing\u002F","text":"layout:main-nav.fandf","newTab":true,"leftIcon":"icon-f-and-f","rightIcon":"icon-link"}]},{"categoryTitle":"layout:main-nav.about-this-site","links":[{"url":"#!","text":"layout:main-nav.feedback","newTab":false,"leftIcon":"icon-feedback-blue","rightIcon":"","feedbackLink":true},{"url":"https:\u002F\u002Fwww.tesco.com\u002Fgroceries\u002Fen-GB\u002Fhelp","text":"common:help","newTab":false,"leftIcon":"icon-help-01","rightIcon":""},{"url":"https:\u002F\u002Fwww.tesco.com\u002Fhelp\u002Fcontact\u002F","text":"common:pages.contact","newTab":false,"leftIcon":"icon-email-large","rightIcon":""}]}]},"registration":{"addressFields":[{"name":"county-district","label":"auth:address-fields.county-district","type":"select","locationType":["County","District"]},{"name":"municipality","label":"auth:address-fields.municipality","type":"select","locationType":"Municipality"},{"name":"city-quarter","label":"auth:address-fields.city-quarter","type":"select","locationType":["Municipality Part","Quarter"]},{"name":"street","label":"auth:address-fields.street","type":"select","locationType":"Street"},{"name":"house-number","label":"auth:address-fields.house-number","type":"select","locationType":"Address"},{"name":"freetext1","label":"auth:address-fields.flat-number-optional","type":"input","maxLength":6}],"configs":{"nameTitleOptions":false,"firstName":true,"lastName":true,"phoneNumber":[{"rule":"phone-number-five-digits","translation":"auth:validation.phone-number-min-length","arg":5},{"rule":"phone-number-format","translation":"auth:validation.phone-number-format"},{"rule":"required","translation":"auth:validation.phone-number-required"}],"altPhoneNumber":[{"rule":"phone-number-five-digits","translation":"auth:validation.phone-number-min-length","arg":5},{"rule":"phone-number-format","translation":"auth:validation.phone-number-format"}],"phoneNumberAllowedCharacters":"[0-9]"}},"REGION":"UK","3dsecure":true,"brand":"tesco","siteSearch":false,"callCentreSupportedLanguageNames":"English","LANGUAGES":["en-GB"],"timezone":"Europe\u002FLondon","mustHaveAcceptedCookieNoticeSince":"2018-05-16T00:00:00+00:00","hideCookiePolicyHeader":true,"sharedLogin":true,"contact":"0800 323 4040","phoneURL":"tel:08003234040","contact2":"0330 123 4040","phoneURL2":"tel:03301234040","internationalCode":"+44-","categoryDelimiter":",","facetsAllowingMultipleSelections":["brand"],"transferApiCookies":["OAuth.AccessToken","UUID"],"currency":{"symbolPosition":"left","spaceBetweenSymbolAndValue":false,"compactMode":true,"symbol":"£","unitSymbol":"p","decimalMark":".","decimalPlaces":2,"thousandsSeparator":",","isoCode":"GBP"},"format":{"month":"MMM"},"showBillingAddress":true,"collectionAlwaysAvailable":true,"LANGUAGESWITCH":false,"useExternalAuthentication":true,"externalSecureDomain":"https:\u002F\u002Fsecure.tesco.com","externalLoginUrl":"\u002Faccount\u002Flogin\u002Fen-GB","externalRegistrationUrl":"\u002Faccount\u002Fen-GB\u002Fregister?newReg=true","externalRegistrationConfirmationPageUrl":"\u002Faccount\u002Fen-GB\u002Fregister\u002Fconfirm?success=true","externalLogoutUrl":"\u002Faccount\u002Flogin\u002Fen-GB\u002Flogout?from=","useExternalMyAccount":true,"externalMyAccountUrl":"\u002Faccount\u002Fen-GB\u002Fmanage","externalAddressBookUrl":"\u002Faccount\u002Fen-GB\u002Fmanage\u002Faddress-book","externalAddAddressUrl":"\u002Faccount\u002Fen-GB\u002Fmanage\u002Faddress-book\u002Fadd-address","externalEditAddressUrl":"\u002Faccount\u002Fen-GB\u002Fmanage\u002Faddress-book\u002Fchange-address","externalAuthCookies":["OAuth.AccessToken"],"displayShowMoreLess":true,"displayDeliveryTabDescription":false,"loyaltyCardNumberLength":18,"loyaltyCardPrefix":"63400952","serviceAvailableAreas":"London, ...","trolleyOrderSummary":{"fullSummaryInAmend":false,"showSavings":true},"creditCardsSupport":["visa","visa-debit","mastercard","american-express","maestro","tesco-debit","tesco-credit","visa-electron-not-supported"],"threeDSecureSupport":["american_express_safekey","verified_by_visa","mastercard_securecode"],"supportedCards":[{"type":"maestro","pattern":"^(5018|5020|5038|6304|6759|676[1-3])","format":"(\\d{16})","length":16,"cvcLength":[3],"luhn":true,"icon":"icon-card-maestro"},{"type":"mastercard","pattern":"^5[1-5]\\d{14}$|^2(?:2(?:2[1-9]|[3-9]\\d)|[3-6]\\d\\d|7(?:[01]\\d|20))\\d{12}$","format":"(\\d{16})","length":16,"cvcLength":[3],"luhn":true,"icon":"icon-card-mastercard"},{"type":"amex","pattern":"^3[47]","format":"(\\d{15})","length":15,"cvcLength":[4],"luhn":true,"icon":"icon-card-american-express"},{"type":"visa-electron","pattern":"^(4026|417500|4405|4508|4844|4913|4917)","format":"(\\d{16})","length":16,"cvcLength":[3],"luhn":true,"icon":"icon-card-visa-electron-not-supported"},{"type":"visa","pattern":"^4","format":"(\\d{16})","length":16,"cvcLength":[3],"luhn":true,"icon":"icon-card-visa"},{"type":"savedCard","pattern":"^\\*","format":"(\\*{12}\\d{4})","length":16,"luhn":false}],"customInstructions":false,"showInstructions":true,"allowAllCharsInInstructions":false,"paymentGatewayUrl":"\u002Fgroceries\u002Fghspay\u002FvalidatePayment\u002F?Lego=true","showOrderTypeChangeWarning":true,"showHomeAmendOrderContextCard":true,"showFirstSlotColAsToday":true,"showSecondSlotColAsTomorrow":true,"paymentErrorCodes":["CheckoutStatusError","DeAuthenticateError","DeliverySlotUnavailable","FailedToCreateOrder","FieldValidationError","InvalidCardLength","InvalidPAResResponse","InvalidPaymentCard","InvalidPaymentCardNumber","IssueNumberValidation","NoBasketItem","PaymentCardAuthorisationFailed","PaymentCardExpired","PaymentCardNotFound","PaymentReservationFailed","ReservationExpired","SecurityCodeValidation","UnableToCancelDeliverySlot","UnableToConfirmDeliverySlot","UnableToGetDeliverySlotDetails"],"payment":{"processor":"ghspayapp","bank3dsCallbackUrl":"\u002Fcheckout\u002F3ds\u002Fprocess-uk","showShortExpiryYear":true,"padExpiryMonth":true,"process3dsUrl":"\u002Fgroceries\u002Fghspay\u002FProcessAuthentication\u002F?Lego=true","threeDSecureRedirectUrl":"\u002Fcheckout\u002F3ds","successRedirectUrl":"\u002Fcheckout\u002Fprocess-order-confirmation","failureRedirectUrl":"\u002Fcheckout\u002Fpayment-options","cookieRefresh":{"enabled":false},"saveCard":{"enabled":true,"fieldName":"issaveselected"},"includeXIDin3DS":false,"additional3dsParams":["basketid","xid"]},"paymentFieldNames":{"cardholderName":"nameonthecard","cardNumber":"cardnumber","cardSecurityCode":"securitycode","expiryMonth":"expirymonth","expiryYear":"expiryyear"},"isCardPaymentFirst":false,"showAmendCheckoutButton":true,"showAmendOrderBarMenu":false,"showAmendOrderBarSaveButton":false,"showAmendOrderPage":true,"showPostcodeSearch":true,"showSearchByPostcode":true,"allowAmendSlot":true,"showAboutOurChargesLink":true,"showMinBasketChargeHelpLink":true,"orderSummary":{"showCollectionInstructions":false},"amendCutoff15MinsEarlier":true,"sameDaySlotSurcharge":2,"checkout":{"show-terms-and-conditions":true,"disallowInAmendMode":false,"showBaglessBanner":false,"showBagOptions":true,"showBaglessMessage":true,"offersType":"promotionType","donationInfo":{"link":"https:\u002F\u002Fdonate.redcross.org.uk\u002Fappeal\u002Fukraine-crisis-appeal?utm_campaign=Ukraine%20Crisis%20Appeal&utm_source=Unknown&utm_medium=Unknown&utm_content=Donate%20Landing_Donate%20-%20DEC%20Ukraine%20Humanitarian%20Appeal&utm_term=175154_Tescos%20Customers&c_name=Ukraine%20Crisis%20Appeal&c_source=Unknown&c_medium=Unknown&c_creative=Donate%20Landing_Donate%20-%20DEC%20Ukraine%20Humanitarian%20Appeal&c_code=175154&adg=Tescos%20Customers"},"haveYouForgottenStep":{"enabled":true},"steps":[{"page":"review-trolley","path":"\u002Ftrolley","title":"checkout:common.review-your-trolley"},{"page":"recommendations","isConditional":true,"path":"\u002Fcheckout\u002Frecommendations","title":"checkout:common.recommendations"},{"page":"have-you-forgotten","isConditional":true,"path":"\u002Fcheckout\u002Fhave-you-forgotten","title":"checkout:common.have-you-forgotten"},{"page":"order-summary","path":"\u002Fcheckout\u002Forder-summary","title":"checkout:order-summary.title"},{"page":"payment-options","path":"\u002Fcheckout\u002Fpayment-options","title":"checkout:common.payment-options"},{"page":"order-confirmation","path":"\u002Fcheckout\u002Fconfirmation","title":"checkout:common.order-confirmation"}]},"showSideBasketMessaging":true,"showSideBasketSavings":true,"showProductMessage":true,"enableBrowserWarning":true,"enableChangeOfCardInAmendMode":true,"promotionWarnings":true,"showPromotionStartDate":true,"showReconstructedOfferMsg":true,"enableChangeSlotOnbasketTileInAmendmode":true,"PSD2Enabled":false,"coupons":{"showTermsAndInst":true,"useLocaleForErrors":true,"enableRemove":false,"enableSelect":true,"enableHeadings":true,"errorCodes":["campaignlimitreached","campaignmonetorylimitreached","couponexpired","couponinvalidforcustomer","couponinvalidforstore","couponnotyetvalid","couponusagelimitreached","errorinsmartcouponservice","failed","invalidcouponcode","itemexists","misseddeliveryslot","missedquantity","norecords","notexist","redeemed","redemptionlimitreached","reserved","service-unavailable","undefined","excessdeduction","unfitable","unfittable"]},"useMango":{"productPage":true},"promotionsByDepartment":{"localData":true,"file":"promotions-by-department.json"},"displayNewFulfilmentUI":true,"bypassOptimizelyAndUseFirstNonDefaultVariant":false,"bypassOptimizelyAndUseDefaultVariant":false,"GDPRCompliance":true,"useEmailWhitelist":true,"showSlotsHub":true,"feedbackLinks":true,"foresee":true,"showLineItemSubstitutionPreference":true,"showPickerNotes":true,"useNewMyOrdersDesign":true,"showExtendedTrolleySummary":true,"showViewBasketInOpenOrder":true,"linkToMartini":true,"cookiePreferences":true,"showGroupAndSlotTitle":true,"useUpdatedServiceChargeLabels":true,"sameDayClickAndCollectEnabled":true,"propositionalMessageEnabled":true,"showSameDayMultipleDeliveryWarning":true,"usualsEnabled":true,"ajaxUnbookSlotEnabled":true,"allowMultipleAddresses":true,"bagMessageAndLinkEnabled":true,"changePaymentDetailsEnabled":true,"greenClubcardPointsEnabled":true,"showShelfLifeInfo":true,"favouritesWhyNotTry":true,"enableCheckoutJourneyModals":false,"enableSubstitutionPreferences":true,"renderSubstitutionContentAccordion":true,"favSpecialOffers":true,"enableFavOffers":true,"lazyLoadFavPromotedOffers":true,"enableLifestyleAndDietaryProductFilters":true,"enableFavoritesFilters":true,"enableMissedOfferTrackingInAnalytics":true,"multiSearchEnabled":true,"enableRatingsReviewsListing":true,"enableRatingsReviewsSubmission":true,"enableWismo":true,"hasFixedCollectionPoints":true,"enableNewCheckoutRecommendationsTile":true,"enableMfeBasket":true,"search":{"suggestionsUrl":"https:\u002F\u002Fsearch.api.tesco.com\u002Fsuggestion\u002F?distchannel=ghs&limit=10&query=","enableCancelButton":true},"dfp":{"enabled":true,"adUnitPath":"\u002F8326\u002Fgrocery\u002F","limitedAdsEnabled":true,"testAdUnitPath":"\u002F8326\u002Fbeta-grocery\u002F"},"martiniCookiesToRemoveOnLogout":["APC","BranchNumber","BTCCMS","CID","CustomerId","gpv_p15","OAuth.AccessToken","Orderid","PS","PSSC","PSyncHint","RegistrationSource","servicecharge","sessionTest","slotdateendtime","slotdatestarttime","SSVars","t","TWT","u","UIMode","UUID","v"],"isoCurrencyCode":"GBP","addByAdjustment":true,"bigNav":{"groceries":{"label":"groceries","url":"\u002Fshop","chevron":true,"activate":"toggleNavMenu"},"myProducts":{"label":"my-favourites","url":"\u002Ffavorites","requiresAuthentication":true},"recipes":{"label":"recipes","externalUrl":"https:\u002F\u002Frealfood.tesco.com\u002F","url":"\u002Fzone\u002Frecipes"},"promotions":{"label":"promotions","url":"\u002Fpromotions"},"events":{"label":"events-page","url":"\u002Fevents","configurable":"eventsPageEnabled","feature":"eventsPage","cmsNav":true},"deliverySaver":{"label":"delivery-saver","externalUrl":"https:\u002F\u002Fwww.tesco.com\u002FDeliverySaver\u002F"}},"recommenders":{"enabled":true,"product_details":{"strategy":"ubt","variant":"20","moduleType":"p","panelType":"t","pageId":"product_details","analyticsEventType":"product-details"},"search":{"strategy":"variant","variant":"search","moduleType":"sr","panelType":"t","pageId":"searchPLP"},"empty_search":{"strategy":"ts","variant":"6","moduleType":"sr","panelType":"t","pageId":"searchPLP"},"category":{"strategy":"ubt","variant":"20-3","panelType":"t","pageId":"browsePLP"},"home_page":{"strategy":"ts","variant":"6","moduleType":"h","panelType":"t","pageId":"home"},"promotions":{"strategy":"ubt","variant":"20-3","moduleType":"so","panelType":"t","pageId":"promotionsPLP"},"favorites":{"strategy":"ubt","variant":"20","moduleType":"f","panelType":"t","pageId":"favoritesPLP"},"buylist":{"strategy":"ubt","variant":"20","moduleType":"bl","panelType":"t","pageId":"buylistPLP"},"full-basket":{"strategy":"ts","variant":"6","moduleType":"bl","panelType":"t","pageId":"trolleyFullPLP"},"checkout":{"strategy":"morpheus","variant":"rt1-----yml","moduleType":"csl","panelType":"t","pageId":"reviewBasket"},"promotions1183":{"strategy":"variant","variant":"checkout","pageId":"recommendations","panelType":"t","moduleType":"csl","analyticsEventType":"special-offers"}},"optimizely":{"siteId":"GHS"},"ratingsReviews":{"ratingText":{"overCharLimit":2000,"minCharLimit":10},"ratingTitle":{"overCharLimit":50}},"paymentUI":{"enabled":true,"gatewayUrl":"\u002Fpayment","externalDomain":"https:\u002F\u002Fpayment-ppe.tesco.com","consumerId":"ghs-uk","successRedirectUrl":"\u002Fcheckout\u002Fprocess-order-confirmation","storeMigration":false,"paymentReferenceEnterprise":false},"productDetails":{"useDigitalContentProductImages":true},"showDeliveryAddressInAccordion":true,"showVeganMessaging":true,"showCollectLinkForUnavailableHDSlot":true,"slotsHubPage":{"notificationMessage":{"delivery":false,"collection":false,"ondemand":true,"ondemandcollection":true},"showLegalInfo":true,"subscriptIcons":{"delivery":"^","collection":"†","ondemand":"","ondemandcollection":""},"lineNumber":{"delivery":[1,2],"collection":[1,2,3],"ondemand":[1,2,3],"ondemandcollection":[1,2,3]}},"ondemand":{"minutesBeforeSlotExpiryWarning":5},"showNewAmendBar":true,"showMiniTrolleyFavsCTA":true,"wismoOrderDeliveredDisplayInMinutes":15,"myOrdersDDL":true,"includeFulfilmentOptions":true,"fetchGetFulfilmentOptionOnHomePage":false,"displayClubcardDetails":true,"getLoyaltyQueryTimeout":700,"promoByDepartmentTypeCheck":true,"useDCSv3":true,"regularPriceDisplay":true,"newFavNavEnabled":true,"lastOrderEnabled":true,"slotPageFavCTA":true,"trolleyPageFavCTA":true,"showPriceOnUnavailableTile":true,"showFavSpecialOfferFilter":true,"showFavUnavailableFilter":true,"defaultSortOptions":["relevance","price-ascending","price-descending"],"showOneCheckoutOrderConfirmation":true,"showCheckoutBannerTexts":true,"blackLogoDisplay":false,"showOneCheckoutOrderSummary":true},"ghsapp-uk":{"productDetails":{"enableHeaderWrapperAndMiniTrolley":false,"enableTaxonomy":false,"enableBreadcrumbs":false,"enableFooter":false,"renderOnlyProductBlocksAndTerms":true},"checkout":{"showSignoutAndContinueActions":false,"confirmation":{"showSimpleFooter":true},"haveYouForgottenStep":{"enabled":false},"steps":[{"page":"order-summary","path":"\u002Fcheckout\u002Forder-summary","title":"checkout:order-summary.title"},{"page":"payment-options","path":"\u002Fcheckout\u002Fpayment-options","title":"checkout:common.payment-options"},{"page":"order-confirmation","path":"\u002Fcheckout\u002Fconfirmation","title":"checkout:common.order-confirmation"}],"enableCreditCardHelp":false,"enableAmendOrder":false,"enableAmendDelivery":false,"enableContinueShopping":false,"enableViewConfirmedOrder":false,"enableCancelChanges":false,"enableAddAddressModal":false,"enableSubmittingSpinner":false,"invalidTrolleyErrors":{"slotExpiredInAmend":{"external":true,"url":"tesco-ghs-app:\u002F\u002Fbookaslot?source=checkout"},"invalidSlot":{"external":true,"url":"tesco-ghs-app:\u002F\u002Fbookaslot?source=checkout"},"noItemsInBasket":{"external":true,"url":"tesco-ghs-app:\u002F\u002Fhome?source=checkout"},"allItemsUnavailable":{"external":true,"url":"tesco-ghs-app:\u002F\u002Fbasket?source=checkout"}}},"showInstructions":false,"externalLoginUrl":"\u002Faccount\u002Flogin\u002Fen-GB?consumer=app","externalAddAddressUrl":"\u002Fregister\u002FaddressBook.aspx","dfp":{"enabled":false},"enableRatingsReviewsListing":false,"paymentUI":{"consumerId":"ghsapp-uk"}},"ghsnativeapp-uk":{"checkout":{"showSignoutAndContinueActions":false,"confirmation":{"showSimpleFooter":true},"haveYouForgottenStep":{"enabled":false},"steps":[{"page":"order-summary","path":"\u002Fcheckout\u002Forder-summary","title":"checkout:order-summary.title"},{"page":"payment-options","path":"\u002Fcheckout\u002Fpayment-options","title":"checkout:common.payment-options"},{"page":"order-confirmation","path":"\u002Fcheckout\u002Fconfirmation","title":"checkout:common.order-confirmation"}],"enableCreditCardHelp":false,"enableAmendOrder":false,"enableAmendDelivery":false,"enableContinueShopping":false,"enableViewConfirmedOrder":false,"enableCancelChanges":false,"enableAddAddressModal":false,"enableSubmittingSpinner":false,"invalidTrolleyErrors":{"slotExpiredInAmend":{"external":true,"url":"tesco-ghs-app:\u002F\u002Fbookaslot?source=checkout"},"invalidSlot":{"external":true,"url":"tesco-ghs-app:\u002F\u002Fbookaslot?source=checkout"},"noItemsInBasket":{"external":true,"url":"tesco-ghs-app:\u002F\u002Fhome?source=checkout"},"allItemsUnavailable":{"external":true,"url":"tesco-ghs-app:\u002F\u002Fbasket?source=checkout"}}},"showInstructions":false,"externalLoginUrl":"\u002Faccount\u002Flogin\u002Fen-GB?consumer=app","externalAddAddressUrl":"\u002Fregister\u002FaddressBook.aspx","homePageLink":{"en-GB":"tesco-ghs-app:\u002F\u002Fhome"},"dfp":{"enabled":false},"enableRatingsReviewsListing":false,"paymentUI":{"consumerId":"ghsnativeapp-uk"},"showUtilityHeader":false},"webview-android-app":{"useWebViewLayout":true,"hideBreadCrumb":true,"enableRatingsReviewsSubmission":false,"product":{"disableRestOfShelfLink":true,"disablePDPLink":true,"disablePromotionLink":true}},"webview-ios-app":{"useWebViewLayout":true,"hideBreadCrumb":true,"enableRatingsReviewsSubmission":false,"product":{"disableRestOfShelfLink":true,"disablePDPLink":true,"disablePromotionLink":true}}}}}</script>
        <link href="./tesco_html_brand_healthbeauty_files/UK-554ab7b42e.en-GB.js.download" rel="preload" as="script">
        <link href="./tesco_html_brand_healthbeauty_files/static-vendor.bundle.07a529d39fa55b5a4b98.js.download" rel="preload" as="script">
        <link href="./tesco_html_brand_healthbeauty_files/static-common.bundle.926c5e26d972ffce7b3f.js.download" rel="preload" as="script">
          <link href="./tesco_html_brand_healthbeauty_files/static-categories.bundle.64935db59419f99294a0.js.download" rel="preload" as="script">
    <script type="application/json" id="cookiePreferences">
      {"displayInterrupt":false,"experience":false,"advertising":false}
    </script>
    <script type="text/javascript">var usingAppJS=true;"use strict";!function(e,t,n){var r=[],o=[],i={_version:"3.5.0",_config:{classPrefix:"",enableClasses:!0,enableJSClass:!0,usePrefixes:!0},_q:[],on:function(e,t){var n=this;setTimeout(function(){t(n[e])},0)},addTest:function(e,t,n){o.push({name:e,fn:t,options:n})},addAsyncTest:function(e){o.push({name:null,fn:e})}},s=function(){};s.prototype=i,s=new s;var a=i._config.usePrefixes?" -webkit- -moz- -o- -ms- ".split(" "):["",""];function l(e,t){return typeof e===t}i._prefixes=a;var u=t.documentElement,c="svg"===u.nodeName.toLowerCase();function f(e){var t=u.className,n=s._config.classPrefix||"";if(c&&(t=t.baseVal),usingAppJS){var r=new RegExp("(^|\\s)"+n+"no-js(\\s|$)");t=t.replace(r,"$1"+n+"js$2")}s._config.enableClasses&&(t+=" "+n+e.join(" "+n),c?u.className.baseVal=t:u.className=t)}c||function(e,t){var n,r,o=e.html5||{},i=/^<|^(?:button|map|select|textarea|object|iframe|option|optgroup)$/i,s=/^(?:a|b|code|div|fieldset|h1|h2|h3|h4|h5|h6|i|label|li|ol|p|q|span|strong|style|table|tbody|td|th|tr|ul)$/i,a="_html5shiv",l=0,u={};function c(){var e=m.elements;return"string"==typeof e?e.split(" "):e}function f(e){var t=u[e[a]];return t||(t={},l++,e[a]=l,u[l]=t),t}function d(e,n,o){return n||(n=t),r?n.createElement(e):(o||(o=f(n)),!(a=o.cache[e]?o.cache[e].cloneNode():s.test(e)?(o.cache[e]=o.createElem(e)).cloneNode():o.createElem(e)).canHaveChildren||i.test(e)||a.tagUrn?a:o.frag.appendChild(a));var a}function p(e){e||(e=t);var o=f(e);return!m.shivCSS||n||o.hasCSS||(o.hasCSS=!!function(e,t){var n=e.createElement("p"),r=e.getElementsByTagName("head")[0]||e.documentElement;return n.innerHTML="x<style>"+t+"</style>",r.insertBefore(n.lastChild,r.firstChild)}(e,"article,aside,dialog,figcaption,figure,footer,header,hgroup,main,nav,section{display:block}mark{background:#FF0;color:#000}template{display:none}")),r||function(e,t){t.cache||(t.cache={},t.createElem=e.createElement,t.createFrag=e.createDocumentFragment,t.frag=t.createFrag()),e.createElement=function(n){return m.shivMethods?d(n,e,t):t.createElem(n)},e.createDocumentFragment=Function("h,f","return function(){var n=f.cloneNode(),c=n.createElement;h.shivMethods&&("+c().join().replace(/[\w\-:]+/g,function(e){return t.createElem(e),t.frag.createElement(e),'c("'+e+'")'})+");return n}")(m,t.frag)}(e,o),e}!function(){try{var e=t.createElement("a");e.innerHTML="<xyz></xyz>",n="hidden"in e,r=1==e.childNodes.length||function(){t.createElement("a");var e=t.createDocumentFragment();return void 0===e.cloneNode||void 0===e.createDocumentFragment||void 0===e.createElement}()}catch(e){n=!0,r=!0}}();var m={elements:o.elements||"abbr article aside audio bdi canvas data datalist details dialog figcaption figure footer header hgroup main mark meter nav output picture progress section summary template time video",version:"3.7.3",shivCSS:!1!==o.shivCSS,supportsUnknownElements:r,shivMethods:!1!==o.shivMethods,type:"default",shivDocument:p,createElement:d,createDocumentFragment:function(e,n){if(e||(e=t),r)return e.createDocumentFragment();for(var o=(n=n||f(e)).frag.cloneNode(),i=0,s=c(),a=s.length;i<a;i++)o.createElement(s[i]);return o},addElements:function(e,t){var n=m.elements;"string"!=typeof n&&(n=n.join(" ")),"string"!=typeof e&&(e=e.join(" ")),m.elements=n+" "+e,p(t)}};e.html5=m,p(t),"object"==typeof module&&module.exports&&(module.exports=m)}(void 0!==e?e:this,t);var d,p,m=i._config.usePrefixes?"Moz O ms Webkit".toLowerCase().split(" "):[];function h(e,t){if("object"==typeof e)for(var n in e)d(e,n)&&h(n,e[n]);else{var r=(e=e.toLowerCase()).split("."),o=s[r[0]];if(2==r.length&&(o=o[r[1]]),void 0!==o)return s;t="function"==typeof t?t():t,1==r.length?s[r[0]]=t:(!s[r[0]]||s[r[0]]instanceof Boolean||(s[r[0]]=new Boolean(s[r[0]])),s[r[0]][r[1]]=t),f([(t&&0!=t?"":"no-")+r.join("-")]),s._trigger(e,t)}return s}i._domPrefixes=m,d=l(p={}.hasOwnProperty,"undefined")||l(p.call,"undefined")?function(e,t){return t in e&&l(e.constructor.prototype[t],"undefined")}:function(e,t){return p.call(e,t)},i._l={},i.on=function(e,t){this._l[e]||(this._l[e]=[]),this._l[e].push(t),s.hasOwnProperty(e)&&setTimeout(function(){s._trigger(e,s[e])},0)},i._trigger=function(e,t){if(this._l[e]){var n=this._l[e];setTimeout(function(){var e;for(e=0;e<n.length;e++)(0,n[e])(t)},0),delete this._l[e]}},s._q.push(function(){i.addTest=h});var v="CSS"in e&&"supports"in e.CSS,g="supportsCSS"in e;function y(){return"function"!=typeof t.createElement?t.createElement(arguments[0]):c?t.createElementNS.call(t,"http://www.w3.org/2000/svg",arguments[0]):t.createElement.apply(t,arguments)}function C(e,n,r,o){var i,s,a,l,f="modernizr",d=y("div"),p=function(){var e=t.body;return e||((e=y(c?"svg":"body")).fake=!0),e}();if(parseInt(r,10))for(;r--;)(a=y("div")).id=o?o[r]:f+(r+1),d.appendChild(a);return(i=y("style")).type="text/css",i.id="s"+f,(p.fake?p:d).appendChild(i),p.appendChild(d),i.styleSheet?i.styleSheet.cssText=e:i.appendChild(t.createTextNode(e)),d.id=f,p.fake&&(p.style.background="",p.style.overflow="hidden",l=u.style.overflow,u.style.overflow="hidden",u.appendChild(p)),s=n(d,e),p.fake?(p.parentNode.removeChild(p),u.style.overflow=l,u.offsetHeight):d.parentNode.removeChild(d),!!s}s.addTest("supports",v||g);var S,b=(S=e.matchMedia||e.msMatchMedia)?function(e){var t=S(e);return t&&t.matches||!1}:function(t){var n=!1;return C("@media "+t+" { #modernizr { position: absolute; } }",function(t){n="absolute"==(e.getComputedStyle?e.getComputedStyle(t,null):t.currentStyle).position}),n};i.mq=b;var x=i.testStyles=C;s.addTest("touchevents",function(){var n;if("ontouchstart"in e||e.DocumentTouch&&t instanceof DocumentTouch)n=!0;else{var r=["@media (",a.join("touch-enabled),("),"heartz",")","{#modernizr{top:9px;position:absolute}}"].join("");x(r,function(e){n=9===e.offsetTop})}return n});var w=i._config.usePrefixes?"Moz O ms Webkit".split(" "):[];function E(e,t){return function(){return e.apply(t,arguments)}}i._cssomPrefixes=w;var _={elem:y("modernizr")};s._q.push(function(){delete _.elem});var T={style:_.elem.style};function z(e){return e.replace(/([A-Z])/g,function(e,t){return"-"+t.toLowerCase()}).replace(/^ms-/,"-ms-")}function P(t,r){var o=t.length;if("CSS"in e&&"supports"in e.CSS){for(;o--;)if(e.CSS.supports(z(t[o]),r))return!0;return!1}if("CSSSupportsRule"in e){for(var i=[];o--;)i.push("("+z(t[o])+":"+r+")");return C("@supports ("+(i=i.join(" or "))+") { #modernizr { position: absolute; } }",function(t){return"absolute"==function(t,n,r){var o;if("getComputedStyle"in e){o=getComputedStyle.call(e,t,n);var i=e.console;null!==o?r&&(o=o.getPropertyValue(r)):i&&i[i.error?"error":"log"].call(i,"getComputedStyle returning null, its possible modernizr test results are inaccurate")}else o=!n&&t.currentStyle&&t.currentStyle[r];return o}(t,null,"position")})}return n}function j(e,t,r,o){if(o=!l(o,"undefined")&&o,!l(r,"undefined")){var i=P(e,r);if(!l(i,"undefined"))return i}for(var s,a,u,c,f,d=["modernizr","tspan","samp"];!T.style&&d.length;)s=!0,T.modElem=y(d.shift()),T.style=T.modElem.style;function p(){s&&(delete T.style,delete T.modElem)}for(u=e.length,a=0;a<u;a++)if(c=e[a],f=T.style[c],~(""+c).indexOf("-")&&(c=c.replace(/([a-z])-([a-z])/g,function(e,t,n){return t+n.toUpperCase()}).replace(/^-/,"")),T.style[c]!==n){if(o||l(r,"undefined"))return p(),"pfx"!=t||c;try{T.style[c]=r}catch(e){}if(T.style[c]!=f)return p(),"pfx"!=t||c}return p(),!1}s._q.unshift(function(){delete T.style});i.testProp=function(e,t,r){return j([e],n,t,r)};function k(e,t,n,r,o){var i=e.charAt(0).toUpperCase()+e.slice(1),s=(e+" "+w.join(i+" ")+i).split(" ");return l(t,"string")||l(t,"undefined")?j(s,t,r,o):function(e,t,n){var r;for(var o in e)if(e[o]in t)return!1===n?e[o]:l(r=t[e[o]],"function")?E(r,n||t):r;return!1}(s=(e+" "+m.join(i+" ")+i).split(" "),t,n)}function N(e,t,r){return k(e,n,n,t,r)}i.testAllProps=k,i.testAllProps=N,s.addTest("flexbox",N("flexBasis","1px",!0)),s.addTest("flexboxlegacy",N("boxDirection","reverse",!0)),s.addTest("csstransforms",function(){return-1===navigator.userAgent.indexOf("Android 2.")&&N("transform","scale(1)",!0)}),s.addTest("csstransforms3d",function(){var e=!!N("perspective","1px",!0),t=s._config.usePrefixes;if(e&&(!t||"webkitPerspective"in u.style)){var n;s.supports?n="@supports (perspective: 1px)":(n="@media (transform-3d)",t&&(n+=",(-webkit-transform-3d)")),x("#modernizr{width:0;height:0}"+(n+="{#modernizr{width:7px;height:18px;margin:0;padding:0;border:0}}"),function(t){e=7===t.offsetWidth&&18===t.offsetHeight})}return e}),s.addTest("csstransitions",N("transition","all",!0)),function(){var e,t,n,i,a,u;for(var c in o)if(o.hasOwnProperty(c)){if(e=[],(t=o[c]).name&&(e.push(t.name.toLowerCase()),t.options&&t.options.aliases&&t.options.aliases.length))for(n=0;n<t.options.aliases.length;n++)e.push(t.options.aliases[n].toLowerCase());for(i=l(t.fn,"function")?t.fn():t.fn,a=0;a<e.length;a++)1===(u=e[a].split(".")).length?s[u[0]]=i:(!s[u[0]]||s[u[0]]instanceof Boolean||(s[u[0]]=new Boolean(s[u[0]])),s[u[0]][u[1]]=i),r.push((i?"":"no-")+u.join("-"))}}(),f(r),delete i.addTest,delete i.addAsyncTest;for(var M=0;M<s._q.length;M++)s._q[M]();e.Modernizr=s}(window,document);"use strict";Modernizr.addTest("ios8",function(){return!!(navigator.appVersion||"").match(/OS 8_(\d+)_?(\d+)? like Mac OS X/)}),Modernizr.addTest("ie",function(){return!!(navigator.appVersion||"").match(/(MSIE|Trident)/)});!function(t,e){for(var n in e)t[n]=e[n]}(window,function(t){var e={};function n(r){if(e[r])return e[r].exports;var o=e[r]={i:r,l:!1,exports:{}};return t[r].call(o.exports,o,o.exports,n),o.l=!0,o.exports}return n.m=t,n.c=e,n.d=function(t,e,r){n.o(t,e)||Object.defineProperty(t,e,{enumerable:!0,get:r})},n.r=function(t){"undefined"!=typeof Symbol&&Symbol.toStringTag&&Object.defineProperty(t,Symbol.toStringTag,{value:"Module"}),Object.defineProperty(t,"__esModule",{value:!0})},n.t=function(t,e){if(1&e&&(t=n(t)),8&e)return t;if(4&e&&"object"==typeof t&&t&&t.__esModule)return t;var r=Object.create(null);if(n.r(r),Object.defineProperty(r,"default",{enumerable:!0,value:t}),2&e&&"string"!=typeof t)for(var o in t)n.d(r,o,function(e){return t[e]}.bind(null,o));return r},n.n=function(t){var e=t&&t.__esModule?function(){return t.default}:function(){return t};return n.d(e,"a",e),e},n.o=function(t,e){return Object.prototype.hasOwnProperty.call(t,e)},n.p="",n(n.s=37)}([function(t,e){var n=t.exports="undefined"!=typeof window&&window.Math==Math?window:"undefined"!=typeof self&&self.Math==Math?self:Function("return this")();"number"==typeof __g&&(__g=n)},function(t,e){t.exports=function(t){return"object"==typeof t?null!==t:"function"==typeof t}},function(t,e,n){var r=n(10)("wks"),o=n(11),i=n(0).Symbol,u="function"==typeof i;(t.exports=function(t){return r[t]||(r[t]=u&&i[t]||(u?i:o)("Symbol."+t))}).store=r},function(t,e,n){var r=n(1);t.exports=function(t){if(!r(t))throw TypeError(t+" is not an object!");return t}},function(t,e){t.exports=function(t){try{return!!t()}catch(t){return!0}}},function(t,e){var n=t.exports={version:"2.6.11"};"number"==typeof __e&&(__e=n)},function(t,e,n){"use strict";var r,o,i=n(25),u=RegExp.prototype.exec,c=String.prototype.replace,a=u,l=(r=/a/,o=/b*/g,u.call(r,"a"),u.call(o,"a"),0!==r.lastIndex||0!==o.lastIndex),f=void 0!==/()??/.exec("")[1];(l||f)&&(a=function(t){var e,n,r,o,a=this;return f&&(n=new RegExp("^"+a.source+"$(?!\\s)",i.call(a))),l&&(e=a.lastIndex),r=u.call(a,t),l&&r&&(a.lastIndex=a.global?r.index+r[0].length:e),f&&r&&r.length>1&&c.call(r[0],n,function(){for(o=1;o<arguments.length-2;o++)void 0===arguments[o]&&(r[o]=void 0)}),r}),t.exports=a},function(t,e,n){var r=n(29),o=n(33);t.exports=n(8)?function(t,e,n){return r.f(t,e,o(1,n))}:function(t,e,n){return t[e]=n,t}},function(t,e,n){t.exports=!n(4)(function(){return 7!=Object.defineProperty({},"a",{get:function(){return 7}}).a})},function(t,e){var n={}.toString;t.exports=function(t){return n.call(t).slice(8,-1)}},function(t,e,n){var r=n(5),o=n(0),i=o["__core-js_shared__"]||(o["__core-js_shared__"]={});(t.exports=function(t,e){return i[t]||(i[t]=void 0!==e?e:{})})("versions",[]).push({version:r.version,mode:n(18)?"pure":"global",copyright:"© 2019 Denis Pushkarev (zloirock.ru)"})},function(t,e){var n=0,r=Math.random();t.exports=function(t){return"Symbol(".concat(void 0===t?"":t,")_",(++n+r).toString(36))}},function(t,e){t.exports=function(t){if("function"!=typeof t)throw TypeError(t+" is not a function!");return t}},function(t,e){var n=Math.ceil,r=Math.floor;t.exports=function(t){return isNaN(t=+t)?0:(t>0?r:n)(t)}},function(t,e){t.exports=function(t){if(null==t)throw TypeError("Can't call method on  "+t);return t}},function(t,e,n){var r=n(0),o=n(7),i=n(34),u=n(11)("src"),c=n(35),a=(""+c).split("toString");n(5).inspectSource=function(t){return c.call(t)},(t.exports=function(t,e,n,c){var l="function"==typeof n;l&&(i(n,"name")||o(n,"name",e)),t[e]!==n&&(l&&(i(n,u)||o(n,u,t[e]?""+t[e]:a.join(String(e)))),t===r?t[e]=n:c?t[e]?t[e]=n:o(t,e,n):(delete t[e],o(t,e,n)))})(Function.prototype,"toString",function(){return"function"==typeof this&&this[u]||c.call(this)})},function(t,e,n){"use strict";var r=n(17),o=n(3),i=n(19),u=n(20),c=n(22),a=n(23),l=n(6),f=n(4),s=Math.min,p=[].push,d=!f(function(){RegExp(4294967295,"y")});n(26)("split",2,function(t,e,n,f){var v;return v="c"=="abbc".split(/(b)*/)[1]||4!="test".split(/(?:)/,-1).length||2!="ab".split(/(?:ab)*/).length||4!=".".split(/(.?)(.?)/).length||".".split(/()()/).length>1||"".split(/.?/).length?function(t,e){var o=String(this);if(void 0===t&&0===e)return[];if(!r(t))return n.call(o,t,e);for(var i,u,c,a=[],f=(t.ignoreCase?"i":"")+(t.multiline?"m":"")+(t.unicode?"u":"")+(t.sticky?"y":""),s=0,d=void 0===e?4294967295:e>>>0,v=new RegExp(t.source,f+"g");(i=l.call(v,o))&&!((u=v.lastIndex)>s&&(a.push(o.slice(s,i.index)),i.length>1&&i.index<o.length&&p.apply(a,i.slice(1)),c=i[0].length,s=u,a.length>=d));)v.lastIndex===i.index&&v.lastIndex++;return s===o.length?!c&&v.test("")||a.push(""):a.push(o.slice(s)),a.length>d?a.slice(0,d):a}:"0".split(void 0,0).length?function(t,e){return void 0===t&&0===e?[]:n.call(this,t,e)}:n,[function(n,r){var o=t(this),i=null==n?void 0:n[e];return void 0!==i?i.call(n,o,r):v.call(String(o),n,r)},function(t,e){var r=f(v,t,this,e,v!==n);if(r.done)return r.value;var l=o(t),p=String(this),g=i(l,RegExp),h=l.unicode,y=(l.ignoreCase?"i":"")+(l.multiline?"m":"")+(l.unicode?"u":"")+(d?"y":"g"),x=new g(d?l:"^(?:"+l.source+")",y),m=void 0===e?4294967295:e>>>0;if(0===m)return[];if(0===p.length)return null===a(x,p)?[p]:[];for(var b=0,E=0,S=[];E<p.length;){x.lastIndex=d?E:0;var w,_=a(x,d?p:p.slice(E));if(null===_||(w=s(c(x.lastIndex+(d?0:E)),p.length))===b)E=u(p,E,h);else{if(S.push(p.slice(b,E)),S.length===m)return S;for(var j=1;j<=_.length-1;j++)if(S.push(_[j]),S.length===m)return S;E=b=w}}return S.push(p.slice(b)),S}]})},function(t,e,n){var r=n(1),o=n(9),i=n(2)("match");t.exports=function(t){var e;return r(t)&&(void 0!==(e=t[i])?!!e:"RegExp"==o(t))}},function(t,e){t.exports=!1},function(t,e,n){var r=n(3),o=n(12),i=n(2)("species");t.exports=function(t,e){var n,u=r(t).constructor;return void 0===u||null==(n=r(u)[i])?e:o(n)}},function(t,e,n){"use strict";var r=n(21)(!0);t.exports=function(t,e,n){return e+(n?r(t,e).length:1)}},function(t,e,n){var r=n(13),o=n(14);t.exports=function(t){return function(e,n){var i,u,c=String(o(e)),a=r(n),l=c.length;return a<0||a>=l?t?"":void 0:(i=c.charCodeAt(a))<55296||i>56319||a+1===l||(u=c.charCodeAt(a+1))<56320||u>57343?t?c.charAt(a):i:t?c.slice(a,a+2):u-56320+(i-55296<<10)+65536}}},function(t,e,n){var r=n(13),o=Math.min;t.exports=function(t){return t>0?o(r(t),9007199254740991):0}},function(t,e,n){"use strict";var r=n(24),o=RegExp.prototype.exec;t.exports=function(t,e){var n=t.exec;if("function"==typeof n){var i=n.call(t,e);if("object"!=typeof i)throw new TypeError("RegExp exec method returned something other than an Object or null");return i}if("RegExp"!==r(t))throw new TypeError("RegExp#exec called on incompatible receiver");return o.call(t,e)}},function(t,e,n){var r=n(9),o=n(2)("toStringTag"),i="Arguments"==r(function(){return arguments}());t.exports=function(t){var e,n,u;return void 0===t?"Undefined":null===t?"Null":"string"==typeof(n=function(t,e){try{return t[e]}catch(t){}}(e=Object(t),o))?n:i?r(e):"Object"==(u=r(e))&&"function"==typeof e.callee?"Arguments":u}},function(t,e,n){"use strict";var r=n(3);t.exports=function(){var t=r(this),e="";return t.global&&(e+="g"),t.ignoreCase&&(e+="i"),t.multiline&&(e+="m"),t.unicode&&(e+="u"),t.sticky&&(e+="y"),e}},function(t,e,n){"use strict";n(27);var r=n(15),o=n(7),i=n(4),u=n(14),c=n(2),a=n(6),l=c("species"),f=!i(function(){var t=/./;return t.exec=function(){var t=[];return t.groups={a:"7"},t},"7"!=="".replace(t,"$<a>")}),s=function(){var t=/(?:)/,e=t.exec;t.exec=function(){return e.apply(this,arguments)};var n="ab".split(t);return 2===n.length&&"a"===n[0]&&"b"===n[1]}();t.exports=function(t,e,n){var p=c(t),d=!i(function(){var e={};return e[p]=function(){return 7},7!=""[t](e)}),v=d?!i(function(){var e=!1,n=/a/;return n.exec=function(){return e=!0,null},"split"===t&&(n.constructor={},n.constructor[l]=function(){return n}),n[p](""),!e}):void 0;if(!d||!v||"replace"===t&&!f||"split"===t&&!s){var g=/./[p],h=n(u,p,""[t],function(t,e,n,r,o){return e.exec===a?d&&!o?{done:!0,value:g.call(e,n,r)}:{done:!0,value:t.call(n,e,r)}:{done:!1}}),y=h[0],x=h[1];r(String.prototype,t,y),o(RegExp.prototype,p,2==e?function(t,e){return x.call(t,this,e)}:function(t){return x.call(t,this)})}}},function(t,e,n){"use strict";var r=n(6);n(28)({target:"RegExp",proto:!0,forced:r!==/./.exec},{exec:r})},function(t,e,n){var r=n(0),o=n(5),i=n(7),u=n(15),c=n(36),a=function(t,e,n){var l,f,s,p,d=t&a.F,v=t&a.G,g=t&a.S,h=t&a.P,y=t&a.B,x=v?r:g?r[e]||(r[e]={}):(r[e]||{}).prototype,m=v?o:o[e]||(o[e]={}),b=m.prototype||(m.prototype={});for(l in v&&(n=e),n)s=((f=!d&&x&&void 0!==x[l])?x:n)[l],p=y&&f?c(s,r):h&&"function"==typeof s?c(Function.call,s):s,x&&u(x,l,s,t&a.U),m[l]!=s&&i(m,l,p),h&&b[l]!=s&&(b[l]=s)};r.core=o,a.F=1,a.G=2,a.S=4,a.P=8,a.B=16,a.W=32,a.U=64,a.R=128,t.exports=a},function(t,e,n){var r=n(3),o=n(30),i=n(32),u=Object.defineProperty;e.f=n(8)?Object.defineProperty:function(t,e,n){if(r(t),e=i(e,!0),r(n),o)try{return u(t,e,n)}catch(t){}if("get"in n||"set"in n)throw TypeError("Accessors not supported!");return"value"in n&&(t[e]=n.value),t}},function(t,e,n){t.exports=!n(8)&&!n(4)(function(){return 7!=Object.defineProperty(n(31)("div"),"a",{get:function(){return 7}}).a})},function(t,e,n){var r=n(1),o=n(0).document,i=r(o)&&r(o.createElement);t.exports=function(t){return i?o.createElement(t):{}}},function(t,e,n){var r=n(1);t.exports=function(t,e){if(!r(t))return t;var n,o;if(e&&"function"==typeof(n=t.toString)&&!r(o=n.call(t)))return o;if("function"==typeof(n=t.valueOf)&&!r(o=n.call(t)))return o;if(!e&&"function"==typeof(n=t.toString)&&!r(o=n.call(t)))return o;throw TypeError("Can't convert object to primitive value")}},function(t,e){t.exports=function(t,e){return{enumerable:!(1&t),configurable:!(2&t),writable:!(4&t),value:e}}},function(t,e){var n={}.hasOwnProperty;t.exports=function(t,e){return n.call(t,e)}},function(t,e,n){t.exports=n(10)("native-function-to-string",Function.toString)},function(t,e,n){var r=n(12);t.exports=function(t,e,n){if(r(t),void 0===e)return t;switch(n){case 1:return function(n){return t.call(e,n)};case 2:return function(n,r){return t.call(e,n,r)};case 3:return function(n,r,o){return t.call(e,n,r,o)}}return function(){return t.apply(e,arguments)}}},function(t,e,n){"use strict";n.r(e),n(16);var r=function(t){var e=t.split("/").pop(),n=function(t){var e;return"function"==typeof window.Event?e=new Event(t):document.createEvent&&(e=document.createEvent("Event")).initEvent(t,!0,!0),e}("".concat(e,":loaded"));window.dispatchEvent(n)},o=function(t,e){for(;t[e[0]];){var n=e.shift();t[n].executed||(t[n].callback(),t[n].executed=!0,r(n))}},i=function(){return"currentScript"in document},u=function t(e,n,i,u){var c=(e.target||e.srcElement).getAttribute("src");n[c].removeEventListener("load",t),n[c].setAttribute("data-loaded","true"),i[c]||(i[c]={executed:!0},r(c)),delete n[c],o(i,u)},c=function(t,e,n,r){var o=function(){var t=document.createElement("script");return t.setAttribute("data-loaded","false"),t.type="text/javascript",t.charset="utf-8",t.async=i(),t}();return o.addEventListener("load",function(t){u(t,e,n,r)}),e[t]=o,o.src=t,e[t]};function a(t){var e=t.target||t.srcElement;e.setAttribute("media","all"),e.removeEventListener("load",a)}var l=function(){var t=document.getElementById("deferred-styles");if(t){var e=document.createElement("div");e.innerHTML=t.textContent;for(var n=e.getElementsByTagName("link"),r=0;r<n.length;r+=1)n[r].setAttribute("media","gertcha"),n[r].addEventListener("load",a);document.body.appendChild(e),t.parentElement.removeChild(t)}};n.d(e,"addDependencyQueue",function(){return g}),n.d(e,"_init",function(){return x}),n.d(e,"hasCurrentScript",function(){return i});var f={},s=[],p={},d=document.getElementsByTagName("head")[0];function v(t){var e=document.currentScript||v.currentScript;if(e){var n=e&&e.getAttribute("src");f[n]||(f[n]={callback:t,executed:!1}),o(f,s)}}function g(t){for(var e=0,n=t.length;e<n;e+=1){var r=t[e];if(!f[r]&&!p[r]){s.push(r);var o=c(r,p,f,s);d.appendChild(o)}}}function h(t){for(var e=0;e<t.length;e+=1)t[e]&&g(JSON.parse(t[e].innerHTML))}function y(){h(document.body.querySelectorAll("script[data-dependencies=deferred]")),requestAnimationFrame(l)}function x(){"loading"===document.readyState?document.addEventListener("DOMContentLoaded",y):y()}i()||Object.defineProperty(v,"currentScript",{get:function(){return d.querySelectorAll("script[data-loaded=false]")[0]}}),h(d.querySelectorAll("script[data-dependencies=immediate]")),window.addEventListener("load",function(){h(document.body.querySelectorAll("script[data-dependencies=late]"))}),x(),window.gertcha=v,v.addDependencyQueue=g,e.default=v}]));window.dataLayer = [{'cookiePreferences': JSON.parse(document.getElementById('cookiePreferences').innerText),'env':'container-prd','gtm.start':Date.now(),'event':'gtm.js'}];</script>
  <style data-styled="active" data-styled-version="5.3.3"></style>
<script nonce="">bazadebezolkohpepadr="192571967"</script><script type="text/javascript" src="./tesco_html_brand_healthbeauty_files/b7a69ef" nonce="" defer=""></script><script data-loaded="true" type="text/javascript" charset="utf-8" async="" src="./tesco_html_brand_healthbeauty_files/UK-554ab7b42e.en-GB.js.download"></script><script data-loaded="true" type="text/javascript" charset="utf-8" async="" src="./tesco_html_brand_healthbeauty_files/static-vendor.bundle.07a529d39fa55b5a4b98.js.download"></script><script data-loaded="true" type="text/javascript" charset="utf-8" async="" src="./tesco_html_brand_healthbeauty_files/static-common.bundle.926c5e26d972ffce7b3f.js.download"></script><script data-loaded="true" type="text/javascript" charset="utf-8" async="" src="./tesco_html_brand_healthbeauty_files/static-categories.bundle.64935db59419f99294a0.js.download"></script><script data-loaded="true" type="text/javascript" charset="utf-8" async="" src="./tesco_html_brand_healthbeauty_files/gtm.js.download"></script><script data-loaded="true" type="text/javascript" charset="utf-8" async="" src="./tesco_html_brand_healthbeauty_files/gpt.js.download"></script><meta http-equiv="origin-trial" content="Az6AfRvI8mo7yiW5fLfj04W21t0ig6aMsGYpIqMTaX60H+b0DkO1uDr+7BrzMcimWzv/X7SXR8jI+uvbV0IJlwYAAACFeyJvcmlnaW4iOiJodHRwczovL2RvdWJsZWNsaWNrLm5ldDo0NDMiLCJmZWF0dXJlIjoiUHJpdmFjeVNhbmRib3hBZHNBUElzIiwiZXhwaXJ5IjoxNjgwNjUyNzk5LCJpc1N1YmRvbWFpbiI6dHJ1ZSwiaXNUaGlyZFBhcnR5Ijp0cnVlfQ=="><meta http-equiv="origin-trial" content="A+USTya+tNvDPaxUgJooz+LaVk5hPoAxpLvSxjogX4Mk8awCTQ9iop6zJ9d5ldgU7WmHqBlnQB41LHHRFxoaBwoAAACLeyJvcmlnaW4iOiJodHRwczovL2dvb2dsZXN5bmRpY2F0aW9uLmNvbTo0NDMiLCJmZWF0dXJlIjoiUHJpdmFjeVNhbmRib3hBZHNBUElzIiwiZXhwaXJ5IjoxNjgwNjUyNzk5LCJpc1N1YmRvbWFpbiI6dHJ1ZSwiaXNUaGlyZFBhcnR5Ijp0cnVlfQ=="><meta http-equiv="origin-trial" content="A7FovoGr67TUBYbnY+Z0IKoJbbmRmB8fCyirUGHavNDtD91CiGyHHSA2hDG9r9T3NjUKFi6egL3RbgTwhhcVDwUAAACLeyJvcmlnaW4iOiJodHRwczovL2dvb2dsZXRhZ3NlcnZpY2VzLmNvbTo0NDMiLCJmZWF0dXJlIjoiUHJpdmFjeVNhbmRib3hBZHNBUElzIiwiZXhwaXJ5IjoxNjgwNjUyNzk5LCJpc1N1YmRvbWFpbiI6dHJ1ZSwiaXNUaGlyZFBhcnR5Ijp0cnVlfQ=="><script src="./tesco_html_brand_healthbeauty_files/pubads_impl_2022111501.js.download" nonce="" async=""></script><script id="gtagScr" src="./tesco_html_brand_healthbeauty_files/js"></script><script charset="utf-8" src="./tesco_html_brand_healthbeauty_files/dynamic-home.bundle.a8f2468331d996c0d6b6.js.download"></script></head>
<body id="data-attributes" data-language="en-GB" data-page="spa.js" data-app-name="prd" data-assets="{&quot;\u002Fimages\u002FHP_newuser_1.png&quot;:&quot;\u002Fimages\u002FHP_newuser_1-49fe2a5008.png&quot;,&quot;\u002Fimages\u002FHP_newuser_2.png&quot;:&quot;\u002Fimages\u002FHP_newuser_2-8954c4520e.png&quot;,&quot;\u002Fimages\u002FHP_newuser_3.png&quot;:&quot;\u002Fimages\u002FHP_newuser_3-96bc33ae4d.png&quot;,&quot;\u002Fimages\u002FHP_newuser_browse.png&quot;:&quot;\u002Fimages\u002FHP_newuser_browse-16d489042d.png&quot;,&quot;\u002Fimages\u002FHP_newuser_div.png&quot;:&quot;\u002Fimages\u002FHP_newuser_div-524b95e70d.png&quot;,&quot;\u002Fimages\u002FHP_newuser_pay.png&quot;:&quot;\u002Fimages\u002FHP_newuser_pay-577f94bf07.png&quot;,&quot;\u002Fimages\u002FHP_newuser_slot.png&quot;:&quot;\u002Fimages\u002FHP_newuser_slot-635faa26be.png&quot;,&quot;\u002Fimages\u002Fapple_contextcards.png&quot;:&quot;\u002Fimages\u002Fapple_contextcards-505ee64a75.png&quot;,&quot;\u002Fimages\u002Fbarbecue.jpg&quot;:&quot;\u002Fimages\u002Fbarbecue-3dfdb51489.jpg&quot;,&quot;\u002Fimages\u002Fbasket_icon.png&quot;:&quot;\u002Fimages\u002Fbasket_icon-32a5b5366f.png&quot;,&quot;\u002Fimages\u002Fbasket_icon.svg&quot;:&quot;\u002Fimages\u002Fbasket_icon-d551d82ae9.svg&quot;,&quot;\u002Fimages\u002Fboil.jpg&quot;:&quot;\u002Fimages\u002Fboil-bb437ff173.jpg&quot;,&quot;\u002Fimages\u002Fboil_bag.jpg&quot;:&quot;\u002Fimages\u002Fboil_bag-cb1abb96a9.jpg&quot;,&quot;\u002Fimages\u002Fbook_collection.png&quot;:&quot;\u002Fimages\u002Fbook_collection-27c9b8a110.png&quot;,&quot;\u002Fimages\u002Fbroken_eggs.png&quot;:&quot;\u002Fimages\u002Fbroken_eggs-261bc9a1d5.png&quot;,&quot;\u002Fimages\u002Fcherries.jpg&quot;:&quot;\u002Fimages\u002Fcherries-a9aa59cd06.jpg&quot;,&quot;\u002Fimages\u002Fcoffee_1.jpg&quot;:&quot;\u002Fimages\u002Fcoffee_1-2aabb3766a.jpg&quot;,&quot;\u002Fimages\u002Fcoffee_2.jpg&quot;:&quot;\u002Fimages\u002Fcoffee_2-8446fc55d2.jpg&quot;,&quot;\u002Fimages\u002Fcoffee_3.jpg&quot;:&quot;\u002Fimages\u002Fcoffee_3-185849a734.jpg&quot;,&quot;\u002Fimages\u002Fcoffee_4.jpg&quot;:&quot;\u002Fimages\u002Fcoffee_4-45ee1672ac.jpg&quot;,&quot;\u002Fimages\u002Fcoffee_5.jpg&quot;:&quot;\u002Fimages\u002Fcoffee_5-610a6325be.jpg&quot;,&quot;\u002Fimages\u002Fcogs.png&quot;:&quot;\u002Fimages\u002Fcogs-57335b794c.png&quot;,&quot;\u002Fimages\u002Fcollection_header.png&quot;:&quot;\u002Fimages\u002Fcollection_header-7f3c9dd017.png&quot;,&quot;\u002Fimages\u002Fcollection_step1.jpg&quot;:&quot;\u002Fimages\u002Fcollection_step1-8b062e06d3.jpg&quot;,&quot;\u002Fimages\u002Fcollection_step2.jpg&quot;:&quot;\u002Fimages\u002Fcollection_step2-35aa5b664f.jpg&quot;,&quot;\u002Fimages\u002Fcollection_step3.jpg&quot;:&quot;\u002Fimages\u002Fcollection_step3-001c9c3a84.jpg&quot;,&quot;\u002Fimages\u002Fcollection_step4.jpg&quot;:&quot;\u002Fimages\u002Fcollection_step4-1b3c493b88.jpg&quot;,&quot;\u002Fimages\u002Fdbd-registered.png&quot;:&quot;\u002Fimages\u002Fdbd-registered-1b8c83e84f.png&quot;,&quot;\u002Fimages\u002Fdeep_fry.jpg&quot;:&quot;\u002Fimages\u002Fdeep_fry-59e4d19c3b.jpg&quot;,&quot;\u002Fimages\u002Fdefault-image.png&quot;:&quot;\u002Fimages\u002Fdefault-image-c2ed3e2419.png&quot;,&quot;\u002Fimages\u002Fdefrost.jpg&quot;:&quot;\u002Fimages\u002Fdefrost-755e6e640f.jpg&quot;,&quot;\u002Fimages\u002Fdelivery_header.png&quot;:&quot;\u002Fimages\u002Fdelivery_header-18b6f2faef.png&quot;,&quot;\u002Fimages\u002Fdirect-marketing.png&quot;:&quot;\u002Fimages\u002Fdirect-marketing-074cdccbb0.png&quot;,&quot;\u002Fimages\u002Fdolphin_friendly.jpg&quot;:&quot;\u002Fimages\u002Fdolphin_friendly-124c28bb1a.jpg&quot;,&quot;\u002Fimages\u002Feuro-promo-bubble.png&quot;:&quot;\u002Fimages\u002Feuro-promo-bubble-cc0b9919eb.png&quot;,&quot;\u002Fimages\u002Fgiab_book_collection.png&quot;:&quot;\u002Fimages\u002Fgiab_book_collection-27c9b8a110.png&quot;,&quot;\u002Fimages\u002Fgradient.png&quot;:&quot;\u002Fimages\u002Fgradient-197811737f.png&quot;,&quot;\u002Fimages\u002Fgreen-point.png&quot;:&quot;\u002Fimages\u002Fgreen-point-cf3ca5d09d.png&quot;,&quot;\u002Fimages\u002Fgreen-point_grey-bg.png&quot;:&quot;\u002Fimages\u002Fgreen-point_grey-bg-c861ebb31d.png&quot;,&quot;\u002Fimages\u002Fgrey-point.png&quot;:&quot;\u002Fimages\u002Fgrey-point-bd795b8979.png&quot;,&quot;\u002Fimages\u002Fgrey-point_grey-bg.png&quot;:&quot;\u002Fimages\u002Fgrey-point_grey-bg-31f632b2a8.png&quot;,&quot;\u002Fimages\u002Fgrill.jpg&quot;:&quot;\u002Fimages\u002Fgrill-0daa649260.jpg&quot;,&quot;\u002Fimages\u002Fheader-banner.jpg&quot;:&quot;\u002Fimages\u002Fheader-banner-6c69dbe105.jpg&quot;,&quot;\u002Fimages\u002Fhob.jpg&quot;:&quot;\u002Fimages\u002Fhob-a173911a57.jpg&quot;,&quot;\u002Fimages\u002Fhot_curry.jpg&quot;:&quot;\u002Fimages\u002Fhot_curry-f7593b9696.jpg&quot;,&quot;\u002Fimages\u002Fimage_tomato.png&quot;:&quot;\u002Fimages\u002Fimage_tomato-97d2cff0c0.png&quot;,&quot;\u002Fimages\u002Fimage_tomato@2x.png&quot;:&quot;\u002Fimages\u002Fimage_tomato@2x-0e16be613d.png&quot;,&quot;\u002Fimages\u002Finspirational-content\u002Ftray-bake.jpg&quot;:&quot;\u002Fimages\u002Finspirational-content\u002Ftray-bake-b63acc2dd0.jpg&quot;,&quot;\u002Fimages\u002Fkosher.jpg&quot;:&quot;\u002Fimages\u002Fkosher-ab0a67484e.jpg&quot;,&quot;\u002Fimages\u002Flogo-authorised-seller-medicines.jpg&quot;:&quot;\u002Fimages\u002Flogo-authorised-seller-medicines-73c1865e7c.jpg&quot;,&quot;\u002Fimages\u002Flow_fat.jpg&quot;:&quot;\u002Fimages\u002Flow_fat-c0b589aa82.jpg&quot;,&quot;\u002Fimages\u002Flow_gi.jpg&quot;:&quot;\u002Fimages\u002Flow_gi-0af81a4e2f.jpg&quot;,&quot;\u002Fimages\u002Flow_salt.jpg&quot;:&quot;\u002Fimages\u002Flow_salt-0ac4aeb027.jpg&quot;,&quot;\u002Fimages\u002Flow_saturates.jpg&quot;:&quot;\u002Fimages\u002Flow_saturates-443bfdad24.jpg&quot;,&quot;\u002Fimages\u002Fmanvan.png&quot;:&quot;\u002Fimages\u002Fmanvan-33ee5bc635.png&quot;,&quot;\u002Fimages\u002Fmature_cheese.jpg&quot;:&quot;\u002Fimages\u002Fmature_cheese-111779e7a3.jpg&quot;,&quot;\u002Fimages\u002Fmedicine.png&quot;:&quot;\u002Fimages\u002Fmedicine-1d03ae5ff9.png&quot;,&quot;\u002Fimages\u002Fmedium_cheese.jpg&quot;:&quot;\u002Fimages\u002Fmedium_cheese-b8727ad0e7.jpg&quot;,&quot;\u002Fimages\u002Fmedium_curry.jpg&quot;:&quot;\u002Fimages\u002Fmedium_curry-730c7027c8.jpg&quot;,&quot;\u002Fimages\u002Fmedium_gi.jpg&quot;:&quot;\u002Fimages\u002Fmedium_gi-4920aae03e.jpg&quot;,&quot;\u002Fimages\u002Fmicrowave.jpg&quot;:&quot;\u002Fimages\u002Fmicrowave-6cace97efc.jpg&quot;,&quot;\u002Fimages\u002Fmicrowave_bag.jpg&quot;:&quot;\u002Fimages\u002Fmicrowave_bag-4b61fb6e06.jpg&quot;,&quot;\u002Fimages\u002Fmicrowave_tray.jpg&quot;:&quot;\u002Fimages\u002Fmicrowave_tray-95a85d5c00.jpg&quot;,&quot;\u002Fimages\u002Fmild_cheese.jpg&quot;:&quot;\u002Fimages\u002Fmild_cheese-69c5c5542a.jpg&quot;,&quot;\u002Fimages\u002Fmild_curry.jpg&quot;:&quot;\u002Fimages\u002Fmild_curry-5943fbf8c7.jpg&quot;,&quot;\u002Fimages\u002Fmsc.jpg&quot;:&quot;\u002Fimages\u002Fmsc-bfcfc05378.jpg&quot;,&quot;\u002Fimages\u002Fno-image.jpg&quot;:&quot;\u002Fimages\u002Fno-image-af90cc3673.jpg&quot;,&quot;\u002Fimages\u002Forange-point.png&quot;:&quot;\u002Fimages\u002Forange-point-785bafd1d7.png&quot;,&quot;\u002Fimages\u002Forange-point_grey-bg.png&quot;:&quot;\u002Fimages\u002Forange-point_grey-bg-5c3d4e6b0a.png&quot;,&quot;\u002Fimages\u002Fout-of-catchment\u002Fblurred-desktop.jpg&quot;:&quot;\u002Fimages\u002Fout-of-catchment\u002Fblurred-desktop-6ff2f8ba47.jpg&quot;,&quot;\u002Fimages\u002Fout-of-catchment\u002Fblurred-mobile.jpg&quot;:&quot;\u002Fimages\u002Fout-of-catchment\u002Fblurred-mobile-63b83d8d0d.jpg&quot;,&quot;\u002Fimages\u002Fout-of-catchment\u002Fblurred-tablet.jpg&quot;:&quot;\u002Fimages\u002Fout-of-catchment\u002Fblurred-tablet-6f19611880.jpg&quot;,&quot;\u002Fimages\u002Foven.jpg&quot;:&quot;\u002Fimages\u002Foven-62af8dda97.jpg&quot;,&quot;\u002Fimages\u002Foven_frozen.jpg&quot;:&quot;\u002Fimages\u002Foven_frozen-11933107c8.jpg&quot;,&quot;\u002Fimages\u002Fperfect_cook_timer.jpg&quot;:&quot;\u002Fimages\u002Fperfect_cook_timer-08584d05eb.jpg&quot;,&quot;\u002Fimages\u002Fred_tractor.jpg&quot;:&quot;\u002Fimages\u002Fred_tractor-f62d366f99.jpg&quot;,&quot;\u002Fimages\u002Freduced_fat.jpg&quot;:&quot;\u002Fimages\u002Freduced_fat-a495f24be0.jpg&quot;,&quot;\u002Fimages\u002Freduced_salt.jpg&quot;:&quot;\u002Fimages\u002Freduced_salt-74d228ddbd.jpg&quot;,&quot;\u002Fimages\u002Freduced_saturates.jpg&quot;:&quot;\u002Fimages\u002Freduced_saturates-17ed36057e.jpg&quot;,&quot;\u002Fimages\u002Fsadphone.png&quot;:&quot;\u002Fimages\u002Fsadphone-bcfc997261.png&quot;,&quot;\u002Fimages\u002Fsamples\u002FTH-live-chat.png&quot;:&quot;\u002Fimages\u002Fsamples\u002FTH-live-chat-eb75bdacbb.png&quot;,&quot;\u002Fimages\u002Fsamples\u002Fbaby.jpg&quot;:&quot;\u002Fimages\u002Fsamples\u002Fbaby-e9d81c8545.jpg&quot;,&quot;\u002Fimages\u002Fsamples\u002Fbest-sellers.jpg&quot;:&quot;\u002Fimages\u002Fsamples\u002Fbest-sellers-d43a871886.jpg&quot;,&quot;\u002Fimages\u002Fsamples\u002Fbroccoli.jpg&quot;:&quot;\u002Fimages\u002Fsamples\u002Fbroccoli-fd53f37acb.jpg&quot;,&quot;\u002Fimages\u002Fsamples\u002Fclubcard-icon.png&quot;:&quot;\u002Fimages\u002Fsamples\u002Fclubcard-icon-6d0af67bae.png&quot;,&quot;\u002Fimages\u002Fsamples\u002Fdelivery.jpg&quot;:&quot;\u002Fimages\u002Fsamples\u002Fdelivery-d7f137b380.jpg&quot;,&quot;\u002Fimages\u002Fsamples\u002Fdrinks-large.jpg&quot;:&quot;\u002Fimages\u002Fsamples\u002Fdrinks-large-0e6b8dd8b8.jpg&quot;,&quot;\u002Fimages\u002Fsamples\u002Ffood-cupboard.jpg&quot;:&quot;\u002Fimages\u002Fsamples\u002Ffood-cupboard-db40bca55f.jpg&quot;,&quot;\u002Fimages\u002Fsamples\u002Ffresh-food.jpg&quot;:&quot;\u002Fimages\u002Fsamples\u002Ffresh-food-27d4db8d8c.jpg&quot;,&quot;\u002Fimages\u002Fsamples\u002Fguide-price.png&quot;:&quot;\u002Fimages\u002Fsamples\u002Fguide-price-e2bfd5d7ff.png&quot;,&quot;\u002Fimages\u002Fsamples\u002Fhealth-and-beauty.jpg&quot;:&quot;\u002Fimages\u002Fsamples\u002Fhealth-and-beauty-a0f002bb40.jpg&quot;,&quot;\u002Fimages\u002Fsamples\u002Fhealth-beauty-large.jpg&quot;:&quot;\u002Fimages\u002Fsamples\u002Fhealth-beauty-large-3d3ada94fd.jpg&quot;,&quot;\u002Fimages\u002Fsamples\u002Fhousehold.jpg&quot;:&quot;\u002Fimages\u002Fsamples\u002Fhousehold-bb49fd8eeb.jpg&quot;,&quot;\u002Fimages\u002Fsamples\u002Ficon-clickcollect.png&quot;:&quot;\u002Fimages\u002Fsamples\u002Ficon-clickcollect-5a9bf98524.png&quot;,&quot;\u002Fimages\u002Fsamples\u002Ficon-clickcollect.svg&quot;:&quot;\u002Fimages\u002Fsamples\u002Ficon-clickcollect-ebc1a8c432.svg&quot;,&quot;\u002Fimages\u002Fsamples\u002Fimage-unavailable-placeholder-300316.jpg&quot;:&quot;\u002Fimages\u002Fsamples\u002Fimage-unavailable-placeholder-300316-f5410830e5.jpg&quot;,&quot;\u002Fimages\u002Fsamples\u002Fimage-unavailable-placeholder-example.png&quot;:&quot;\u002Fimages\u002Fsamples\u002Fimage-unavailable-placeholder-example-2e0c3ec0c4.png&quot;,&quot;\u002Fimages\u002Fsamples\u002Flabel-icon-red.png&quot;:&quot;\u002Fimages\u002Fsamples\u002Flabel-icon-red-d68988b4e0.png&quot;,&quot;\u002Fimages\u002Fsamples\u002Flabel-icon.png&quot;:&quot;\u002Fimages\u002Fsamples\u002Flabel-icon-83ae1f30a5.png&quot;,&quot;\u002Fimages\u002Fsamples\u002Fman-with-basket.png&quot;:&quot;\u002Fimages\u002Fsamples\u002Fman-with-basket-8c8cccc39f.png&quot;,&quot;\u002Fimages\u002Fsamples\u002Forganic.jpg&quot;:&quot;\u002Fimages\u002Fsamples\u002Forganic-e63bae251c.jpg&quot;,&quot;\u002Fimages\u002Fsamples\u002Fpets.jpg&quot;:&quot;\u002Fimages\u002Fsamples\u002Fpets-e5182b3b78.jpg&quot;,&quot;\u002Fimages\u002Fsamples\u002Fpicnic.jpg&quot;:&quot;\u002Fimages\u002Fsamples\u002Fpicnic-3e487bcda8.jpg&quot;,&quot;\u002Fimages\u002Fsamples\u002Fping.png&quot;:&quot;\u002Fimages\u002Fsamples\u002Fping-ccfcd5b1ef.png&quot;,&quot;\u002Fimages\u002Fsamples\u002Fproducts.png&quot;:&quot;\u002Fimages\u002Fsamples\u002Fproducts-e08b0479a8.png&quot;,&quot;\u002Fimages\u002Fsamples\u002Fpromotions-large-tomatoes.jpg&quot;:&quot;\u002Fimages\u002Fsamples\u002Fpromotions-large-tomatoes-7986a30124.jpg&quot;,&quot;\u002Fimages\u002Fsamples\u002Fready-meals.jpg&quot;:&quot;\u002Fimages\u002Fsamples\u002Fready-meals-4a029e41c8.jpg&quot;,&quot;\u002Fimages\u002Fsamples\u002Fslider\u002FFreshMeat.jpg&quot;:&quot;\u002Fimages\u002Fsamples\u002Fslider\u002FFreshMeat-ad0a01af37.jpg&quot;,&quot;\u002Fimages\u002Fsamples\u002Fslider\u002FReadyMeal.jpg&quot;:&quot;\u002Fimages\u002Fsamples\u002Fslider\u002FReadyMeal-21043b14c8.jpg&quot;,&quot;\u002Fimages\u002Fsamples\u002Fslider\u002FYogurt.jpg&quot;:&quot;\u002Fimages\u002Fsamples\u002Fslider\u002FYogurt-7653a41d7d.jpg&quot;,&quot;\u002Fimages\u002Fsamples\u002Fslider\u002Fsalad.jpg&quot;:&quot;\u002Fimages\u002Fsamples\u002Fslider\u002Fsalad-021375c93c.jpg&quot;,&quot;\u002Fimages\u002Fsamples\u002Ftesco-brand.jpg&quot;:&quot;\u002Fimages\u002Fsamples\u002Ftesco-brand-59608c38d1.jpg&quot;,&quot;\u002Fimages\u002Fsamples\u002Ftruck-tesco-logo.png&quot;:&quot;\u002Fimages\u002Fsamples\u002Ftruck-tesco-logo-0302f48739.png&quot;,&quot;\u002Fimages\u002Fsamples\u002Fyellow_arrow_down.png&quot;:&quot;\u002Fimages\u002Fsamples\u002Fyellow_arrow_down-2e71d59753.png&quot;,&quot;\u002Fimages\u002Fshallow_fry.jpg&quot;:&quot;\u002Fimages\u002Fshallow_fry-b9e26b3bcf.jpg&quot;,&quot;\u002Fimages\u002Fsimmer.jpg&quot;:&quot;\u002Fimages\u002Fsimmer-79caa9fee4.jpg&quot;,&quot;\u002Fimages\u002Fslots-hub\u002Fapple_@2x.png&quot;:&quot;\u002Fimages\u002Fslots-hub\u002Fapple_@2x-673aebfddc.png&quot;,&quot;\u002Fimages\u002Fslots-hub\u002Fapple_normal.png&quot;:&quot;\u002Fimages\u002Fslots-hub\u002Fapple_normal-c2db227686.png&quot;,&quot;\u002Fimages\u002Fslots-hub\u002Fcollection_@2x.png&quot;:&quot;\u002Fimages\u002Fslots-hub\u002Fcollection_@2x-1e807b1ee0.png&quot;,&quot;\u002Fimages\u002Fslots-hub\u002Fcollection_normal.png&quot;:&quot;\u002Fimages\u002Fslots-hub\u002Fcollection_normal-26a196d0b5.png&quot;,&quot;\u002Fimages\u002Fslots-hub\u002Fdelivery_normal.png&quot;:&quot;\u002Fimages\u002Fslots-hub\u002Fdelivery_normal-a249611624.png&quot;,&quot;\u002Fimages\u002Fslots-hub\u002Fdelivery_van@2x.png&quot;:&quot;\u002Fimages\u002Fslots-hub\u002Fdelivery_van@2x-a47060a442.png&quot;,&quot;\u002Fimages\u002Fslots-hub\u002Ffree_trial.png&quot;:&quot;\u002Fimages\u002Fslots-hub\u002Ffree_trial-4209f25f2a.png&quot;,&quot;\u002Fimages\u002Fslots-hub\u002Ffree_trial_2x.png&quot;:&quot;\u002Fimages\u002Fslots-hub\u002Ffree_trial_2x-2ae4d3804c.png&quot;,&quot;\u002Fimages\u002Fslots-hub\u002Fie\u002Fdelivery_van@2x.png&quot;:&quot;\u002Fimages\u002Fslots-hub\u002Fie\u002Fdelivery_van@2x-6e7bf3e7ba.png&quot;,&quot;\u002Fimages\u002Fslots-hub\u002Fmotorcycle@2x.png&quot;:&quot;\u002Fimages\u002Fslots-hub\u002Fmotorcycle@2x-7eccc617aa.png&quot;,&quot;\u002Fimages\u002Fslots-hub\u002Fondemand-whoosh@2x.png&quot;:&quot;\u002Fimages\u002Fslots-hub\u002Fondemand-whoosh@2x-567b31e8e8.png&quot;,&quot;\u002Fimages\u002Fslots-hub\u002Fondemandcollection-whoosh@2x.png&quot;:&quot;\u002Fimages\u002Fslots-hub\u002Fondemandcollection-whoosh@2x-7e0ef87982.png&quot;,&quot;\u002Fimages\u002Fslots-hub\u002Fprice-free.png&quot;:&quot;\u002Fimages\u002Fslots-hub\u002Fprice-free-18ebd82c03.png&quot;,&quot;\u002Fimages\u002Fslots-hub\u002Fprice-from.png&quot;:&quot;\u002Fimages\u002Fslots-hub\u002Fprice-from-5e4a19c30f.png&quot;,&quot;\u002Fimages\u002Fsteam.jpg&quot;:&quot;\u002Fimages\u002Fsteam-734da45ed2.jpg&quot;,&quot;\u002Fimages\u002Fstir_fry.jpg&quot;:&quot;\u002Fimages\u002Fstir_fry-d490111a66.jpg&quot;,&quot;\u002Fimages\u002Fsuitable_for_home_freezing.jpg&quot;:&quot;\u002Fimages\u002Fsuitable_for_home_freezing-7278624a1a.jpg&quot;,&quot;\u002Fimages\u002Ftea_1.jpg&quot;:&quot;\u002Fimages\u002Ftea_1-f4e695c3b4.jpg&quot;,&quot;\u002Fimages\u002Ftea_2.jpg&quot;:&quot;\u002Fimages\u002Ftea_2-bbdc4c8abe.jpg&quot;,&quot;\u002Fimages\u002Ftea_3.jpg&quot;:&quot;\u002Fimages\u002Ftea_3-724adb9c61.jpg&quot;,&quot;\u002Fimages\u002Ftea_4.jpg&quot;:&quot;\u002Fimages\u002Ftea_4-c32f58cd7f.jpg&quot;,&quot;\u002Fimages\u002Ftea_5.jpg&quot;:&quot;\u002Fimages\u002Ftea_5-5b68628c35.jpg&quot;,&quot;\u002Fimages\u002Ftesco_logo.png&quot;:&quot;\u002Fimages\u002Ftesco_logo-7fdd0f8480.png&quot;,&quot;\u002Fimages\u002Ftoast.jpg&quot;:&quot;\u002Fimages\u002Ftoast-1a28be72db.jpg&quot;,&quot;\u002Fimages\u002Fvegan.jpg&quot;:&quot;\u002Fimages\u002Fvegan-7bf83082ad.jpg&quot;,&quot;\u002Fimages\u002Fvegetarian.jpg&quot;:&quot;\u002Fimages\u002Fvegetarian-8abf6db5ad.jpg&quot;,&quot;\u002Fimages\u002Fwaiting-room.jpg&quot;:&quot;\u002Fimages\u002Fwaiting-room-2e019bd025.jpg&quot;,&quot;\u002Fimages\u002Fwine_1.jpg&quot;:&quot;\u002Fimages\u002Fwine_1-65cb457a59.jpg&quot;,&quot;\u002Fimages\u002Fwine_2.jpg&quot;:&quot;\u002Fimages\u002Fwine_2-3bba8cd58a.jpg&quot;,&quot;\u002Fimages\u002Fwine_3.jpg&quot;:&quot;\u002Fimages\u002Fwine_3-69cf95bf91.jpg&quot;,&quot;\u002Fimages\u002Fwine_4.jpg&quot;:&quot;\u002Fimages\u002Fwine_4-3c04211129.jpg&quot;,&quot;\u002Fimages\u002Fwine_5.jpg&quot;:&quot;\u002Fimages\u002Fwine_5-d497b4f04e.jpg&quot;,&quot;\u002Fimages\u002Fwine_6.jpg&quot;:&quot;\u002Fimages\u002Fwine_6-182b494026.jpg&quot;,&quot;\u002Fimages\u002Fwine_7.jpg&quot;:&quot;\u002Fimages\u002Fwine_7-49b82728f3.jpg&quot;,&quot;\u002Fimages\u002Fwine_8.jpg&quot;:&quot;\u002Fimages\u002Fwine_8-01de558a33.jpg&quot;,&quot;\u002Fimages\u002Fwine_a.jpg&quot;:&quot;\u002Fimages\u002Fwine_a-981caeb691.jpg&quot;,&quot;\u002Fimages\u002Fwine_b.jpg&quot;:&quot;\u002Fimages\u002Fwine_b-31be5a1750.jpg&quot;,&quot;\u002Fimages\u002Fwine_c.jpg&quot;:&quot;\u002Fimages\u002Fwine_c-031a0b27eb.jpg&quot;,&quot;\u002Fimages\u002Fwine_d.jpg&quot;:&quot;\u002Fimages\u002Fwine_d-2488cb3701.jpg&quot;,&quot;\u002Fimages\u002Fwine_e.jpg&quot;:&quot;\u002Fimages\u002Fwine_e-613120eb78.jpg&quot;,&quot;\u002Fimages\u002Fxmas-buylist-modal\u002FChristmas-Food-Phase3-sides.jpg&quot;:&quot;\u002Fimages\u002Fxmas-buylist-modal\u002FChristmas-Food-Phase3-sides-a085cb55cb.jpg&quot;,&quot;\u002Fimages\u002Fxmas-buylist-modal\u002FChristmas-Food-Phase3-turkey.jpg&quot;:&quot;\u002Fimages\u002Fxmas-buylist-modal\u002FChristmas-Food-Phase3-turkey-dec4d2643f.jpg&quot;,&quot;\u002Fimages\u002Fxmas-buylist-modal\u002FCracklingGammonJointMapleBourbonGlaze.jpg&quot;:&quot;\u002Fimages\u002Fxmas-buylist-modal\u002FCracklingGammonJointMapleBourbonGlaze-7e260b6c21.jpg&quot;,&quot;\u002Fimages\u002Fxmas-buylist-modal\u002FFinestChocolateOrangeGingerCake_Option_3.jpg&quot;:&quot;\u002Fimages\u002Fxmas-buylist-modal\u002FFinestChocolateOrangeGingerCake_Option_3-520a64c607.jpg&quot;,&quot;\u002Fimages\u002Fxmas-buylist-modal\u002FFinestChristmasDinnerfor2.jpg&quot;:&quot;\u002Fimages\u002Fxmas-buylist-modal\u002FFinestChristmasDinnerfor2-01a3b10f08.jpg&quot;,&quot;\u002Fimages\u002Fxmas-buylist-modal\u002FTesco_Easy_Carve_Lamb_Shoulder_with_Wild_Garlic.jpg&quot;:&quot;\u002Fimages\u002Fxmas-buylist-modal\u002FTesco_Easy_Carve_Lamb_Shoulder_with_Wild_Garlic-ea6767c6e2.jpg&quot;,&quot;\u002Fscripts\u002Fforesee-config.js&quot;:&quot;\u002Fscripts\u002Fforesee-config-5f1688d2fc.js&quot;,&quot;\u002Fstyles\u002Ficons\u002Fsprites\u002Fpng\u002Fpayment-icons.png&quot;:&quot;\u002Fstyles\u002Ficons\u002Fsprites\u002Fpng\u002Fpayment-icons-afc1809efb.png&quot;,&quot;\u002Fstyles\u002Ficons\u002Fsprites\u002Fsvg\u002Fhazardous-icons.svg&quot;:&quot;\u002Fstyles\u002Ficons\u002Fsprites\u002Fsvg\u002Fhazardous-icons-f8a76d4f0d.svg&quot;}" data-device="{&quot;userAgent&quot;:&quot;Mozilla\u002F5.0 (Windows NT 10.0; Win64; x64) AppleWebKit\u002F537.36 (KHTML, like Gecko) Chrome\u002F107.0.0.0 Safari\u002F537.36&quot;,&quot;cutsMustard&quot;:true,&quot;showBrowserWarning&quot;:false,&quot;isStockAndroid&quot;:false,&quot;isOldAndroid&quot;:false,&quot;deviceType&quot;:&quot;desktop&quot;,&quot;browserType&quot;:&quot;Chrome&quot;,&quot;operatingSystem&quot;:&quot;Windows&quot;,&quot;operatingSystemMajorVersion&quot;:10,&quot;osName&quot;:&quot;Windows&quot;,&quot;osMajorVersion&quot;:&quot;10&quot;,&quot;browserVersion&quot;:&quot;107&quot;}" data-csrf-token="0WbpBJF9-cS-fAMl-ByHnl5hECj1JaZiBQ20" data-environment="container" data-features="{&quot;includeFulfilmentOptions&quot;:true,&quot;bypassOptimizelyAndUseFirstNonDefaultVariant&quot;:false,&quot;bypassOptimizelyAndUseDefaultVariant&quot;:false,&quot;GDPRCompliance&quot;:true,&quot;forceFallbackHomePageData&quot;:false,&quot;showSlotsHub&quot;:true,&quot;eventsPage&quot;:true,&quot;feedbackLinks&quot;:true,&quot;foresee&quot;:true,&quot;multiSearchEnabled&quot;:true,&quot;optimizelyEnabled&quot;:true,&quot;debugExperiments&quot;:false,&quot;useEmailWhitelist&quot;:true,&quot;useUpdatedServiceChargeLabels&quot;:true,&quot;allowMultipleAddresses&quot;:true,&quot;dfpProductList&quot;:true,&quot;showShelfLifeInfo&quot;:true,&quot;showPickerNotes&quot;:true,&quot;showLineItemSubstitutionPreference&quot;:true,&quot;enableSubstitutionPreferences&quot;:true,&quot;enableLifestyleAndDietaryProductFilters&quot;:true,&quot;enableRatingsReviewsSubmission&quot;:true,&quot;enableRatingsReviewsListing&quot;:true,&quot;enableVatInvoice&quot;:false,&quot;displayNewFulfilmentUI&quot;:true,&quot;enableWismo&quot;:true,&quot;enableLoginUsingMobileNumber&quot;:false,&quot;showFDOXMessaging&quot;:false,&quot;testDFPBanners&quot;:false,&quot;allowAmendSlot&quot;:true}" data-grocery-domain="www.tesco.com" data-base-path="groceries" data-icons-svg="/groceries/web-assets/styles/icons/data.svg/UK-9c7463c43f.css" data-logged-in-action="" data-region="UK" data-consumer="default" data-external-secure-domain="https://secure.tesco.com" data-timezone="Europe/London" data-user-details="{&quot;isAuthenticated&quot;:false,&quot;isRegistered&quot;:false,&quot;isFirstTimeBuyer&quot;:false,&quot;segments&quot;:[],&quot;atrc&quot;:&quot;f2bd100c-2ff5-43c4-b661-c566f00a1f75&quot;,&quot;storeId&quot;:&quot;3060&quot;,&quot;trkid&quot;:&quot;2ad4ceeb-2df5-436e-9960-9a539674b6aa&quot;}" class="">
<div id="content"><div><div class="content-wrapper  "><div id="sticky-bar-wrapper" class="styled__StickyBarWrapper-m9pl68-0 lirHUY sticky-bar-container"><div id="sticky-bar-cookie-wrapper" class="styled__StickyBarCookieWrapper-m9pl68-1 jQHqgy sticky-bar-ddl"><span></span></div></div><div class="header-wrapper"><nav id="skip-links" aria-label="Skip links"><div role="presentation"><ul class="base-components__BaseList-sc-1mosoyj-2 styled__List-dbleqk-0 hbeGIw kdUHwa styled__SkipToContentStyled-s7psqt-0 kzLKLf skip-to-content beans-skip-to-content__list"><li class="styled__ListItem-dbleqk-1 fhDYUg beans-skip-to-content__list-item"><a class="styled__Anchor-sc-1xbujuz-0 cwkdVr styled__StyledLink-dbleqk-2 jlOzJT beans-skip-to-content__link beans-link__anchor" href="https://www.tesco.com/groceries/en-GB/shop/health-and-beauty/all#main"><span class="styled__Text-sc-1xbujuz-1 ldbwMG beans-link__text">Skip to main content</span></a></li><li class="styled__ListItem-dbleqk-1 fhDYUg beans-skip-to-content__list-item"><a class="styled__Anchor-sc-1xbujuz-0 cwkdVr styled__StyledLink-dbleqk-2 jlOzJT beans-skip-to-content__link beans-link__anchor" href="https://www.tesco.com/groceries/en-GB/shop/health-and-beauty/all#search-input"><span class="styled__Text-sc-1xbujuz-1 ldbwMG beans-link__text">Skip to search</span></a></li><li class="styled__ListItem-dbleqk-1 fhDYUg beans-skip-to-content__list-item"><a class="styled__Anchor-sc-1xbujuz-0 cwkdVr styled__StyledLink-dbleqk-2 jlOzJT beans-skip-to-content__link beans-link__anchor" href="https://www.tesco.com/groceries/en-GB/shop/health-and-beauty/all#mini-trolley"><span class="styled__Text-sc-1xbujuz-1 ldbwMG beans-link__text">Skip to basket</span></a></li></ul></div></nav><nav aria-label="Account links" class="base-components__RootElement-sc-1mosoyj-1 styled__Container-nyybm8-0 kochV fGFLqh utility-header__StyledAppBar-iaq4c3-0 kbJIun utility-bar utility-bar-sticky beans-appbar__container" role="navigation"><div class="base-components__RootElement-sc-1mosoyj-1 styled-slwnqq-0 jptQqM klNHKd styled__StyledGrid-nyybm8-1 biNYOO beans-appbar__grid beans-grid__container"><div class="base-components__RootElement-sc-1mosoyj-1 styled-erqp9a-0 jptQqM eXOEcI styled__StyledRow-nyybm8-2 lmlFRV beans-appbar__row beans-grid__row"><div class="base-components__RootElement-sc-1mosoyj-1 styled-sc-1p7y193-0 jptQqM dToEom styled__StyledColumn-nyybm8-3 odkLa beans-appbar__column beans-grid__column"><ul aria-orientation="horizontal" class="base-components__BaseList-sc-1mosoyj-2 styled__UnorderedList-sc-1jzfemx-0 hbeGIw lfYWQr beans-appbar__menu-list beans-menu__menu-list" direction="leftToRight" orientation="horizontal" role="menubar" tabindex="-1"><li class="styled__ListItem-sc-7fugv7-0 jBBTTu beans-appbar__menu-item beans-menu__menu-item" orientation="horizontal" role="menuitem"><a class="styled__Anchor-sc-1xbujuz-0 bDhkHK beans-menu__menu-item-node beans-link__anchor" role="button" href="https://secure.tesco.com/account/en-GB/register?newReg=true&amp;from=https%3A%2F%2Fwww.tesco.com%2Fgroceries%2Fen-GB%2Fshop%2Ffresh-food%2Fchristmas-fresh-food%2Fall%3Fcount%3D48%26page%3D2" id="utility-header-registration-link" aria-current="false" aria-haspopup="false"><span class="styled__Text-sc-1xbujuz-1 ldbwMG beans-link__text">Register</span></a></li><li class="styled__ListItem-sc-7fugv7-0 jBBTTu beans-appbar__menu-item beans-menu__menu-item" orientation="horizontal" role="menuitem"><a class="styled__Anchor-sc-1xbujuz-0 bDhkHK beans-menu__menu-item-node beans-link__anchor" role="button" href="https://www.tesco.com/account/login/en-GB?from=https%3A%2F%2Fwww.tesco.com%2Fgroceries%2Fen-GB%2Fshop%2Ffresh-food%2Fchristmas-fresh-food%2Fall%3Fcount%3D48%26page%3D2" id="utility-header-login-link" aria-current="false" aria-haspopup="false"><span class="styled__Text-sc-1xbujuz-1 ldbwMG beans-link__text">Sign in</span></a></li><li class="styled__ListItem-sc-7fugv7-0 jBBTTu beans-appbar__menu-item beans-menu__menu-item" orientation="horizontal" role="menuitem" rel="help noopener"><a class="styled__Anchor-sc-1xbujuz-0 bDhkHK beans-menu__menu-item-node beans-link__anchor" role="button" href="https://www.tesco.com/help/contact/" id="utility-header-contact-us-link" rel="help noopener" aria-current="false" aria-haspopup="false"><span class="styled__Text-sc-1xbujuz-1 ldbwMG beans-link__text">Contact us</span></a></li><li class="styled__ListItem-sc-7fugv7-0 jBBTTu beans-appbar__menu-item beans-menu__menu-item" orientation="horizontal" role="menuitem" target="_blank" rel="help noopener"><a class="styled__Anchor-sc-1xbujuz-0 bDhkHK beans-menu__menu-item-node beans-link__anchor" role="button" href="https://www.tesco.com/groceries/en-GB/help/" id="utility-header-help-link" target="_blank" rel="help noopener" aria-current="false" aria-haspopup="false"><span class="styled__Text-sc-1xbujuz-1 ldbwMG beans-link__text">Help</span></a></li></ul></div></div></div></nav><div class="brand-header-wrapper"><header class="brand-header brand-header--sticky brand-header--with-search brand-header--multi-search-enabled"><div class="brand-header__main-column"><div class="brand-header__main"><div class="brand-header__nav-button"><a aria-controls="nav" aria-haspopup="true" aria-expanded="false" role="button" data-auto="burger-menu-icon" class="icon-burger_menu_icon" href="https://www.tesco.com/groceries/en-GB/shop/health-and-beauty/all#nav"><span class="visually-hidden">Open navigation</span></a></div><div class="brand-header__logo"><a href="https://www.tesco.com/groceries/en-GB/" class="brand-logo-link  pull-left" title="Go to homepage"><svg class="beans-dynamic-logo__logo beans-tesco-logo__svg" preserveAspectRatio="xMinYMax meet" viewBox="0 0 121 35" xmlns="http://www.w3.org/2000/svg"><title>Tesco Home</title><defs><path d="M.218 6.389h23.973V.366H.218v6.023z" id="tesco-logo-a"></path><path d="M.376 6.389h23.973V.366H.376z" id="tesco-logo-c"></path><path d="M.11 6.389h23.972V.366H.11v6.023z" id="tesco-logo-e"></path><path d="M.267 6.389H24.24V.366H.267v6.023z" id="tesco-logo-g"></path><path d="M0 6.389h23.973V.366H0v6.023z" id="tesco-logo-i"></path></defs><g fill="none" fill-rule="evenodd"><path d="M84.647 0c2.538 0 4.735.31 6.5.777v5.405c-1.734-1.77-3.776-2.889-6.47-2.889-4.92 0-8.201 3.449-8.201 8.047 0 4.598 3.28 8.046 8.202 8.046 2.693 0 4.735-1.118 6.469-2.889v5.406c-1.765.466-3.962.807-6.5.807-8.512 0-14.671-4.256-14.671-11.37 0-7.115 6.16-11.34 14.67-11.34zM60.474 8.823c4.24.59 7.768 2.082 7.768 6.71 0 5.438-5.138 7.177-10.678 7.147-3.869-.032-7.15-.404-9.564-1.368v-4.877c3.436 2.237 6.964 2.951 9.564 2.951 2.693 0 5.17-.652 5.17-2.702s-2.291-2.548-6.996-3.263C51.683 12.8 48 11.06 47.968 7.052 47.939 1.647 53.046 0 57.936 0c3.158 0 6.222.373 9.038 1.305v5.25c-2.352-2.081-5.85-3.262-9.285-3.262-2.322 0-4.52.746-4.52 2.486 0 2.174 3.25 2.485 7.306 3.044zM37.136 18.92c2.507 0 6.685-.59 8.326-2.05v5.343H27.665c.866-1.025 1.02-1.709 1.02-3.79V4.256c0-2.081-.154-2.765-1.02-3.79h16.868V5.81c-1.64-1.46-5.819-2.05-8.326-2.05h-1.98v5.778h1.454c1.424 0 3.621-.062 5.076-.59v4.287c-1.455-.528-3.652-.59-5.076-.59h-1.455v6.275h2.91zM.984.466h24.42V5.81c-1.733-1.46-5.416-2.05-9.346-2.05v14.57c0 2.175.185 2.765 1.021 3.883h-7.77c.837-1.118 1.022-1.709 1.022-3.883V3.76c-3.93 0-7.614.59-9.347 2.05V.466zM106.48 19.386c-4.426 0-7.304-3.666-7.304-8.046 0-4.412 2.878-8.047 7.305-8.047 4.425 0 7.304 3.635 7.304 8.047 0 4.38-2.879 8.046-7.304 8.046m0-19.386C97.69 0 92.676 5.126 92.676 11.34c0 6.182 5.014 11.34 13.805 11.34 8.79 0 13.804-5.158 13.804-11.34 0-6.214-5.014-11.34-13.804-11.34" fill="#ee1c2e"></path><g transform="translate(95.9 27.755)"><mask fill="#fff" id="tesco-logo-b"><use xlink:href="#tesco-logo-a"></use></mask><path d="M9.37.366h14.747a.08.08 0 0 1 .04.01l.004.001a.055.055 0 0 1 .01.008c.028.028.03.085-.013.126a.153.153 0 0 1-.037.025l-.026.012c-1.713.784-4.008 3.173-4.008 3.173-1.715 1.636-3.001 2.668-5.744 2.668H.283C.24 6.39.22 6.35.217 6.31c0 0 0 .002 0 0a.09.09 0 0 1 .03-.066.422.422 0 0 1 .044-.032C1.835 5.346 4.14 2.948 4.14 2.948 5.084 1.828 6.969.366 9.37.366" fill="#00539f" mask="url(#tesco-logo-b)"></path></g><g transform="translate(71.713 27.755)"><mask fill="#fff" id="tesco-logo-d"><use xlink:href="#tesco-logo-c"></use></mask><path d="M9.527.366h14.748a.08.08 0 0 1 .04.01l.003.001a.055.055 0 0 1 .01.008c.029.028.031.085-.013.126a.153.153 0 0 1-.036.025l-.026.012c-1.714.784-4.008 3.173-4.008 3.173C18.529 5.357 17.244 6.39 14.5 6.39H.44c-.04 0-.062-.039-.064-.08 0 0 0 .002 0 0a.09.09 0 0 1 .03-.066.422.422 0 0 1 .044-.032c1.543-.865 3.847-3.263 3.847-3.263.944-1.12 2.83-2.582 5.23-2.582" fill="#00539f" mask="url(#tesco-logo-d)"></path></g><g transform="translate(47.95 27.755)"><mask fill="#fff" id="tesco-logo-f"><use xlink:href="#tesco-logo-e"></use></mask><path d="M9.26.366h14.748a.08.08 0 0 1 .04.01l.004.001a.055.055 0 0 1 .01.008c.028.028.03.085-.013.126a.153.153 0 0 1-.036.025l-.027.012c-1.713.784-4.008 3.173-4.008 3.173-1.715 1.636-3.001 2.668-5.744 2.668H.174c-.042 0-.063-.039-.065-.08 0 0 0 .002 0 0a.09.09 0 0 1 .03-.066.471.471 0 0 1 .044-.032c1.543-.865 3.848-3.263 3.848-3.263C4.975 1.828 6.86.366 9.261.366" fill="#00539f" mask="url(#tesco-logo-f)"></path></g><g transform="translate(23.763 27.755)"><mask fill="#fff" id="tesco-logo-h"><use xlink:href="#tesco-logo-g"></use></mask><path d="M9.418.366h14.747a.08.08 0 0 1 .04.01l.004.001a.055.055 0 0 1 .01.008c.029.028.031.085-.013.126a.153.153 0 0 1-.036.025l-.026.012c-1.714.784-4.008 3.173-4.008 3.173-1.716 1.636-3.002 2.668-5.745 2.668H.331c-.04 0-.062-.039-.064-.08 0 0 0 .002 0 0a.09.09 0 0 1 .03-.066.422.422 0 0 1 .044-.032c1.543-.865 3.847-3.263 3.847-3.263.944-1.12 2.83-2.582 5.23-2.582" fill="#00539f" mask="url(#tesco-logo-h)"></path></g><g transform="translate(0 27.755)"><mask fill="#fff" id="tesco-logo-j"><use xlink:href="#tesco-logo-i"></use></mask><path d="M9.152.366h14.747a.08.08 0 0 1 .04.01l.004.001a.055.055 0 0 1 .01.008c.028.028.03.085-.013.126a.153.153 0 0 1-.036.025l-.027.012c-1.713.784-4.008 3.173-4.008 3.173-1.715 1.636-3.001 2.668-5.744 2.668H.065C.022 6.39.001 6.35 0 6.31c0 0 0 .002 0 0a.09.09 0 0 1 .03-.066.422.422 0 0 1 .044-.032c1.543-.865 3.848-3.263 3.848-3.263C4.866 1.828 6.75.366 9.152.366" fill="#00539f" mask="url(#tesco-logo-j)"></path></g></g></svg><span class="visually-hidden">Go to homepage</span></a></div><div class="brand-header__guide-price"><button aria-expanded="true" name="hide search" title="hide search" class="brand-header__search-toggle icon-search noselect"></button><a href="https://www.tesco.com/account/login/en-GB?from=https%3A%2F%2Fwww.tesco.com%2Fgroceries%2Fen-GB%2Ftrolley" rel="nofollow" title="Basket"><div class="header-guide-price" data-product-count="0"><div class="header-guide-price--container main-container"><span class="icon-cart"><span class="visually-hidden">Basket</span></span></div><div class="header-guide-price--container status-container"><span class="header-guide-price--spinner"><span class="visually-hidden"></span></span></div></div></a></div></div><div class="brand-header__search" id="brand-header-toggleable"><div class="search-bar search-bar--multi-search-enabled"><form action="https://www.tesco.com/groceries/en-GB/search" method="get" novalidate="" role="search" id="search-form"><label class="obscure" for="search-input">Search</label><input autocapitalize="off" autocomplete="off" autocorrect="off" class="search-bar__input" data-auto="search-input" id="search-input" name="query" placeholder="Search" spellcheck="false" type="search" value=""><button type="submit" class="search-bar__submit icon-search-white">Search</button><span class="icon-search-faded"></span><input name="_csrf" type="hidden" value="0WbpBJF9-cS-fAMl-ByHnl5hECj1JaZiBQ20"></form><a href="https://www.tesco.com/groceries/en-GB/multi-search" class="search-bar__multi-search-link link--chevron" data-auto="multisearch-link">Search with a list of items&nbsp;<span class="icon icon-chevron_right"></span></a></div></div><div class="brand-header__navigation"><nav class="navigation" data-auto="navigation" aria-label="Grocery navigation"><ul class="navigation__nav-items" role="menubar" aria-label="Primary navigation"><li class="nav-item" role="none"><a href="https://www.tesco.com/groceries/en-GB/shop" class="nav-item__link nav-item__link--active" data-auto="nav-item-link" role="menuitem">Groceries<span class="nav-item__chevron"></span></a></li><li class="nav-item" role="none"><a href="https://www.tesco.com/account/login/en-GB?from=https%3A%2F%2Fwww.tesco.com%2Fgroceries%2Fen-GB%2Ffavorites" class="nav-item__link" data-auto="nav-item-link" role="menuitem">My Favourites</a></li><li class="nav-item" role="none"><a href="https://realfood.tesco.com/" class="nav-item__link" data-auto="nav-item-link" role="menuitem" target="_blank">Recipes</a></li><li class="nav-item" role="none"><a href="https://www.tesco.com/groceries/en-GB/promotions" class="nav-item__link" data-auto="nav-item-link" role="menuitem">Special Offers</a></li><li class="nav-item" role="none"><a href="https://www.tesco.com/groceries/en-GB/zone/christmas?icid=topnav_Christmas" class="nav-item__link" data-auto="nav-item-link" role="menuitem">Christmas</a></li><li class="nav-item" role="none"><a href="https://www.tesco.com/DeliverySaver/" class="nav-item__link" data-auto="nav-item-link" role="menuitem" target="_blank">Delivery Saver</a></li></ul></nav></div></div></header><div class="brand-header__spacer"></div><div aria-hidden="true" class="overlay" style=""></div><div class="brand-header__backdrop"></div></div></div><div role="main" id="main" class="has-trolley main"><div class="main__content"><div><div class="results-page"><div id="product-list" class="page-container"><div id="top"></div><div class="product-list-view has-trolley"><div class="breadcrumbs"><div class="breadcrumbs__content"><nav aria-label="breadcrumb" class="base-components__RootElement-sc-1mosoyj-1 styled__Container-sc-41vmr7-0 jptQqM kytuvg beans-breadcrumb__container"><ol class="base-components__BaseList-sc-1mosoyj-2 styled__OrderedList-sc-41vmr7-2 hbeGIw cKlfks beans-breadcrumb__list"><li class="styled__ListItem-sc-41vmr7-3 dtpjwz beans-breadcrumb__list-item"><div class="styled__Item-sc-41vmr7-4 hpBsje beans-breadcrumb__item"><a href="https://www.tesco.com/groceries/en-GB/" aria-label="Home" class="styled__Anchor-o58r6z-0 bowhrC beans-breadcrumb__list-item-link beans-link__anchor"><svg aria-hidden="true" class="styled__SVG-xxa4wh-1 hQMCqc beans-link__icon beans-icon__svg" height="22" preserveAspectRatio="xMinYMax meet" viewBox="0 1 20 22" width="20" xmlns="http://www.w3.org/2000/svg" color="currentColor"><path d="M10 1.5L1.5 8.25V20.5h6v-8h5v8h6V8.25z" fill="none" stroke="currentColor"></path></svg></a></div></li><li class="styled__ListItem-sc-41vmr7-3 dtpjwz beans-breadcrumb__list-item"><div class="styled__Item-sc-41vmr7-4 hpBsje beans-breadcrumb__item"><svg aria-hidden="true" class="styled__SVG-xxa4wh-1 hQMCqc styled__Separator-sc-41vmr7-5 gRdlR beans-breadcrumb__seprator beans-icon__svg" height="20" preserveAspectRatio="xMinYMax meet" stroke="#666666" viewBox="-1 0 12 20" width="12" xmlns="http://www.w3.org/2000/svg" color="currentColor"><path d="M1.312 1.348L10.276 10l-8.964 8.644" fill="none" stroke="#666666"></path></svg><a class="styled__Anchor-sc-1xbujuz-0 cwkdVr beans-breadcrumb__list-item-link beans-link__anchor"><span class="styled__Text-sc-1xbujuz-1 ldbwMG beans-link__text">Health &amp; Beauty</span></a></div></li></ol></nav></div></div><div class="results-dfp results__dfp-panel"><div class="dfp-panel-wrapper content-area"><div class="ui-panel"><div class="styled__StyledDfpBanner-sc-15jm57a-0 cHkFiQ dfp-banner" id="dfp-banner-4541413108328253" data-google-query-id="CLDZoZ_zxvsCFdxEHQkdPQQDtg" style="display: none;"><div id="google_ads_iframe_/8326/grocery/health-and-beauty_1__container__" style="border: 0pt none;"></div></div></div></div></div><div class="heading-label" id="results"><h1 class="heading query">Health &amp; Beauty</h1></div><div class="product-list-container " data-auto="product-list-container"><div class="product-filter fancy-filter"><div class="sort-and-filter"><div class="new-filter-by show-options"><div class="items-count__filter-caption"><div class="pagination__items-displayed" data-auto="product-bin-count" role="status">Showing <strong>1 to 48</strong> of <strong>4107 items</strong><span class="visually-hidden">sorted by Relevance</span></div><div class="show-more-less__link"><a href="https://www.tesco.com/groceries/en-GB/shop/health-and-beauty/all?page=1&amp;count=24" rel="nofollow">Show 24 per page</a></div></div><div class="sort-and-filter-by-container"><div class="filter-by-container" data-auto="filter-by-container"><span class="filter-by-section-label">Filter by:</span><ul class="filter-by__selector-wrapper"><li class="new-selector filter-option__container" id="new-selector" data-auto="filter-option" data-auto-selected="false"><div class="checkbox" data-auto="checkbox"><input id="filter-option--new-selector-8557903" name="filter-option--new-selector-8557903" type="checkbox"><label class="checkbox-label" for="filter-option--new-selector-8557903" title="New"><a class="filter-option--link" href="https://www.tesco.com/groceries/en-GB/shop/health-and-beauty/all?viewAll=new&amp;new=new"><span class="checkbox-square checkbox-square-linked"></span><span class="checkbox-check icon-tick-white"></span><span class="visually-hidden">Filter by</span><span class="filter-label--line--inline">New</span><span class="filter-label--line--inline">&nbsp;(107)</span></a></label></div></li><li class="promotions-selector filter-option__container" id="promotions-selector" data-auto="filter-option" data-auto-selected="false"><div class="checkbox" data-auto="checkbox"><input id="filter-option--promotions-selector-3650400" name="filter-option--promotions-selector-3650400" type="checkbox"><label class="checkbox-label" for="filter-option--promotions-selector-3650400" title="Special Offers"><a class="filter-option--link" href="https://www.tesco.com/groceries/en-GB/shop/health-and-beauty/all?viewAll=promotion&amp;promotion=offers"><span class="checkbox-square checkbox-square-linked"></span><span class="checkbox-check icon-tick-white"></span><span class="visually-hidden">Filter by</span><span class="filter-label--line--inline">Special Offers</span><span class="filter-label--line--inline">&nbsp;(1394)</span></a></label></div></li></ul><ul class="selects-row grid"><li data-auto="filter-categories"><div class="filter-select__FilterSelectContainer-x4zufj-0 iRBCDW filter-select-container filter-categories"><button aria-controls="filter-categories" aria-expanded="false" class="button-text filter-select" data-auto="filter-categories-select"><span class="filter-select--label specific-filter-label">19 Categories</span><span class="icon icon-header_down_triangle"></span></button></div><div aria-hidden="true" class="filter-options-container smooth-top-left" id="filter-categories" data-auto="filter-categories-dropdown"><div class="filter-options"><ul aria-label="19 Categories"><li class="current-filters" data-auto="department"><ul><li class="filter-option__container" id="Kid&#39;s Zone" data-auto="filter-option" data-auto-selected="false"><div class="checkbox" data-auto="checkbox"><input id="filter-option--Kid&#39;s-Zone-4737636" name="filter-option--Kid&#39;s-Zone-4737636" type="checkbox"><label class="checkbox-label" for="filter-option--Kid&#39;s-Zone-4737636" title="Kid&#39;s Zone"><a class="filter-option--link" href="https://www.tesco.com/groceries/en-GB/shop/health-and-beauty/all?department=Kid%27s%20Zone&amp;viewAll=department"><span class="checkbox-square checkbox-square-linked"></span><span class="checkbox-check icon-tick-white"></span><span class="visually-hidden">Filter by</span><span class="filter-label--line--inline">Kid's Zone</span><span class="filter-label--line--inline">&nbsp;(112)</span></a></label></div></li><li class="filter-option__container" id="Shampoo" data-auto="filter-option" data-auto-selected="false"><div class="checkbox" data-auto="checkbox"><input id="filter-option--Shampoo-5215934" name="filter-option--Shampoo-5215934" type="checkbox"><label class="checkbox-label" for="filter-option--Shampoo-5215934" title="Shampoo"><a class="filter-option--link" href="https://www.tesco.com/groceries/en-GB/shop/health-and-beauty/all?department=Shampoo&amp;viewAll=department"><span class="checkbox-square checkbox-square-linked"></span><span class="checkbox-check icon-tick-white"></span><span class="visually-hidden">Filter by</span><span class="filter-label--line--inline">Shampoo</span><span class="filter-label--line--inline">&nbsp;(359)</span></a></label></div></li><li class="filter-option__container" id="Conditioner" data-auto="filter-option" data-auto-selected="false"><div class="checkbox" data-auto="checkbox"><input id="filter-option--Conditioner-2210116" name="filter-option--Conditioner-2210116" type="checkbox"><label class="checkbox-label" for="filter-option--Conditioner-2210116" title="Conditioner"><a class="filter-option--link" href="https://www.tesco.com/groceries/en-GB/shop/health-and-beauty/all?department=Conditioner&amp;viewAll=department"><span class="checkbox-square checkbox-square-linked"></span><span class="checkbox-check icon-tick-white"></span><span class="visually-hidden">Filter by</span><span class="filter-label--line--inline">Conditioner</span><span class="filter-label--line--inline">&nbsp;(290)</span></a></label></div></li><li class="filter-option__container" id="Haircare &amp; Styling" data-auto="filter-option" data-auto-selected="false"><div class="checkbox" data-auto="checkbox"><input id="filter-option--Haircare-Styling-4223863" name="filter-option--Haircare-Styling-4223863" type="checkbox"><label class="checkbox-label" for="filter-option--Haircare-Styling-4223863" title="Haircare &amp; Styling"><a class="filter-option--link" href="https://www.tesco.com/groceries/en-GB/shop/health-and-beauty/all?department=Haircare%20%26%20Styling&amp;viewAll=department"><span class="checkbox-square checkbox-square-linked"></span><span class="checkbox-check icon-tick-white"></span><span class="visually-hidden">Filter by</span><span class="filter-label--line--block">Haircare &amp;</span><span class="filter-label--line--inline filter-label--line--truncate">Styling</span><span class="filter-label--line--inline">&nbsp;(480)</span></a></label></div></li><li class="filter-option__container" id="Hair Colourants &amp; Dyes" data-auto="filter-option" data-auto-selected="false"><div class="checkbox" data-auto="checkbox"><input id="filter-option--Hair-Colourants-Dyes-3398556" name="filter-option--Hair-Colourants-Dyes-3398556" type="checkbox"><label class="checkbox-label" for="filter-option--Hair-Colourants-Dyes-3398556" title="Hair Colourants &amp; Dyes"><a class="filter-option--link" href="https://www.tesco.com/groceries/en-GB/shop/health-and-beauty/all?department=Hair%20Colourants%20%26%20Dyes&amp;viewAll=department"><span class="checkbox-square checkbox-square-linked"></span><span class="checkbox-check icon-tick-white"></span><span class="visually-hidden">Filter by</span><span class="filter-label--line--block">Hair Colourants &amp;</span><span class="filter-label--line--inline filter-label--line--truncate">Dyes</span><span class="filter-label--line--inline">&nbsp;(525)</span></a></label></div></li><li class="filter-option__container" id="Shower, Bath &amp; Hand Hygiene" data-auto="filter-option" data-auto-selected="false"><div class="checkbox" data-auto="checkbox"><input id="filter-option--Shower,-Bath-Hand-Hygiene-5236224" name="filter-option--Shower,-Bath-Hand-Hygiene-5236224" type="checkbox"><label class="checkbox-label" for="filter-option--Shower,-Bath-Hand-Hygiene-5236224" title="Shower, Bath &amp; Hand Hygiene"><a class="filter-option--link" href="https://www.tesco.com/groceries/en-GB/shop/health-and-beauty/all?department=Shower%2C%20Bath%20%26%20Hand%20Hygiene&amp;viewAll=department"><span class="checkbox-square checkbox-square-linked"></span><span class="checkbox-check icon-tick-white"></span><span class="visually-hidden">Filter by</span><span class="filter-label--line--block">Shower, Bath &amp;</span><span class="filter-label--line--inline filter-label--line--truncate">Hand Hygiene</span><span class="filter-label--line--inline">&nbsp;(342)</span></a></label></div></li><li class="filter-option__container" id="Deodorants" data-auto="filter-option" data-auto-selected="false"><div class="checkbox" data-auto="checkbox"><input id="filter-option--Deodorants-1783044" name="filter-option--Deodorants-1783044" type="checkbox"><label class="checkbox-label" for="filter-option--Deodorants-1783044" title="Deodorants"><a class="filter-option--link" href="https://www.tesco.com/groceries/en-GB/shop/health-and-beauty/all?department=Deodorants&amp;viewAll=department"><span class="checkbox-square checkbox-square-linked"></span><span class="checkbox-check icon-tick-white"></span><span class="visually-hidden">Filter by</span><span class="filter-label--line--inline">Deodorants</span><span class="filter-label--line--inline">&nbsp;(175)</span></a></label></div></li><li class="filter-option__container" id="Toothpaste, Mouthwash &amp; Toothbrush" data-auto="filter-option" data-auto-selected="false"><div class="checkbox" data-auto="checkbox"><input id="filter-option--Toothpaste,-Mouthwash-Toothbrush-6083489" name="filter-option--Toothpaste,-Mouthwash-Toothbrush-6083489" type="checkbox"><label class="checkbox-label" for="filter-option--Toothpaste,-Mouthwash-Toothbrush-6083489" title="Toothpaste, Mouthwash &amp; Toothbrush"><a class="filter-option--link" href="https://www.tesco.com/groceries/en-GB/shop/health-and-beauty/all?department=Toothpaste%2C%20Mouthwash%20%26%20Toothbrush&amp;viewAll=department"><span class="checkbox-square checkbox-square-linked"></span><span class="checkbox-check icon-tick-white"></span><span class="visually-hidden">Filter by</span><span class="filter-label--line--block">Toothpaste,</span><span class="filter-label--line--inline filter-label--line--truncate">Mouthwash &amp; Toothbrush</span><span class="filter-label--line--inline">&nbsp;(344)</span></a></label></div></li><li class="filter-option__container" id="Women&#39;s Toiletries" data-auto="filter-option" data-auto-selected="false"><div class="checkbox" data-auto="checkbox"><input id="filter-option--Women&#39;s-Toiletries-351343" name="filter-option--Women&#39;s-Toiletries-351343" type="checkbox"><label class="checkbox-label" for="filter-option--Women&#39;s-Toiletries-351343" title="Women&#39;s Toiletries"><a class="filter-option--link" href="https://www.tesco.com/groceries/en-GB/shop/health-and-beauty/all?department=Women%27s%20Toiletries&amp;viewAll=department"><span class="checkbox-square checkbox-square-linked"></span><span class="checkbox-check icon-tick-white"></span><span class="visually-hidden">Filter by</span><span class="filter-label--line--block">Women's</span><span class="filter-label--line--inline filter-label--line--truncate">Toiletries</span><span class="filter-label--line--inline">&nbsp;(444)</span></a></label></div></li><li class="filter-option__container" id="Men&#39;s Toiletries" data-auto="filter-option" data-auto-selected="false"><div class="checkbox" data-auto="checkbox"><input id="filter-option--Men&#39;s-Toiletries-6014311" name="filter-option--Men&#39;s-Toiletries-6014311" type="checkbox"><label class="checkbox-label" for="filter-option--Men&#39;s-Toiletries-6014311" title="Men&#39;s Toiletries"><a class="filter-option--link" href="https://www.tesco.com/groceries/en-GB/shop/health-and-beauty/all?department=Men%27s%20Toiletries&amp;viewAll=department"><span class="checkbox-square checkbox-square-linked"></span><span class="checkbox-check icon-tick-white"></span><span class="visually-hidden">Filter by</span><span class="filter-label--line--block">Men's</span><span class="filter-label--line--inline filter-label--line--truncate">Toiletries</span><span class="filter-label--line--inline">&nbsp;(312)</span></a></label></div></li><li class="filter-option__container" id="Face Skincare" data-auto="filter-option" data-auto-selected="false"><div class="checkbox" data-auto="checkbox"><input id="filter-option--Face-Skincare-7766505" name="filter-option--Face-Skincare-7766505" type="checkbox"><label class="checkbox-label" for="filter-option--Face-Skincare-7766505" title="Face Skincare"><a class="filter-option--link" href="https://www.tesco.com/groceries/en-GB/shop/health-and-beauty/all?department=Face%20Skincare&amp;viewAll=department"><span class="checkbox-square checkbox-square-linked"></span><span class="checkbox-check icon-tick-white"></span><span class="visually-hidden">Filter by</span><span class="filter-label--line--block">Face</span><span class="filter-label--line--inline filter-label--line--truncate">Skincare</span><span class="filter-label--line--inline">&nbsp;(586)</span></a></label></div></li><li class="filter-option__container" id="Body Skincare" data-auto="filter-option" data-auto-selected="false"><div class="checkbox" data-auto="checkbox"><input id="filter-option--Body-Skincare-573062" name="filter-option--Body-Skincare-573062" type="checkbox"><label class="checkbox-label" for="filter-option--Body-Skincare-573062" title="Body Skincare"><a class="filter-option--link" href="https://www.tesco.com/groceries/en-GB/shop/health-and-beauty/all?department=Body%20Skincare&amp;viewAll=department"><span class="checkbox-square checkbox-square-linked"></span><span class="checkbox-check icon-tick-white"></span><span class="visually-hidden">Filter by</span><span class="filter-label--line--block">Body</span><span class="filter-label--line--inline filter-label--line--truncate">Skincare</span><span class="filter-label--line--inline">&nbsp;(213)</span></a></label></div></li><li class="more-filters--container"><button class="button-text more-filters">More categories<span class="icon icon-header_down_triangle expand-icon"></span></button></li><li class="more-filters--container hidden"><button class="button-text more-filters">Fewer categories<span class="icon icon-header_down_triangle contract-icon"></span></button></li></ul></li></ul></div></div></li><li data-auto="filter-brands"><div class="filter-select__FilterSelectContainer-x4zufj-0 iRBCDW filter-select-container filter-brands"><button aria-controls="filter-brands" aria-expanded="true" class="button-text filter-select filter-options-open" data-auto="filter-brands-select"><span class="filter-select--label specific-filter-label">514 Brands</span><span class="icon icon-header_down_triangle"></span></button></div><div aria-hidden="false" class="filter-options-container open" id="filter-brands" data-auto="filter-brands-dropdown"><div class="filter-options"><ul aria-label="514 Brands"><li class="current-filters" data-auto="brand"><ul><li class="filter-option__container" id="Tesco" data-auto="filter-option" data-auto-selected="false"><div class="checkbox" data-auto="checkbox"><input id="filter-option--Tesco-6557013" name="filter-option--Tesco-6557013" type="checkbox"><label class="checkbox-label" for="filter-option--Tesco-6557013" title="Tesco"><a class="filter-option--link" href="https://www.tesco.com/groceries/en-GB/shop/health-and-beauty/all?brand=Tesco&amp;viewAll=brand"><span class="checkbox-square checkbox-square-linked"></span><span class="checkbox-check icon-tick-white"></span><span class="visually-hidden">Filter by</span><span class="filter-label--line--inline">Tesco</span><span class="filter-label--line--inline">&nbsp;(186)</span></a></label></div></li><li class="filter-option__container" id="L&#39;oreal" data-auto="filter-option" data-auto-selected="false"><div class="checkbox" data-auto="checkbox"><input id="filter-option--L&#39;oreal-5959823" name="filter-option--L&#39;oreal-5959823" type="checkbox"><label class="checkbox-label" for="filter-option--L&#39;oreal-5959823" title="L&#39;oreal"><a class="filter-option--link" href="https://www.tesco.com/groceries/en-GB/shop/health-and-beauty/all?brand=L%27oreal&amp;viewAll=brand"><span class="checkbox-square checkbox-square-linked"></span><span class="checkbox-check icon-tick-white"></span><span class="visually-hidden">Filter by</span><span class="filter-label--line--inline">L'oreal</span><span class="filter-label--line--inline">&nbsp;(164)</span></a></label></div></li><li class="filter-option__container" id="Nivea" data-auto="filter-option" data-auto-selected="false"><div class="checkbox" data-auto="checkbox"><input id="filter-option--Nivea-9597406" name="filter-option--Nivea-9597406" type="checkbox"><label class="checkbox-label" for="filter-option--Nivea-9597406" title="Nivea"><a class="filter-option--link" href="https://www.tesco.com/groceries/en-GB/shop/health-and-beauty/all?brand=Nivea&amp;viewAll=brand"><span class="checkbox-square checkbox-square-linked"></span><span class="checkbox-check icon-tick-white"></span><span class="visually-hidden">Filter by</span><span class="filter-label--line--inline">Nivea</span><span class="filter-label--line--inline">&nbsp;(158)</span></a></label></div></li><li class="filter-option__container" id="Leo Bancroft" data-auto="filter-option" data-auto-selected="false"><div class="checkbox" data-auto="checkbox"><input id="filter-option--Leo-Bancroft-2442956" name="filter-option--Leo-Bancroft-2442956" type="checkbox"><label class="checkbox-label" for="filter-option--Leo-Bancroft-2442956" title="Leo Bancroft"><a class="filter-option--link" href="https://www.tesco.com/groceries/en-GB/shop/health-and-beauty/all?brand=Leo%20Bancroft&amp;viewAll=brand"><span class="checkbox-square checkbox-square-linked"></span><span class="checkbox-check icon-tick-white"></span><span class="visually-hidden">Filter by</span><span class="filter-label--line--inline">Leo Bancroft</span><span class="filter-label--line--inline">&nbsp;(112)</span></a></label></div></li><li class="filter-option__container" id="Garnier" data-auto="filter-option" data-auto-selected="false"><div class="checkbox" data-auto="checkbox"><input id="filter-option--Garnier-3739646" name="filter-option--Garnier-3739646" type="checkbox"><label class="checkbox-label" for="filter-option--Garnier-3739646" title="Garnier"><a class="filter-option--link" href="https://www.tesco.com/groceries/en-GB/shop/health-and-beauty/all?brand=Garnier&amp;viewAll=brand"><span class="checkbox-square checkbox-square-linked"></span><span class="checkbox-check icon-tick-white"></span><span class="visually-hidden">Filter by</span><span class="filter-label--line--inline">Garnier</span><span class="filter-label--line--inline">&nbsp;(85)</span></a></label></div></li><li class="filter-option__container" id="Dove" data-auto="filter-option" data-auto-selected="false"><div class="checkbox" data-auto="checkbox"><input id="filter-option--Dove-8515551" name="filter-option--Dove-8515551" type="checkbox"><label class="checkbox-label" for="filter-option--Dove-8515551" title="Dove"><a class="filter-option--link" href="https://www.tesco.com/groceries/en-GB/shop/health-and-beauty/all?brand=Dove&amp;viewAll=brand"><span class="checkbox-square checkbox-square-linked"></span><span class="checkbox-check icon-tick-white"></span><span class="visually-hidden">Filter by</span><span class="filter-label--line--inline">Dove</span><span class="filter-label--line--inline">&nbsp;(83)</span></a></label></div></li><li class="filter-option__container" id="Colgate" data-auto="filter-option" data-auto-selected="false"><div class="checkbox" data-auto="checkbox"><input id="filter-option--Colgate-371685" name="filter-option--Colgate-371685" type="checkbox"><label class="checkbox-label" for="filter-option--Colgate-371685" title="Colgate"><a class="filter-option--link" href="https://www.tesco.com/groceries/en-GB/shop/health-and-beauty/all?brand=Colgate&amp;viewAll=brand"><span class="checkbox-square checkbox-square-linked"></span><span class="checkbox-check icon-tick-white"></span><span class="visually-hidden">Filter by</span><span class="filter-label--line--inline">Colgate</span><span class="filter-label--line--inline">&nbsp;(65)</span></a></label></div></li><li class="filter-option__container" id="Oral-B" data-auto="filter-option" data-auto-selected="false"><div class="checkbox" data-auto="checkbox"><input id="filter-option--Oral-B-3295535" name="filter-option--Oral-B-3295535" type="checkbox"><label class="checkbox-label" for="filter-option--Oral-B-3295535" title="Oral-B"><a class="filter-option--link" href="https://www.tesco.com/groceries/en-GB/shop/health-and-beauty/all?brand=Oral-B&amp;viewAll=brand"><span class="checkbox-square checkbox-square-linked"></span><span class="checkbox-check icon-tick-white"></span><span class="visually-hidden">Filter by</span><span class="filter-label--line--inline">Oral-B</span><span class="filter-label--line--inline">&nbsp;(61)</span></a></label></div></li><li class="filter-option__container" id="Schwarzkopf" data-auto="filter-option" data-auto-selected="false"><div class="checkbox" data-auto="checkbox"><input id="filter-option--Schwarzkopf-8850131" name="filter-option--Schwarzkopf-8850131" type="checkbox"><label class="checkbox-label" for="filter-option--Schwarzkopf-8850131" title="Schwarzkopf"><a class="filter-option--link" href="https://www.tesco.com/groceries/en-GB/shop/health-and-beauty/all?brand=Schwarzkopf&amp;viewAll=brand"><span class="checkbox-square checkbox-square-linked"></span><span class="checkbox-check icon-tick-white"></span><span class="visually-hidden">Filter by</span><span class="filter-label--line--inline">Schwarzkopf</span><span class="filter-label--line--inline">&nbsp;(58)</span></a></label></div></li><li class="filter-option__container" id="Baylis &amp; Harding" data-auto="filter-option" data-auto-selected="false"><div class="checkbox" data-auto="checkbox"><input id="filter-option--Baylis-Harding-1308602" name="filter-option--Baylis-Harding-1308602" type="checkbox"><label class="checkbox-label" for="filter-option--Baylis-Harding-1308602" title="Baylis &amp; Harding"><a class="filter-option--link" href="https://www.tesco.com/groceries/en-GB/shop/health-and-beauty/all?brand=Baylis%20%26%20Harding&amp;viewAll=brand"><span class="checkbox-square checkbox-square-linked"></span><span class="checkbox-check icon-tick-white"></span><span class="visually-hidden">Filter by</span><span class="filter-label--line--block">Baylis &amp;</span><span class="filter-label--line--inline filter-label--line--truncate">Harding</span><span class="filter-label--line--inline">&nbsp;(54)</span></a></label></div></li><li class="filter-option__container" id="John Frieda" data-auto="filter-option" data-auto-selected="false"><div class="checkbox" data-auto="checkbox"><input id="filter-option--John-Frieda-2274634" name="filter-option--John-Frieda-2274634" type="checkbox"><label class="checkbox-label" for="filter-option--John-Frieda-2274634" title="John Frieda"><a class="filter-option--link" href="https://www.tesco.com/groceries/en-GB/shop/health-and-beauty/all?brand=John%20Frieda&amp;viewAll=brand"><span class="checkbox-square checkbox-square-linked"></span><span class="checkbox-check icon-tick-white"></span><span class="visually-hidden">Filter by</span><span class="filter-label--line--inline">John Frieda</span><span class="filter-label--line--inline">&nbsp;(48)</span></a></label></div></li><li class="filter-option__container" id="Pantene" data-auto="filter-option" data-auto-selected="false"><div class="checkbox" data-auto="checkbox"><input id="filter-option--Pantene-9125447" name="filter-option--Pantene-9125447" type="checkbox"><label class="checkbox-label" for="filter-option--Pantene-9125447" title="Pantene"><a class="filter-option--link" href="https://www.tesco.com/groceries/en-GB/shop/health-and-beauty/all?brand=Pantene&amp;viewAll=brand"><span class="checkbox-square checkbox-square-linked"></span><span class="checkbox-check icon-tick-white"></span><span class="visually-hidden">Filter by</span><span class="filter-label--line--inline">Pantene</span><span class="filter-label--line--inline">&nbsp;(48)</span></a></label></div></li><li class="filter-option__container" id="Tresemme" data-auto="filter-option" data-auto-selected="false"><div class="checkbox" data-auto="checkbox"><input id="filter-option--Tresemme-7783711" name="filter-option--Tresemme-7783711" type="checkbox"><label class="checkbox-label" for="filter-option--Tresemme-7783711" title="Tresemme"><a class="filter-option--link" href="https://www.tesco.com/groceries/en-GB/shop/health-and-beauty/all?brand=Tresemme&amp;viewAll=brand"><span class="checkbox-square checkbox-square-linked"></span><span class="checkbox-check icon-tick-white"></span><span class="visually-hidden">Filter by</span><span class="filter-label--line--inline">Tresemme</span><span class="filter-label--line--inline">&nbsp;(48)</span></a></label></div></li><li class="filter-option__container" id="Gillette" data-auto="filter-option" data-auto-selected="false"><div class="checkbox" data-auto="checkbox"><input id="filter-option--Gillette-8042598" name="filter-option--Gillette-8042598" type="checkbox"><label class="checkbox-label" for="filter-option--Gillette-8042598" title="Gillette"><a class="filter-option--link" href="https://www.tesco.com/groceries/en-GB/shop/health-and-beauty/all?brand=Gillette&amp;viewAll=brand"><span class="checkbox-square checkbox-square-linked"></span><span class="checkbox-check icon-tick-white"></span><span class="visually-hidden">Filter by</span><span class="filter-label--line--inline">Gillette</span><span class="filter-label--line--inline">&nbsp;(47)</span></a></label></div></li><li class="filter-option__container" id="Simple" data-auto="filter-option" data-auto-selected="false"><div class="checkbox" data-auto="checkbox"><input id="filter-option--Simple-8832013" name="filter-option--Simple-8832013" type="checkbox"><label class="checkbox-label" for="filter-option--Simple-8832013" title="Simple"><a class="filter-option--link" href="https://www.tesco.com/groceries/en-GB/shop/health-and-beauty/all?brand=Simple&amp;viewAll=brand"><span class="checkbox-square checkbox-square-linked"></span><span class="checkbox-check icon-tick-white"></span><span class="visually-hidden">Filter by</span><span class="filter-label--line--inline">Simple</span><span class="filter-label--line--inline">&nbsp;(45)</span></a></label></div></li><li class="filter-option__container" id="Olay" data-auto="filter-option" data-auto-selected="false"><div class="checkbox" data-auto="checkbox"><input id="filter-option--Olay-1545743" name="filter-option--Olay-1545743" type="checkbox"><label class="checkbox-label" for="filter-option--Olay-1545743" title="Olay"><a class="filter-option--link" href="https://www.tesco.com/groceries/en-GB/shop/health-and-beauty/all?brand=Olay&amp;viewAll=brand"><span class="checkbox-square checkbox-square-linked"></span><span class="checkbox-check icon-tick-white"></span><span class="visually-hidden">Filter by</span><span class="filter-label--line--inline">Olay</span><span class="filter-label--line--inline">&nbsp;(43)</span></a></label></div></li><li class="filter-option__container" id="Lynx" data-auto="filter-option" data-auto-selected="false"><div class="checkbox" data-auto="checkbox"><input id="filter-option--Lynx-3366600" name="filter-option--Lynx-3366600" type="checkbox"><label class="checkbox-label" for="filter-option--Lynx-3366600" title="Lynx"><a class="filter-option--link" href="https://www.tesco.com/groceries/en-GB/shop/health-and-beauty/all?brand=Lynx&amp;viewAll=brand"><span class="checkbox-square checkbox-square-linked"></span><span class="checkbox-check icon-tick-white"></span><span class="visually-hidden">Filter by</span><span class="filter-label--line--inline">Lynx</span><span class="filter-label--line--inline">&nbsp;(42)</span></a></label></div></li><li class="filter-option__container" id="Tesco Health" data-auto="filter-option" data-auto-selected="false"><div class="checkbox" data-auto="checkbox"><input id="filter-option--Tesco-Health-4976006" name="filter-option--Tesco-Health-4976006" type="checkbox"><label class="checkbox-label" for="filter-option--Tesco-Health-4976006" title="Tesco Health"><a class="filter-option--link" href="https://www.tesco.com/groceries/en-GB/shop/health-and-beauty/all?brand=Tesco%20Health&amp;viewAll=brand"><span class="checkbox-square checkbox-square-linked"></span><span class="checkbox-check icon-tick-white"></span><span class="visually-hidden">Filter by</span><span class="filter-label--line--inline">Tesco Health</span><span class="filter-label--line--inline">&nbsp;(40)</span></a></label></div></li><li class="filter-option__container" id="Aussie" data-auto="filter-option" data-auto-selected="false"><div class="checkbox" data-auto="checkbox"><input id="filter-option--Aussie-4437726" name="filter-option--Aussie-4437726" type="checkbox"><label class="checkbox-label" for="filter-option--Aussie-4437726" title="Aussie"><a class="filter-option--link" href="https://www.tesco.com/groceries/en-GB/shop/health-and-beauty/all?brand=Aussie&amp;viewAll=brand"><span class="checkbox-square checkbox-square-linked"></span><span class="checkbox-check icon-tick-white"></span><span class="visually-hidden">Filter by</span><span class="filter-label--line--inline">Aussie</span><span class="filter-label--line--inline">&nbsp;(38)</span></a></label></div></li><li class="filter-option__container" id="Sure" data-auto="filter-option" data-auto-selected="false"><div class="checkbox" data-auto="checkbox"><input id="filter-option--Sure-3502706" name="filter-option--Sure-3502706" type="checkbox"><label class="checkbox-label" for="filter-option--Sure-3502706" title="Sure"><a class="filter-option--link" href="https://www.tesco.com/groceries/en-GB/shop/health-and-beauty/all?brand=Sure&amp;viewAll=brand"><span class="checkbox-square checkbox-square-linked"></span><span class="checkbox-check icon-tick-white"></span><span class="visually-hidden">Filter by</span><span class="filter-label--line--inline">Sure</span><span class="filter-label--line--inline">&nbsp;(38)</span></a></label></div></li><li class="filter-option__container" id="Vitabiotics" data-auto="filter-option" data-auto-selected="false"><div class="checkbox" data-auto="checkbox"><input id="filter-option--Vitabiotics-4193747" name="filter-option--Vitabiotics-4193747" type="checkbox"><label class="checkbox-label" for="filter-option--Vitabiotics-4193747" title="Vitabiotics"><a class="filter-option--link" href="https://www.tesco.com/groceries/en-GB/shop/health-and-beauty/all?brand=Vitabiotics&amp;viewAll=brand"><span class="checkbox-square checkbox-square-linked"></span><span class="checkbox-check icon-tick-white"></span><span class="visually-hidden">Filter by</span><span class="filter-label--line--inline">Vitabiotics</span><span class="filter-label--line--inline">&nbsp;(36)</span></a></label></div></li><li class="filter-option__container" id="W7" data-auto="filter-option" data-auto-selected="false"><div class="checkbox" data-auto="checkbox"><input id="filter-option--W7-274892" name="filter-option--W7-274892" type="checkbox"><label class="checkbox-label" for="filter-option--W7-274892" title="W7"><a class="filter-option--link" href="https://www.tesco.com/groceries/en-GB/shop/health-and-beauty/all?brand=W7&amp;viewAll=brand"><span class="checkbox-square checkbox-square-linked"></span><span class="checkbox-check icon-tick-white"></span><span class="visually-hidden">Filter by</span><span class="filter-label--line--inline">W7</span><span class="filter-label--line--inline">&nbsp;(35)</span></a></label></div></li><li class="filter-option__container" id="Tena" data-auto="filter-option" data-auto-selected="false"><div class="checkbox" data-auto="checkbox"><input id="filter-option--Tena-5859802" name="filter-option--Tena-5859802" type="checkbox"><label class="checkbox-label" for="filter-option--Tena-5859802" title="Tena"><a class="filter-option--link" href="https://www.tesco.com/groceries/en-GB/shop/health-and-beauty/all?brand=Tena&amp;viewAll=brand"><span class="checkbox-square checkbox-square-linked"></span><span class="checkbox-check icon-tick-white"></span><span class="visually-hidden">Filter by</span><span class="filter-label--line--inline">Tena</span><span class="filter-label--line--inline">&nbsp;(34)</span></a></label></div></li><li class="filter-option__container" id="Nice &amp; Easy" data-auto="filter-option" data-auto-selected="false"><div class="checkbox" data-auto="checkbox"><input id="filter-option--Nice-Easy-3244770" name="filter-option--Nice-Easy-3244770" type="checkbox"><label class="checkbox-label" for="filter-option--Nice-Easy-3244770" title="Nice &amp; Easy"><a class="filter-option--link" href="https://www.tesco.com/groceries/en-GB/shop/health-and-beauty/all?brand=Nice%20%26%20Easy&amp;viewAll=brand"><span class="checkbox-square checkbox-square-linked"></span><span class="checkbox-check icon-tick-white"></span><span class="visually-hidden">Filter by</span><span class="filter-label--line--inline">Nice &amp; Easy</span><span class="filter-label--line--inline">&nbsp;(33)</span></a></label></div></li><li class="filter-option__container" id="Sanex" data-auto="filter-option" data-auto-selected="false"><div class="checkbox" data-auto="checkbox"><input id="filter-option--Sanex-37893" name="filter-option--Sanex-37893" type="checkbox"><label class="checkbox-label" for="filter-option--Sanex-37893" title="Sanex"><a class="filter-option--link" href="https://www.tesco.com/groceries/en-GB/shop/health-and-beauty/all?brand=Sanex&amp;viewAll=brand"><span class="checkbox-square checkbox-square-linked"></span><span class="checkbox-check icon-tick-white"></span><span class="visually-hidden">Filter by</span><span class="filter-label--line--inline">Sanex</span><span class="filter-label--line--inline">&nbsp;(32)</span></a></label></div></li><li class="filter-option__container" id="Head &amp; Shoulders" data-auto="filter-option" data-auto-selected="false"><div class="checkbox" data-auto="checkbox"><input id="filter-option--Head-Shoulders-4174015" name="filter-option--Head-Shoulders-4174015" type="checkbox"><label class="checkbox-label" for="filter-option--Head-Shoulders-4174015" title="Head &amp; Shoulders"><a class="filter-option--link" href="https://www.tesco.com/groceries/en-GB/shop/health-and-beauty/all?brand=Head%20%26%20Shoulders&amp;viewAll=brand"><span class="checkbox-square checkbox-square-linked"></span><span class="checkbox-check icon-tick-white"></span><span class="visually-hidden">Filter by</span><span class="filter-label--line--block">Head &amp;</span><span class="filter-label--line--inline filter-label--line--truncate">Shoulders</span><span class="filter-label--line--inline">&nbsp;(31)</span></a></label></div></li><li class="filter-option__container" id="Always" data-auto="filter-option" data-auto-selected="false"><div class="checkbox" data-auto="checkbox"><input id="filter-option--Always-328831" name="filter-option--Always-328831" type="checkbox"><label class="checkbox-label" for="filter-option--Always-328831" title="Always"><a class="filter-option--link" href="https://www.tesco.com/groceries/en-GB/shop/health-and-beauty/all?brand=Always&amp;viewAll=brand"><span class="checkbox-square checkbox-square-linked"></span><span class="checkbox-check icon-tick-white"></span><span class="visually-hidden">Filter by</span><span class="filter-label--line--inline">Always</span><span class="filter-label--line--inline">&nbsp;(30)</span></a></label></div></li><li class="filter-option__container" id="Bondi Sands" data-auto="filter-option" data-auto-selected="false"><div class="checkbox" data-auto="checkbox"><input id="filter-option--Bondi-Sands-6428648" name="filter-option--Bondi-Sands-6428648" type="checkbox"><label class="checkbox-label" for="filter-option--Bondi-Sands-6428648" title="Bondi Sands"><a class="filter-option--link" href="https://www.tesco.com/groceries/en-GB/shop/health-and-beauty/all?brand=Bondi%20Sands&amp;viewAll=brand"><span class="checkbox-square checkbox-square-linked"></span><span class="checkbox-check icon-tick-white"></span><span class="visually-hidden">Filter by</span><span class="filter-label--line--inline">Bondi Sands</span><span class="filter-label--line--inline">&nbsp;(28)</span></a></label></div></li><li class="filter-option__container" id="Ogx" data-auto="filter-option" data-auto-selected="false"><div class="checkbox" data-auto="checkbox"><input id="filter-option--Ogx-2120380" name="filter-option--Ogx-2120380" type="checkbox"><label class="checkbox-label" for="filter-option--Ogx-2120380" title="Ogx"><a class="filter-option--link" href="https://www.tesco.com/groceries/en-GB/shop/health-and-beauty/all?brand=Ogx&amp;viewAll=brand"><span class="checkbox-square checkbox-square-linked"></span><span class="checkbox-check icon-tick-white"></span><span class="visually-hidden">Filter by</span><span class="filter-label--line--inline">Ogx</span><span class="filter-label--line--inline">&nbsp;(28)</span></a></label></div></li><li class="filter-option__container" id="Cantu" data-auto="filter-option" data-auto-selected="false"><div class="checkbox" data-auto="checkbox"><input id="filter-option--Cantu-5874748" name="filter-option--Cantu-5874748" type="checkbox"><label class="checkbox-label" for="filter-option--Cantu-5874748" title="Cantu"><a class="filter-option--link" href="https://www.tesco.com/groceries/en-GB/shop/health-and-beauty/all?brand=Cantu&amp;viewAll=brand"><span class="checkbox-square checkbox-square-linked"></span><span class="checkbox-check icon-tick-white"></span><span class="visually-hidden">Filter by</span><span class="filter-label--line--inline">Cantu</span><span class="filter-label--line--inline">&nbsp;(27)</span></a></label></div></li><li class="filter-option__container" id="Herbal Essences" data-auto="filter-option" data-auto-selected="false"><div class="checkbox" data-auto="checkbox"><input id="filter-option--Herbal-Essences-1370590" name="filter-option--Herbal-Essences-1370590" type="checkbox"><label class="checkbox-label" for="filter-option--Herbal-Essences-1370590" title="Herbal Essences"><a class="filter-option--link" href="https://www.tesco.com/groceries/en-GB/shop/health-and-beauty/all?brand=Herbal%20Essences&amp;viewAll=brand"><span class="checkbox-square checkbox-square-linked"></span><span class="checkbox-check icon-tick-white"></span><span class="visually-hidden">Filter by</span><span class="filter-label--line--block">Herbal</span><span class="filter-label--line--inline filter-label--line--truncate">Essences</span><span class="filter-label--line--inline">&nbsp;(27)</span></a></label></div></li><li class="filter-option__container" id="Seven Seas" data-auto="filter-option" data-auto-selected="false"><div class="checkbox" data-auto="checkbox"><input id="filter-option--Seven-Seas-5085552" name="filter-option--Seven-Seas-5085552" type="checkbox"><label class="checkbox-label" for="filter-option--Seven-Seas-5085552" title="Seven Seas"><a class="filter-option--link" href="https://www.tesco.com/groceries/en-GB/shop/health-and-beauty/all?brand=Seven%20Seas&amp;viewAll=brand"><span class="checkbox-square checkbox-square-linked"></span><span class="checkbox-check icon-tick-white"></span><span class="visually-hidden">Filter by</span><span class="filter-label--line--inline">Seven Seas</span><span class="filter-label--line--inline">&nbsp;(27)</span></a></label></div></li><li class="filter-option__container" id="Bulldog" data-auto="filter-option" data-auto-selected="false"><div class="checkbox" data-auto="checkbox"><input id="filter-option--Bulldog-83186" name="filter-option--Bulldog-83186" type="checkbox"><label class="checkbox-label" for="filter-option--Bulldog-83186" title="Bulldog"><a class="filter-option--link" href="https://www.tesco.com/groceries/en-GB/shop/health-and-beauty/all?brand=Bulldog&amp;viewAll=brand"><span class="checkbox-square checkbox-square-linked"></span><span class="checkbox-check icon-tick-white"></span><span class="visually-hidden">Filter by</span><span class="filter-label--line--inline">Bulldog</span><span class="filter-label--line--inline">&nbsp;(25)</span></a></label></div></li><li class="filter-option__container" id="Gillette Venus" data-auto="filter-option" data-auto-selected="false"><div class="checkbox" data-auto="checkbox"><input id="filter-option--Gillette-Venus-1192405" name="filter-option--Gillette-Venus-1192405" type="checkbox"><label class="checkbox-label" for="filter-option--Gillette-Venus-1192405" title="Gillette Venus"><a class="filter-option--link" href="https://www.tesco.com/groceries/en-GB/shop/health-and-beauty/all?brand=Gillette%20Venus&amp;viewAll=brand"><span class="checkbox-square checkbox-square-linked"></span><span class="checkbox-check icon-tick-white"></span><span class="visually-hidden">Filter by</span><span class="filter-label--line--block">Gillette</span><span class="filter-label--line--inline filter-label--line--truncate">Venus</span><span class="filter-label--line--inline">&nbsp;(24)</span></a></label></div></li><li class="filter-option__container" id="Palmers" data-auto="filter-option" data-auto-selected="false"><div class="checkbox" data-auto="checkbox"><input id="filter-option--Palmers-715314" name="filter-option--Palmers-715314" type="checkbox"><label class="checkbox-label" for="filter-option--Palmers-715314" title="Palmers"><a class="filter-option--link" href="https://www.tesco.com/groceries/en-GB/shop/health-and-beauty/all?brand=Palmers&amp;viewAll=brand"><span class="checkbox-square checkbox-square-linked"></span><span class="checkbox-check icon-tick-white"></span><span class="visually-hidden">Filter by</span><span class="filter-label--line--inline">Palmers</span><span class="filter-label--line--inline">&nbsp;(24)</span></a></label></div></li><li class="filter-option__container" id="Pro Formula" data-auto="filter-option" data-auto-selected="false"><div class="checkbox" data-auto="checkbox"><input id="filter-option--Pro-Formula-5062067" name="filter-option--Pro-Formula-5062067" type="checkbox"><label class="checkbox-label" for="filter-option--Pro-Formula-5062067" title="Pro Formula"><a class="filter-option--link" href="https://www.tesco.com/groceries/en-GB/shop/health-and-beauty/all?brand=Pro%20Formula&amp;viewAll=brand"><span class="checkbox-square checkbox-square-linked"></span><span class="checkbox-check icon-tick-white"></span><span class="visually-hidden">Filter by</span><span class="filter-label--line--inline">Pro Formula</span><span class="filter-label--line--inline">&nbsp;(24)</span></a></label></div></li><li class="filter-option__container" id="Durex" data-auto="filter-option" data-auto-selected="false"><div class="checkbox" data-auto="checkbox"><input id="filter-option--Durex-5160886" name="filter-option--Durex-5160886" type="checkbox"><label class="checkbox-label" for="filter-option--Durex-5160886" title="Durex"><a class="filter-option--link" href="https://www.tesco.com/groceries/en-GB/shop/health-and-beauty/all?brand=Durex&amp;viewAll=brand"><span class="checkbox-square checkbox-square-linked"></span><span class="checkbox-check icon-tick-white"></span><span class="visually-hidden">Filter by</span><span class="filter-label--line--inline">Durex</span><span class="filter-label--line--inline">&nbsp;(23)</span></a></label></div></li><li class="filter-option__container" id="Eylure" data-auto="filter-option" data-auto-selected="false"><div class="checkbox" data-auto="checkbox"><input id="filter-option--Eylure-6115568" name="filter-option--Eylure-6115568" type="checkbox"><label class="checkbox-label" for="filter-option--Eylure-6115568" title="Eylure"><a class="filter-option--link" href="https://www.tesco.com/groceries/en-GB/shop/health-and-beauty/all?brand=Eylure&amp;viewAll=brand"><span class="checkbox-square checkbox-square-linked"></span><span class="checkbox-check icon-tick-white"></span><span class="visually-hidden">Filter by</span><span class="filter-label--line--inline">Eylure</span><span class="filter-label--line--inline">&nbsp;(23)</span></a></label></div></li><li class="filter-option__container" id="Radox" data-auto="filter-option" data-auto-selected="false"><div class="checkbox" data-auto="checkbox"><input id="filter-option--Radox-1757205" name="filter-option--Radox-1757205" type="checkbox"><label class="checkbox-label" for="filter-option--Radox-1757205" title="Radox"><a class="filter-option--link" href="https://www.tesco.com/groceries/en-GB/shop/health-and-beauty/all?brand=Radox&amp;viewAll=brand"><span class="checkbox-square checkbox-square-linked"></span><span class="checkbox-check icon-tick-white"></span><span class="visually-hidden">Filter by</span><span class="filter-label--line--inline">Radox</span><span class="filter-label--line--inline">&nbsp;(23)</span></a></label></div></li><li class="filter-option__container" id="Scholl" data-auto="filter-option" data-auto-selected="false"><div class="checkbox" data-auto="checkbox"><input id="filter-option--Scholl-6632682" name="filter-option--Scholl-6632682" type="checkbox"><label class="checkbox-label" for="filter-option--Scholl-6632682" title="Scholl"><a class="filter-option--link" href="https://www.tesco.com/groceries/en-GB/shop/health-and-beauty/all?brand=Scholl&amp;viewAll=brand"><span class="checkbox-square checkbox-square-linked"></span><span class="checkbox-check icon-tick-white"></span><span class="visually-hidden">Filter by</span><span class="filter-label--line--inline">Scholl</span><span class="filter-label--line--inline">&nbsp;(23)</span></a></label></div></li><li class="filter-option__container" id="Aveeno" data-auto="filter-option" data-auto-selected="false"><div class="checkbox" data-auto="checkbox"><input id="filter-option--Aveeno-7016251" name="filter-option--Aveeno-7016251" type="checkbox"><label class="checkbox-label" for="filter-option--Aveeno-7016251" title="Aveeno"><a class="filter-option--link" href="https://www.tesco.com/groceries/en-GB/shop/health-and-beauty/all?brand=Aveeno&amp;viewAll=brand"><span class="checkbox-square checkbox-square-linked"></span><span class="checkbox-check icon-tick-white"></span><span class="visually-hidden">Filter by</span><span class="filter-label--line--inline">Aveeno</span><span class="filter-label--line--inline">&nbsp;(22)</span></a></label></div></li><li class="filter-option__container" id="Carex" data-auto="filter-option" data-auto-selected="false"><div class="checkbox" data-auto="checkbox"><input id="filter-option--Carex-1355319" name="filter-option--Carex-1355319" type="checkbox"><label class="checkbox-label" for="filter-option--Carex-1355319" title="Carex"><a class="filter-option--link" href="https://www.tesco.com/groceries/en-GB/shop/health-and-beauty/all?brand=Carex&amp;viewAll=brand"><span class="checkbox-square checkbox-square-linked"></span><span class="checkbox-check icon-tick-white"></span><span class="visually-hidden">Filter by</span><span class="filter-label--line--inline">Carex</span><span class="filter-label--line--inline">&nbsp;(20)</span></a></label></div></li><li class="filter-option__container" id="Nicorette" data-auto="filter-option" data-auto-selected="false"><div class="checkbox" data-auto="checkbox"><input id="filter-option--Nicorette-9770899" name="filter-option--Nicorette-9770899" type="checkbox"><label class="checkbox-label" for="filter-option--Nicorette-9770899" title="Nicorette"><a class="filter-option--link" href="https://www.tesco.com/groceries/en-GB/shop/health-and-beauty/all?brand=Nicorette&amp;viewAll=brand"><span class="checkbox-square checkbox-square-linked"></span><span class="checkbox-check icon-tick-white"></span><span class="visually-hidden">Filter by</span><span class="filter-label--line--inline">Nicorette</span><span class="filter-label--line--inline">&nbsp;(20)</span></a></label></div></li><li class="filter-option__container" id="Wilkinson Sword" data-auto="filter-option" data-auto-selected="false"><div class="checkbox" data-auto="checkbox"><input id="filter-option--Wilkinson-Sword-1428112" name="filter-option--Wilkinson-Sword-1428112" type="checkbox"><label class="checkbox-label" for="filter-option--Wilkinson-Sword-1428112" title="Wilkinson Sword"><a class="filter-option--link" href="https://www.tesco.com/groceries/en-GB/shop/health-and-beauty/all?brand=Wilkinson%20Sword&amp;viewAll=brand"><span class="checkbox-square checkbox-square-linked"></span><span class="checkbox-check icon-tick-white"></span><span class="visually-hidden">Filter by</span><span class="filter-label--line--block">Wilkinson</span><span class="filter-label--line--inline filter-label--line--truncate">Sword</span><span class="filter-label--line--inline">&nbsp;(19)</span></a></label></div></li><li class="filter-option__container" id="Neutrogena" data-auto="filter-option" data-auto-selected="false"><div class="checkbox" data-auto="checkbox"><input id="filter-option--Neutrogena-2374894" name="filter-option--Neutrogena-2374894" type="checkbox"><label class="checkbox-label" for="filter-option--Neutrogena-2374894" title="Neutrogena"><a class="filter-option--link" href="https://www.tesco.com/groceries/en-GB/shop/health-and-beauty/all?brand=Neutrogena&amp;viewAll=brand"><span class="checkbox-square checkbox-square-linked"></span><span class="checkbox-check icon-tick-white"></span><span class="visually-hidden">Filter by</span><span class="filter-label--line--inline">Neutrogena</span><span class="filter-label--line--inline">&nbsp;(17)</span></a></label></div></li><li class="filter-option__container" id="Nip &amp; Fab" data-auto="filter-option" data-auto-selected="false"><div class="checkbox" data-auto="checkbox"><input id="filter-option--Nip-Fab-6874154" name="filter-option--Nip-Fab-6874154" type="checkbox"><label class="checkbox-label" for="filter-option--Nip-Fab-6874154" title="Nip &amp; Fab"><a class="filter-option--link" href="https://www.tesco.com/groceries/en-GB/shop/health-and-beauty/all?brand=Nip%20%26%20Fab&amp;viewAll=brand"><span class="checkbox-square checkbox-square-linked"></span><span class="checkbox-check icon-tick-white"></span><span class="visually-hidden">Filter by</span><span class="filter-label--line--inline">Nip &amp; Fab</span><span class="filter-label--line--inline">&nbsp;(17)</span></a></label></div></li><li class="filter-option__container" id="Yes To" data-auto="filter-option" data-auto-selected="false"><div class="checkbox" data-auto="checkbox"><input id="filter-option--Yes-To-2809244" name="filter-option--Yes-To-2809244" type="checkbox"><label class="checkbox-label" for="filter-option--Yes-To-2809244" title="Yes To"><a class="filter-option--link" href="https://www.tesco.com/groceries/en-GB/shop/health-and-beauty/all?brand=Yes%20To&amp;viewAll=brand"><span class="checkbox-square checkbox-square-linked"></span><span class="checkbox-check icon-tick-white"></span><span class="visually-hidden">Filter by</span><span class="filter-label--line--inline">Yes To</span><span class="filter-label--line--inline">&nbsp;(17)</span></a></label></div></li><li class="filter-option__container" id="Haliborange" data-auto="filter-option" data-auto-selected="false"><div class="checkbox" data-auto="checkbox"><input id="filter-option--Haliborange-877020" name="filter-option--Haliborange-877020" type="checkbox"><label class="checkbox-label" for="filter-option--Haliborange-877020" title="Haliborange"><a class="filter-option--link" href="https://www.tesco.com/groceries/en-GB/shop/health-and-beauty/all?brand=Haliborange&amp;viewAll=brand"><span class="checkbox-square checkbox-square-linked"></span><span class="checkbox-check icon-tick-white"></span><span class="visually-hidden">Filter by</span><span class="filter-label--line--inline">Haliborange</span><span class="filter-label--line--inline">&nbsp;(16)</span></a></label></div></li><li class="filter-option__container" id="Original Source" data-auto="filter-option" data-auto-selected="false"><div class="checkbox" data-auto="checkbox"><input id="filter-option--Original-Source-1083610" name="filter-option--Original-Source-1083610" type="checkbox"><label class="checkbox-label" for="filter-option--Original-Source-1083610" title="Original Source"><a class="filter-option--link" href="https://www.tesco.com/groceries/en-GB/shop/health-and-beauty/all?brand=Original%20Source&amp;viewAll=brand"><span class="checkbox-square checkbox-square-linked"></span><span class="checkbox-check icon-tick-white"></span><span class="visually-hidden">Filter by</span><span class="filter-label--line--block">Original</span><span class="filter-label--line--inline filter-label--line--truncate">Source</span><span class="filter-label--line--inline">&nbsp;(16)</span></a></label></div></li><li class="filter-option__container" id="Elastoplast" data-auto="filter-option" data-auto-selected="false"><div class="checkbox" data-auto="checkbox"><input id="filter-option--Elastoplast-3330760" name="filter-option--Elastoplast-3330760" type="checkbox"><label class="checkbox-label" for="filter-option--Elastoplast-3330760" title="Elastoplast"><a class="filter-option--link" href="https://www.tesco.com/groceries/en-GB/shop/health-and-beauty/all?brand=Elastoplast&amp;viewAll=brand"><span class="checkbox-square checkbox-square-linked"></span><span class="checkbox-check icon-tick-white"></span><span class="visually-hidden">Filter by</span><span class="filter-label--line--inline">Elastoplast</span><span class="filter-label--line--inline">&nbsp;(15)</span></a></label></div></li><li class="filter-option__container" id="Excellence" data-auto="filter-option" data-auto-selected="false"><div class="checkbox" data-auto="checkbox"><input id="filter-option--Excellence-2267244" name="filter-option--Excellence-2267244" type="checkbox"><label class="checkbox-label" for="filter-option--Excellence-2267244" title="Excellence"><a class="filter-option--link" href="https://www.tesco.com/groceries/en-GB/shop/health-and-beauty/all?brand=Excellence&amp;viewAll=brand"><span class="checkbox-square checkbox-square-linked"></span><span class="checkbox-check icon-tick-white"></span><span class="visually-hidden">Filter by</span><span class="filter-label--line--inline">Excellence</span><span class="filter-label--line--inline">&nbsp;(15)</span></a></label></div></li><li class="filter-option__container" id="Imperial Leather" data-auto="filter-option" data-auto-selected="false"><div class="checkbox" data-auto="checkbox"><input id="filter-option--Imperial-Leather-9569153" name="filter-option--Imperial-Leather-9569153" type="checkbox"><label class="checkbox-label" for="filter-option--Imperial-Leather-9569153" title="Imperial Leather"><a class="filter-option--link" href="https://www.tesco.com/groceries/en-GB/shop/health-and-beauty/all?brand=Imperial%20Leather&amp;viewAll=brand"><span class="checkbox-square checkbox-square-linked"></span><span class="checkbox-check icon-tick-white"></span><span class="visually-hidden">Filter by</span><span class="filter-label--line--block">Imperial</span><span class="filter-label--line--inline filter-label--line--truncate">Leather</span><span class="filter-label--line--inline">&nbsp;(15)</span></a></label></div></li><li class="filter-option__container" id="Nutrisse" data-auto="filter-option" data-auto-selected="false"><div class="checkbox" data-auto="checkbox"><input id="filter-option--Nutrisse-2867706" name="filter-option--Nutrisse-2867706" type="checkbox"><label class="checkbox-label" for="filter-option--Nutrisse-2867706" title="Nutrisse"><a class="filter-option--link" href="https://www.tesco.com/groceries/en-GB/shop/health-and-beauty/all?brand=Nutrisse&amp;viewAll=brand"><span class="checkbox-square checkbox-square-linked"></span><span class="checkbox-check icon-tick-white"></span><span class="visually-hidden">Filter by</span><span class="filter-label--line--inline">Nutrisse</span><span class="filter-label--line--inline">&nbsp;(15)</span></a></label></div></li><li class="filter-option__container" id="Slimfast" data-auto="filter-option" data-auto-selected="false"><div class="checkbox" data-auto="checkbox"><input id="filter-option--Slimfast-3006725" name="filter-option--Slimfast-3006725" type="checkbox"><label class="checkbox-label" for="filter-option--Slimfast-3006725" title="Slimfast"><a class="filter-option--link" href="https://www.tesco.com/groceries/en-GB/shop/health-and-beauty/all?brand=Slimfast&amp;viewAll=brand"><span class="checkbox-square checkbox-square-linked"></span><span class="checkbox-check icon-tick-white"></span><span class="visually-hidden">Filter by</span><span class="filter-label--line--inline">Slimfast</span><span class="filter-label--line--inline">&nbsp;(15)</span></a></label></div></li><li class="filter-option__container" id="Vaseline" data-auto="filter-option" data-auto-selected="false"><div class="checkbox" data-auto="checkbox"><input id="filter-option--Vaseline-3759192" name="filter-option--Vaseline-3759192" type="checkbox"><label class="checkbox-label" for="filter-option--Vaseline-3759192" title="Vaseline"><a class="filter-option--link" href="https://www.tesco.com/groceries/en-GB/shop/health-and-beauty/all?brand=Vaseline&amp;viewAll=brand"><span class="checkbox-square checkbox-square-linked"></span><span class="checkbox-check icon-tick-white"></span><span class="visually-hidden">Filter by</span><span class="filter-label--line--inline">Vaseline</span><span class="filter-label--line--inline">&nbsp;(15)</span></a></label></div></li><li class="filter-option__container" id="Vo5" data-auto="filter-option" data-auto-selected="false"><div class="checkbox" data-auto="checkbox"><input id="filter-option--Vo5-7838460" name="filter-option--Vo5-7838460" type="checkbox"><label class="checkbox-label" for="filter-option--Vo5-7838460" title="Vo5"><a class="filter-option--link" href="https://www.tesco.com/groceries/en-GB/shop/health-and-beauty/all?brand=Vo5&amp;viewAll=brand"><span class="checkbox-square checkbox-square-linked"></span><span class="checkbox-check icon-tick-white"></span><span class="visually-hidden">Filter by</span><span class="filter-label--line--inline">Vo5</span><span class="filter-label--line--inline">&nbsp;(15)</span></a></label></div></li><li class="filter-option__container" id="Bassetts" data-auto="filter-option" data-auto-selected="false"><div class="checkbox" data-auto="checkbox"><input id="filter-option--Bassetts-4197337" name="filter-option--Bassetts-4197337" type="checkbox"><label class="checkbox-label" for="filter-option--Bassetts-4197337" title="Bassetts"><a class="filter-option--link" href="https://www.tesco.com/groceries/en-GB/shop/health-and-beauty/all?brand=Bassetts&amp;viewAll=brand"><span class="checkbox-square checkbox-square-linked"></span><span class="checkbox-check icon-tick-white"></span><span class="visually-hidden">Filter by</span><span class="filter-label--line--inline">Bassetts</span><span class="filter-label--line--inline">&nbsp;(14)</span></a></label></div></li><li class="filter-option__container" id="E45" data-auto="filter-option" data-auto-selected="false"><div class="checkbox" data-auto="checkbox"><input id="filter-option--E45-8161120" name="filter-option--E45-8161120" type="checkbox"><label class="checkbox-label" for="filter-option--E45-8161120" title="E45"><a class="filter-option--link" href="https://www.tesco.com/groceries/en-GB/shop/health-and-beauty/all?brand=E45&amp;viewAll=brand"><span class="checkbox-square checkbox-square-linked"></span><span class="checkbox-check icon-tick-white"></span><span class="visually-hidden">Filter by</span><span class="filter-label--line--inline">E45</span><span class="filter-label--line--inline">&nbsp;(14)</span></a></label></div></li><li class="filter-option__container" id="Grenade" data-auto="filter-option" data-auto-selected="false"><div class="checkbox" data-auto="checkbox"><input id="filter-option--Grenade-573272" name="filter-option--Grenade-573272" type="checkbox"><label class="checkbox-label" for="filter-option--Grenade-573272" title="Grenade"><a class="filter-option--link" href="https://www.tesco.com/groceries/en-GB/shop/health-and-beauty/all?brand=Grenade&amp;viewAll=brand"><span class="checkbox-square checkbox-square-linked"></span><span class="checkbox-check icon-tick-white"></span><span class="visually-hidden">Filter by</span><span class="filter-label--line--inline">Grenade</span><span class="filter-label--line--inline">&nbsp;(14)</span></a></label></div></li><li class="filter-option__container" id="L&#39;oreal Men" data-auto="filter-option" data-auto-selected="false"><div class="checkbox" data-auto="checkbox"><input id="filter-option--L&#39;oreal-Men-8673897" name="filter-option--L&#39;oreal-Men-8673897" type="checkbox"><label class="checkbox-label" for="filter-option--L&#39;oreal-Men-8673897" title="L&#39;oreal Men"><a class="filter-option--link" href="https://www.tesco.com/groceries/en-GB/shop/health-and-beauty/all?brand=L%27oreal%20Men&amp;viewAll=brand"><span class="checkbox-square checkbox-square-linked"></span><span class="checkbox-check icon-tick-white"></span><span class="visually-hidden">Filter by</span><span class="filter-label--line--inline">L'oreal Men</span><span class="filter-label--line--inline">&nbsp;(14)</span></a></label></div></li><li class="filter-option__container" id="Listerine" data-auto="filter-option" data-auto-selected="false"><div class="checkbox" data-auto="checkbox"><input id="filter-option--Listerine-2947906" name="filter-option--Listerine-2947906" type="checkbox"><label class="checkbox-label" for="filter-option--Listerine-2947906" title="Listerine"><a class="filter-option--link" href="https://www.tesco.com/groceries/en-GB/shop/health-and-beauty/all?brand=Listerine&amp;viewAll=brand"><span class="checkbox-square checkbox-square-linked"></span><span class="checkbox-check icon-tick-white"></span><span class="visually-hidden">Filter by</span><span class="filter-label--line--inline">Listerine</span><span class="filter-label--line--inline">&nbsp;(14)</span></a></label></div></li><li class="filter-option__container" id="Sensodyne" data-auto="filter-option" data-auto-selected="false"><div class="checkbox" data-auto="checkbox"><input id="filter-option--Sensodyne-3567267" name="filter-option--Sensodyne-3567267" type="checkbox"><label class="checkbox-label" for="filter-option--Sensodyne-3567267" title="Sensodyne"><a class="filter-option--link" href="https://www.tesco.com/groceries/en-GB/shop/health-and-beauty/all?brand=Sensodyne&amp;viewAll=brand"><span class="checkbox-square checkbox-square-linked"></span><span class="checkbox-check icon-tick-white"></span><span class="visually-hidden">Filter by</span><span class="filter-label--line--inline">Sensodyne</span><span class="filter-label--line--inline">&nbsp;(14)</span></a></label></div></li><li class="filter-option__container" id="So" data-auto="filter-option" data-auto-selected="false"><div class="checkbox" data-auto="checkbox"><input id="filter-option--So-7094014" name="filter-option--So-7094014" type="checkbox"><label class="checkbox-label" for="filter-option--So-7094014" title="So"><a class="filter-option--link" href="https://www.tesco.com/groceries/en-GB/shop/health-and-beauty/all?brand=So&amp;viewAll=brand"><span class="checkbox-square checkbox-square-linked"></span><span class="checkbox-check icon-tick-white"></span><span class="visually-hidden">Filter by</span><span class="filter-label--line--inline">So</span><span class="filter-label--line--inline">&nbsp;(14)</span></a></label></div></li><li class="filter-option__container" id="Superfacialist" data-auto="filter-option" data-auto-selected="false"><div class="checkbox" data-auto="checkbox"><input id="filter-option--Superfacialist-3489157" name="filter-option--Superfacialist-3489157" type="checkbox"><label class="checkbox-label" for="filter-option--Superfacialist-3489157" title="Superfacialist"><a class="filter-option--link" href="https://www.tesco.com/groceries/en-GB/shop/health-and-beauty/all?brand=Superfacialist&amp;viewAll=brand"><span class="checkbox-square checkbox-square-linked"></span><span class="checkbox-check icon-tick-white"></span><span class="visually-hidden">Filter by</span><span class="filter-label--line--inline filter-label--line--truncate">Superfacialist</span><span class="filter-label--line--inline">&nbsp;(14)</span></a></label></div></li><li class="filter-option__container" id="Tesco Essentials" data-auto="filter-option" data-auto-selected="false"><div class="checkbox" data-auto="checkbox"><input id="filter-option--Tesco-Essentials-99791" name="filter-option--Tesco-Essentials-99791" type="checkbox"><label class="checkbox-label" for="filter-option--Tesco-Essentials-99791" title="Tesco Essentials"><a class="filter-option--link" href="https://www.tesco.com/groceries/en-GB/shop/health-and-beauty/all?brand=Tesco%20Essentials&amp;viewAll=brand"><span class="checkbox-square checkbox-square-linked"></span><span class="checkbox-check icon-tick-white"></span><span class="visually-hidden">Filter by</span><span class="filter-label--line--block">Tesco</span><span class="filter-label--line--inline filter-label--line--truncate">Essentials</span><span class="filter-label--line--inline">&nbsp;(14)</span></a></label></div></li><li class="filter-option__container" id="Vatika" data-auto="filter-option" data-auto-selected="false"><div class="checkbox" data-auto="checkbox"><input id="filter-option--Vatika-141294" name="filter-option--Vatika-141294" type="checkbox"><label class="checkbox-label" for="filter-option--Vatika-141294" title="Vatika"><a class="filter-option--link" href="https://www.tesco.com/groceries/en-GB/shop/health-and-beauty/all?brand=Vatika&amp;viewAll=brand"><span class="checkbox-square checkbox-square-linked"></span><span class="checkbox-check icon-tick-white"></span><span class="visually-hidden">Filter by</span><span class="filter-label--line--inline">Vatika</span><span class="filter-label--line--inline">&nbsp;(14)</span></a></label></div></li><li class="filter-option__container" id="Alberto Balsam" data-auto="filter-option" data-auto-selected="false"><div class="checkbox" data-auto="checkbox"><input id="filter-option--Alberto-Balsam-5863603" name="filter-option--Alberto-Balsam-5863603" type="checkbox"><label class="checkbox-label" for="filter-option--Alberto-Balsam-5863603" title="Alberto Balsam"><a class="filter-option--link" href="https://www.tesco.com/groceries/en-GB/shop/health-and-beauty/all?brand=Alberto%20Balsam&amp;viewAll=brand"><span class="checkbox-square checkbox-square-linked"></span><span class="checkbox-check icon-tick-white"></span><span class="visually-hidden">Filter by</span><span class="filter-label--line--block">Alberto</span><span class="filter-label--line--inline filter-label--line--truncate">Balsam</span><span class="filter-label--line--inline">&nbsp;(13)</span></a></label></div></li><li class="filter-option__container" id="Alice Scott" data-auto="filter-option" data-auto-selected="false"><div class="checkbox" data-auto="checkbox"><input id="filter-option--Alice-Scott-9166257" name="filter-option--Alice-Scott-9166257" type="checkbox"><label class="checkbox-label" for="filter-option--Alice-Scott-9166257" title="Alice Scott"><a class="filter-option--link" href="https://www.tesco.com/groceries/en-GB/shop/health-and-beauty/all?brand=Alice%20Scott&amp;viewAll=brand"><span class="checkbox-square checkbox-square-linked"></span><span class="checkbox-check icon-tick-white"></span><span class="visually-hidden">Filter by</span><span class="filter-label--line--inline">Alice Scott</span><span class="filter-label--line--inline">&nbsp;(13)</span></a></label></div></li><li class="filter-option__container" id="Balance Active" data-auto="filter-option" data-auto-selected="false"><div class="checkbox" data-auto="checkbox"><input id="filter-option--Balance-Active-2181501" name="filter-option--Balance-Active-2181501" type="checkbox"><label class="checkbox-label" for="filter-option--Balance-Active-2181501" title="Balance Active"><a class="filter-option--link" href="https://www.tesco.com/groceries/en-GB/shop/health-and-beauty/all?brand=Balance%20Active&amp;viewAll=brand"><span class="checkbox-square checkbox-square-linked"></span><span class="checkbox-check icon-tick-white"></span><span class="visually-hidden">Filter by</span><span class="filter-label--line--block">Balance</span><span class="filter-label--line--inline filter-label--line--truncate">Active</span><span class="filter-label--line--inline">&nbsp;(13)</span></a></label></div></li><li class="filter-option__container" id="Bodyform" data-auto="filter-option" data-auto-selected="false"><div class="checkbox" data-auto="checkbox"><input id="filter-option--Bodyform-3415412" name="filter-option--Bodyform-3415412" type="checkbox"><label class="checkbox-label" for="filter-option--Bodyform-3415412" title="Bodyform"><a class="filter-option--link" href="https://www.tesco.com/groceries/en-GB/shop/health-and-beauty/all?brand=Bodyform&amp;viewAll=brand"><span class="checkbox-square checkbox-square-linked"></span><span class="checkbox-check icon-tick-white"></span><span class="visually-hidden">Filter by</span><span class="filter-label--line--inline">Bodyform</span><span class="filter-label--line--inline">&nbsp;(13)</span></a></label></div></li><li class="filter-option__container" id="Elegant Touch" data-auto="filter-option" data-auto-selected="false"><div class="checkbox" data-auto="checkbox"><input id="filter-option--Elegant-Touch-6159964" name="filter-option--Elegant-Touch-6159964" type="checkbox"><label class="checkbox-label" for="filter-option--Elegant-Touch-6159964" title="Elegant Touch"><a class="filter-option--link" href="https://www.tesco.com/groceries/en-GB/shop/health-and-beauty/all?brand=Elegant%20Touch&amp;viewAll=brand"><span class="checkbox-square checkbox-square-linked"></span><span class="checkbox-check icon-tick-white"></span><span class="visually-hidden">Filter by</span><span class="filter-label--line--inline">Elegant Touch</span><span class="filter-label--line--inline">&nbsp;(13)</span></a></label></div></li><li class="filter-option__container" id="Feather &amp; Down" data-auto="filter-option" data-auto-selected="false"><div class="checkbox" data-auto="checkbox"><input id="filter-option--Feather-Down-8481928" name="filter-option--Feather-Down-8481928" type="checkbox"><label class="checkbox-label" for="filter-option--Feather-Down-8481928" title="Feather &amp; Down"><a class="filter-option--link" href="https://www.tesco.com/groceries/en-GB/shop/health-and-beauty/all?brand=Feather%20%26%20Down&amp;viewAll=brand"><span class="checkbox-square checkbox-square-linked"></span><span class="checkbox-check icon-tick-white"></span><span class="visually-hidden">Filter by</span><span class="filter-label--line--block">Feather &amp;</span><span class="filter-label--line--inline filter-label--line--truncate">Down</span><span class="filter-label--line--inline">&nbsp;(13)</span></a></label></div></li><li class="filter-option__container" id="Gaviscon" data-auto="filter-option" data-auto-selected="false"><div class="checkbox" data-auto="checkbox"><input id="filter-option--Gaviscon-7094076" name="filter-option--Gaviscon-7094076" type="checkbox"><label class="checkbox-label" for="filter-option--Gaviscon-7094076" title="Gaviscon"><a class="filter-option--link" href="https://www.tesco.com/groceries/en-GB/shop/health-and-beauty/all?brand=Gaviscon&amp;viewAll=brand"><span class="checkbox-square checkbox-square-linked"></span><span class="checkbox-check icon-tick-white"></span><span class="visually-hidden">Filter by</span><span class="filter-label--line--inline">Gaviscon</span><span class="filter-label--line--inline">&nbsp;(13)</span></a></label></div></li><li class="filter-option__container" id="Maui Moisture" data-auto="filter-option" data-auto-selected="false"><div class="checkbox" data-auto="checkbox"><input id="filter-option--Maui-Moisture-4530982" name="filter-option--Maui-Moisture-4530982" type="checkbox"><label class="checkbox-label" for="filter-option--Maui-Moisture-4530982" title="Maui Moisture"><a class="filter-option--link" href="https://www.tesco.com/groceries/en-GB/shop/health-and-beauty/all?brand=Maui%20Moisture&amp;viewAll=brand"><span class="checkbox-square checkbox-square-linked"></span><span class="checkbox-check icon-tick-white"></span><span class="visually-hidden">Filter by</span><span class="filter-label--line--inline">Maui Moisture</span><span class="filter-label--line--inline">&nbsp;(13)</span></a></label></div></li><li class="filter-option__container" id="Nicotinell" data-auto="filter-option" data-auto-selected="false"><div class="checkbox" data-auto="checkbox"><input id="filter-option--Nicotinell-9215827" name="filter-option--Nicotinell-9215827" type="checkbox"><label class="checkbox-label" for="filter-option--Nicotinell-9215827" title="Nicotinell"><a class="filter-option--link" href="https://www.tesco.com/groceries/en-GB/shop/health-and-beauty/all?brand=Nicotinell&amp;viewAll=brand"><span class="checkbox-square checkbox-square-linked"></span><span class="checkbox-check icon-tick-white"></span><span class="visually-hidden">Filter by</span><span class="filter-label--line--inline">Nicotinell</span><span class="filter-label--line--inline">&nbsp;(13)</span></a></label></div></li><li class="filter-option__container" id="Optrex" data-auto="filter-option" data-auto-selected="false"><div class="checkbox" data-auto="checkbox"><input id="filter-option--Optrex-3807528" name="filter-option--Optrex-3807528" type="checkbox"><label class="checkbox-label" for="filter-option--Optrex-3807528" title="Optrex"><a class="filter-option--link" href="https://www.tesco.com/groceries/en-GB/shop/health-and-beauty/all?brand=Optrex&amp;viewAll=brand"><span class="checkbox-square checkbox-square-linked"></span><span class="checkbox-check icon-tick-white"></span><span class="visually-hidden">Filter by</span><span class="filter-label--line--inline">Optrex</span><span class="filter-label--line--inline">&nbsp;(13)</span></a></label></div></li><li class="filter-option__container" id="Phd Nutrition" data-auto="filter-option" data-auto-selected="false"><div class="checkbox" data-auto="checkbox"><input id="filter-option--Phd-Nutrition-1411605" name="filter-option--Phd-Nutrition-1411605" type="checkbox"><label class="checkbox-label" for="filter-option--Phd-Nutrition-1411605" title="Phd Nutrition"><a class="filter-option--link" href="https://www.tesco.com/groceries/en-GB/shop/health-and-beauty/all?brand=Phd%20Nutrition&amp;viewAll=brand"><span class="checkbox-square checkbox-square-linked"></span><span class="checkbox-check icon-tick-white"></span><span class="visually-hidden">Filter by</span><span class="filter-label--line--inline">Phd Nutrition</span><span class="filter-label--line--inline">&nbsp;(13)</span></a></label></div></li><li class="filter-option__container" id="Real Techniques" data-auto="filter-option" data-auto-selected="false"><div class="checkbox" data-auto="checkbox"><input id="filter-option--Real-Techniques-2540239" name="filter-option--Real-Techniques-2540239" type="checkbox"><label class="checkbox-label" for="filter-option--Real-Techniques-2540239" title="Real Techniques"><a class="filter-option--link" href="https://www.tesco.com/groceries/en-GB/shop/health-and-beauty/all?brand=Real%20Techniques&amp;viewAll=brand"><span class="checkbox-square checkbox-square-linked"></span><span class="checkbox-check icon-tick-white"></span><span class="visually-hidden">Filter by</span><span class="filter-label--line--block">Real</span><span class="filter-label--line--inline filter-label--line--truncate">Techniques</span><span class="filter-label--line--inline">&nbsp;(13)</span></a></label></div></li><li class="filter-option__container" id="Shea Moisture" data-auto="filter-option" data-auto-selected="false"><div class="checkbox" data-auto="checkbox"><input id="filter-option--Shea-Moisture-7777000" name="filter-option--Shea-Moisture-7777000" type="checkbox"><label class="checkbox-label" for="filter-option--Shea-Moisture-7777000" title="Shea Moisture"><a class="filter-option--link" href="https://www.tesco.com/groceries/en-GB/shop/health-and-beauty/all?brand=Shea%20Moisture&amp;viewAll=brand"><span class="checkbox-square checkbox-square-linked"></span><span class="checkbox-check icon-tick-white"></span><span class="visually-hidden">Filter by</span><span class="filter-label--line--inline">Shea Moisture</span><span class="filter-label--line--inline">&nbsp;(13)</span></a></label></div></li><li class="filter-option__container" id="Aquafresh" data-auto="filter-option" data-auto-selected="false"><div class="checkbox" data-auto="checkbox"><input id="filter-option--Aquafresh-7863131" name="filter-option--Aquafresh-7863131" type="checkbox"><label class="checkbox-label" for="filter-option--Aquafresh-7863131" title="Aquafresh"><a class="filter-option--link" href="https://www.tesco.com/groceries/en-GB/shop/health-and-beauty/all?brand=Aquafresh&amp;viewAll=brand"><span class="checkbox-square checkbox-square-linked"></span><span class="checkbox-check icon-tick-white"></span><span class="visually-hidden">Filter by</span><span class="filter-label--line--inline">Aquafresh</span><span class="filter-label--line--inline">&nbsp;(12)</span></a></label></div></li><li class="filter-option__container" id="Babyliss" data-auto="filter-option" data-auto-selected="false"><div class="checkbox" data-auto="checkbox"><input id="filter-option--Babyliss-5016319" name="filter-option--Babyliss-5016319" type="checkbox"><label class="checkbox-label" for="filter-option--Babyliss-5016319" title="Babyliss"><a class="filter-option--link" href="https://www.tesco.com/groceries/en-GB/shop/health-and-beauty/all?brand=Babyliss&amp;viewAll=brand"><span class="checkbox-square checkbox-square-linked"></span><span class="checkbox-check icon-tick-white"></span><span class="visually-hidden">Filter by</span><span class="filter-label--line--inline">Babyliss</span><span class="filter-label--line--inline">&nbsp;(12)</span></a></label></div></li><li class="filter-option__container" id="Centrum" data-auto="filter-option" data-auto-selected="false"><div class="checkbox" data-auto="checkbox"><input id="filter-option--Centrum-1915639" name="filter-option--Centrum-1915639" type="checkbox"><label class="checkbox-label" for="filter-option--Centrum-1915639" title="Centrum"><a class="filter-option--link" href="https://www.tesco.com/groceries/en-GB/shop/health-and-beauty/all?brand=Centrum&amp;viewAll=brand"><span class="checkbox-square checkbox-square-linked"></span><span class="checkbox-check icon-tick-white"></span><span class="visually-hidden">Filter by</span><span class="filter-label--line--inline">Centrum</span><span class="filter-label--line--inline">&nbsp;(12)</span></a></label></div></li><li class="filter-option__container" id="Dash" data-auto="filter-option" data-auto-selected="false"><div class="checkbox" data-auto="checkbox"><input id="filter-option--Dash-3548098" name="filter-option--Dash-3548098" type="checkbox"><label class="checkbox-label" for="filter-option--Dash-3548098" title="Dash"><a class="filter-option--link" href="https://www.tesco.com/groceries/en-GB/shop/health-and-beauty/all?brand=Dash&amp;viewAll=brand"><span class="checkbox-square checkbox-square-linked"></span><span class="checkbox-check icon-tick-white"></span><span class="visually-hidden">Filter by</span><span class="filter-label--line--inline">Dash</span><span class="filter-label--line--inline">&nbsp;(12)</span></a></label></div></li><li class="filter-option__container" id="Harry&#39;s" data-auto="filter-option" data-auto-selected="false"><div class="checkbox" data-auto="checkbox"><input id="filter-option--Harry&#39;s-5035460" name="filter-option--Harry&#39;s-5035460" type="checkbox"><label class="checkbox-label" for="filter-option--Harry&#39;s-5035460" title="Harry&#39;s"><a class="filter-option--link" href="https://www.tesco.com/groceries/en-GB/shop/health-and-beauty/all?brand=Harry%27s&amp;viewAll=brand"><span class="checkbox-square checkbox-square-linked"></span><span class="checkbox-check icon-tick-white"></span><span class="visually-hidden">Filter by</span><span class="filter-label--line--inline">Harry's</span><span class="filter-label--line--inline">&nbsp;(12)</span></a></label></div></li><li class="filter-option__container" id="Masking" data-auto="filter-option" data-auto-selected="false"><div class="checkbox" data-auto="checkbox"><input id="filter-option--Masking-3318672" name="filter-option--Masking-3318672" type="checkbox"><label class="checkbox-label" for="filter-option--Masking-3318672" title="Masking"><a class="filter-option--link" href="https://www.tesco.com/groceries/en-GB/shop/health-and-beauty/all?brand=Masking&amp;viewAll=brand"><span class="checkbox-square checkbox-square-linked"></span><span class="checkbox-check icon-tick-white"></span><span class="visually-hidden">Filter by</span><span class="filter-label--line--inline">Masking</span><span class="filter-label--line--inline">&nbsp;(12)</span></a></label></div></li><li class="filter-option__container" id="Nurofen" data-auto="filter-option" data-auto-selected="false"><div class="checkbox" data-auto="checkbox"><input id="filter-option--Nurofen-8276190" name="filter-option--Nurofen-8276190" type="checkbox"><label class="checkbox-label" for="filter-option--Nurofen-8276190" title="Nurofen"><a class="filter-option--link" href="https://www.tesco.com/groceries/en-GB/shop/health-and-beauty/all?brand=Nurofen&amp;viewAll=brand"><span class="checkbox-square checkbox-square-linked"></span><span class="checkbox-check icon-tick-white"></span><span class="visually-hidden">Filter by</span><span class="filter-label--line--inline">Nurofen</span><span class="filter-label--line--inline">&nbsp;(12)</span></a></label></div></li><li class="filter-option__container" id="Other" data-auto="filter-option" data-auto-selected="false"><div class="checkbox" data-auto="checkbox"><input id="filter-option--Other-6488496" name="filter-option--Other-6488496" type="checkbox"><label class="checkbox-label" for="filter-option--Other-6488496" title="Other"><a class="filter-option--link" href="https://www.tesco.com/groceries/en-GB/shop/health-and-beauty/all?brand=Other&amp;viewAll=brand"><span class="checkbox-square checkbox-square-linked"></span><span class="checkbox-check icon-tick-white"></span><span class="visually-hidden">Filter by</span><span class="filter-label--line--inline">Other</span><span class="filter-label--line--inline">&nbsp;(12)</span></a></label></div></li><li class="filter-option__container" id="Qvs" data-auto="filter-option" data-auto-selected="false"><div class="checkbox" data-auto="checkbox"><input id="filter-option--Qvs-8400597" name="filter-option--Qvs-8400597" type="checkbox"><label class="checkbox-label" for="filter-option--Qvs-8400597" title="Qvs"><a class="filter-option--link" href="https://www.tesco.com/groceries/en-GB/shop/health-and-beauty/all?brand=Qvs&amp;viewAll=brand"><span class="checkbox-square checkbox-square-linked"></span><span class="checkbox-check icon-tick-white"></span><span class="visually-hidden">Filter by</span><span class="filter-label--line--inline">Qvs</span><span class="filter-label--line--inline">&nbsp;(12)</span></a></label></div></li><li class="filter-option__container" id="Bleach London" data-auto="filter-option" data-auto-selected="false"><div class="checkbox" data-auto="checkbox"><input id="filter-option--Bleach-London-3409552" name="filter-option--Bleach-London-3409552" type="checkbox"><label class="checkbox-label" for="filter-option--Bleach-London-3409552" title="Bleach London"><a class="filter-option--link" href="https://www.tesco.com/groceries/en-GB/shop/health-and-beauty/all?brand=Bleach%20London&amp;viewAll=brand"><span class="checkbox-square checkbox-square-linked"></span><span class="checkbox-check icon-tick-white"></span><span class="visually-hidden">Filter by</span><span class="filter-label--line--inline">Bleach London</span><span class="filter-label--line--inline">&nbsp;(11)</span></a></label></div></li><li class="filter-option__container" id="Mitchum" data-auto="filter-option" data-auto-selected="false"><div class="checkbox" data-auto="checkbox"><input id="filter-option--Mitchum-5783066" name="filter-option--Mitchum-5783066" type="checkbox"><label class="checkbox-label" for="filter-option--Mitchum-5783066" title="Mitchum"><a class="filter-option--link" href="https://www.tesco.com/groceries/en-GB/shop/health-and-beauty/all?brand=Mitchum&amp;viewAll=brand"><span class="checkbox-square checkbox-square-linked"></span><span class="checkbox-check icon-tick-white"></span><span class="visually-hidden">Filter by</span><span class="filter-label--line--inline">Mitchum</span><span class="filter-label--line--inline">&nbsp;(11)</span></a></label></div></li><li class="filter-option__container" id="Palmolive" data-auto="filter-option" data-auto-selected="false"><div class="checkbox" data-auto="checkbox"><input id="filter-option--Palmolive-1932265" name="filter-option--Palmolive-1932265" type="checkbox"><label class="checkbox-label" for="filter-option--Palmolive-1932265" title="Palmolive"><a class="filter-option--link" href="https://www.tesco.com/groceries/en-GB/shop/health-and-beauty/all?brand=Palmolive&amp;viewAll=brand"><span class="checkbox-square checkbox-square-linked"></span><span class="checkbox-check icon-tick-white"></span><span class="visually-hidden">Filter by</span><span class="filter-label--line--inline">Palmolive</span><span class="filter-label--line--inline">&nbsp;(11)</span></a></label></div></li><li class="filter-option__container" id="Remington" data-auto="filter-option" data-auto-selected="false"><div class="checkbox" data-auto="checkbox"><input id="filter-option--Remington-8418468" name="filter-option--Remington-8418468" type="checkbox"><label class="checkbox-label" for="filter-option--Remington-8418468" title="Remington"><a class="filter-option--link" href="https://www.tesco.com/groceries/en-GB/shop/health-and-beauty/all?brand=Remington&amp;viewAll=brand"><span class="checkbox-square checkbox-square-linked"></span><span class="checkbox-check icon-tick-white"></span><span class="visually-hidden">Filter by</span><span class="filter-label--line--inline">Remington</span><span class="filter-label--line--inline">&nbsp;(11)</span></a></label></div></li><li class="filter-option__container" id="Tampax" data-auto="filter-option" data-auto-selected="false"><div class="checkbox" data-auto="checkbox"><input id="filter-option--Tampax-5371039" name="filter-option--Tampax-5371039" type="checkbox"><label class="checkbox-label" for="filter-option--Tampax-5371039" title="Tampax"><a class="filter-option--link" href="https://www.tesco.com/groceries/en-GB/shop/health-and-beauty/all?brand=Tampax&amp;viewAll=brand"><span class="checkbox-square checkbox-square-linked"></span><span class="checkbox-check icon-tick-white"></span><span class="visually-hidden">Filter by</span><span class="filter-label--line--inline">Tampax</span><span class="filter-label--line--inline">&nbsp;(11)</span></a></label></div></li><li class="filter-option__container" id="Yardley London" data-auto="filter-option" data-auto-selected="false"><div class="checkbox" data-auto="checkbox"><input id="filter-option--Yardley-London-9972916" name="filter-option--Yardley-London-9972916" type="checkbox"><label class="checkbox-label" for="filter-option--Yardley-London-9972916" title="Yardley London"><a class="filter-option--link" href="https://www.tesco.com/groceries/en-GB/shop/health-and-beauty/all?brand=Yardley%20London&amp;viewAll=brand"><span class="checkbox-square checkbox-square-linked"></span><span class="checkbox-check icon-tick-white"></span><span class="visually-hidden">Filter by</span><span class="filter-label--line--block">Yardley</span><span class="filter-label--line--inline filter-label--line--truncate">London</span><span class="filter-label--line--inline">&nbsp;(11)</span></a></label></div></li><li class="filter-option__container" id="Ambre Solaire" data-auto="filter-option" data-auto-selected="false"><div class="checkbox" data-auto="checkbox"><input id="filter-option--Ambre-Solaire-4838" name="filter-option--Ambre-Solaire-4838" type="checkbox"><label class="checkbox-label" for="filter-option--Ambre-Solaire-4838" title="Ambre Solaire"><a class="filter-option--link" href="https://www.tesco.com/groceries/en-GB/shop/health-and-beauty/all?brand=Ambre%20Solaire&amp;viewAll=brand"><span class="checkbox-square checkbox-square-linked"></span><span class="checkbox-check icon-tick-white"></span><span class="visually-hidden">Filter by</span><span class="filter-label--line--inline">Ambre Solaire</span><span class="filter-label--line--inline">&nbsp;(10)</span></a></label></div></li><li class="filter-option__container" id="Girlz Only" data-auto="filter-option" data-auto-selected="false"><div class="checkbox" data-auto="checkbox"><input id="filter-option--Girlz-Only-4701934" name="filter-option--Girlz-Only-4701934" type="checkbox"><label class="checkbox-label" for="filter-option--Girlz-Only-4701934" title="Girlz Only"><a class="filter-option--link" href="https://www.tesco.com/groceries/en-GB/shop/health-and-beauty/all?brand=Girlz%20Only&amp;viewAll=brand"><span class="checkbox-square checkbox-square-linked"></span><span class="checkbox-check icon-tick-white"></span><span class="visually-hidden">Filter by</span><span class="filter-label--line--inline">Girlz Only</span><span class="filter-label--line--inline">&nbsp;(10)</span></a></label></div></li><li class="filter-option__container" id="Jerome Russell" data-auto="filter-option" data-auto-selected="false"><div class="checkbox" data-auto="checkbox"><input id="filter-option--Jerome-Russell-1953476" name="filter-option--Jerome-Russell-1953476" type="checkbox"><label class="checkbox-label" for="filter-option--Jerome-Russell-1953476" title="Jerome Russell"><a class="filter-option--link" href="https://www.tesco.com/groceries/en-GB/shop/health-and-beauty/all?brand=Jerome%20Russell&amp;viewAll=brand"><span class="checkbox-square checkbox-square-linked"></span><span class="checkbox-check icon-tick-white"></span><span class="visually-hidden">Filter by</span><span class="filter-label--line--block">Jerome</span><span class="filter-label--line--inline filter-label--line--truncate">Russell</span><span class="filter-label--line--inline">&nbsp;(10)</span></a></label></div></li><li class="filter-option__container" id="Niquitin" data-auto="filter-option" data-auto-selected="false"><div class="checkbox" data-auto="checkbox"><input id="filter-option--Niquitin-9529091" name="filter-option--Niquitin-9529091" type="checkbox"><label class="checkbox-label" for="filter-option--Niquitin-9529091" title="Niquitin"><a class="filter-option--link" href="https://www.tesco.com/groceries/en-GB/shop/health-and-beauty/all?brand=Niquitin&amp;viewAll=brand"><span class="checkbox-square checkbox-square-linked"></span><span class="checkbox-check icon-tick-white"></span><span class="visually-hidden">Filter by</span><span class="filter-label--line--inline">Niquitin</span><span class="filter-label--line--inline">&nbsp;(10)</span></a></label></div></li><li class="filter-option__container" id="Ors" data-auto="filter-option" data-auto-selected="false"><div class="checkbox" data-auto="checkbox"><input id="filter-option--Ors-8646690" name="filter-option--Ors-8646690" type="checkbox"><label class="checkbox-label" for="filter-option--Ors-8646690" title="Ors"><a class="filter-option--link" href="https://www.tesco.com/groceries/en-GB/shop/health-and-beauty/all?brand=Ors&amp;viewAll=brand"><span class="checkbox-square checkbox-square-linked"></span><span class="checkbox-check icon-tick-white"></span><span class="visually-hidden">Filter by</span><span class="filter-label--line--inline">Ors</span><span class="filter-label--line--inline">&nbsp;(10)</span></a></label></div></li><li class="filter-option__container" id="Skin Saints" data-auto="filter-option" data-auto-selected="false"><div class="checkbox" data-auto="checkbox"><input id="filter-option--Skin-Saints-4105381" name="filter-option--Skin-Saints-4105381" type="checkbox"><label class="checkbox-label" for="filter-option--Skin-Saints-4105381" title="Skin Saints"><a class="filter-option--link" href="https://www.tesco.com/groceries/en-GB/shop/health-and-beauty/all?brand=Skin%20Saints&amp;viewAll=brand"><span class="checkbox-square checkbox-square-linked"></span><span class="checkbox-check icon-tick-white"></span><span class="visually-hidden">Filter by</span><span class="filter-label--line--inline">Skin Saints</span><span class="filter-label--line--inline">&nbsp;(10)</span></a></label></div></li><li class="filter-option__container" id="So Eco" data-auto="filter-option" data-auto-selected="false"><div class="checkbox" data-auto="checkbox"><input id="filter-option--So-Eco-9399348" name="filter-option--So-Eco-9399348" type="checkbox"><label class="checkbox-label" for="filter-option--So-Eco-9399348" title="So Eco"><a class="filter-option--link" href="https://www.tesco.com/groceries/en-GB/shop/health-and-beauty/all?brand=So%20Eco&amp;viewAll=brand"><span class="checkbox-square checkbox-square-linked"></span><span class="checkbox-check icon-tick-white"></span><span class="visually-hidden">Filter by</span><span class="filter-label--line--inline">So Eco</span><span class="filter-label--line--inline">&nbsp;(10)</span></a></label></div></li><li class="filter-option__container" id="St Moriz" data-auto="filter-option" data-auto-selected="false"><div class="checkbox" data-auto="checkbox"><input id="filter-option--St-Moriz-5580112" name="filter-option--St-Moriz-5580112" type="checkbox"><label class="checkbox-label" for="filter-option--St-Moriz-5580112" title="St Moriz"><a class="filter-option--link" href="https://www.tesco.com/groceries/en-GB/shop/health-and-beauty/all?brand=St%20Moriz&amp;viewAll=brand"><span class="checkbox-square checkbox-square-linked"></span><span class="checkbox-check icon-tick-white"></span><span class="visually-hidden">Filter by</span><span class="filter-label--line--inline">St Moriz</span><span class="filter-label--line--inline">&nbsp;(10)</span></a></label></div></li><li class="filter-option__container" id="Belle Color" data-auto="filter-option" data-auto-selected="false"><div class="checkbox" data-auto="checkbox"><input id="filter-option--Belle-Color-904594" name="filter-option--Belle-Color-904594" type="checkbox"><label class="checkbox-label" for="filter-option--Belle-Color-904594" title="Belle Color"><a class="filter-option--link" href="https://www.tesco.com/groceries/en-GB/shop/health-and-beauty/all?brand=Belle%20Color&amp;viewAll=brand"><span class="checkbox-square checkbox-square-linked"></span><span class="checkbox-check icon-tick-white"></span><span class="visually-hidden">Filter by</span><span class="filter-label--line--inline">Belle Color</span><span class="filter-label--line--inline">&nbsp;(9)</span></a></label></div></li><li class="filter-option__container" id="Berocca" data-auto="filter-option" data-auto-selected="false"><div class="checkbox" data-auto="checkbox"><input id="filter-option--Berocca-9225636" name="filter-option--Berocca-9225636" type="checkbox"><label class="checkbox-label" for="filter-option--Berocca-9225636" title="Berocca"><a class="filter-option--link" href="https://www.tesco.com/groceries/en-GB/shop/health-and-beauty/all?brand=Berocca&amp;viewAll=brand"><span class="checkbox-square checkbox-square-linked"></span><span class="checkbox-check icon-tick-white"></span><span class="visually-hidden">Filter by</span><span class="filter-label--line--inline">Berocca</span><span class="filter-label--line--inline">&nbsp;(9)</span></a></label></div></li><li class="filter-option__container" id="Corsodyl" data-auto="filter-option" data-auto-selected="false"><div class="checkbox" data-auto="checkbox"><input id="filter-option--Corsodyl-9046823" name="filter-option--Corsodyl-9046823" type="checkbox"><label class="checkbox-label" for="filter-option--Corsodyl-9046823" title="Corsodyl"><a class="filter-option--link" href="https://www.tesco.com/groceries/en-GB/shop/health-and-beauty/all?brand=Corsodyl&amp;viewAll=brand"><span class="checkbox-square checkbox-square-linked"></span><span class="checkbox-check icon-tick-white"></span><span class="visually-hidden">Filter by</span><span class="filter-label--line--inline">Corsodyl</span><span class="filter-label--line--inline">&nbsp;(9)</span></a></label></div></li><li class="filter-option__container" id="Expert For Men" data-auto="filter-option" data-auto-selected="false"><div class="checkbox" data-auto="checkbox"><input id="filter-option--Expert-For-Men-2014143" name="filter-option--Expert-For-Men-2014143" type="checkbox"><label class="checkbox-label" for="filter-option--Expert-For-Men-2014143" title="Expert For Men"><a class="filter-option--link" href="https://www.tesco.com/groceries/en-GB/shop/health-and-beauty/all?brand=Expert%20For%20Men&amp;viewAll=brand"><span class="checkbox-square checkbox-square-linked"></span><span class="checkbox-check icon-tick-white"></span><span class="visually-hidden">Filter by</span><span class="filter-label--line--inline">Expert For Men</span><span class="filter-label--line--inline">&nbsp;(9)</span></a></label></div></li><li class="filter-option__container" id="Hawaiian Tropic" data-auto="filter-option" data-auto-selected="false"><div class="checkbox" data-auto="checkbox"><input id="filter-option--Hawaiian-Tropic-4419846" name="filter-option--Hawaiian-Tropic-4419846" type="checkbox"><label class="checkbox-label" for="filter-option--Hawaiian-Tropic-4419846" title="Hawaiian Tropic"><a class="filter-option--link" href="https://www.tesco.com/groceries/en-GB/shop/health-and-beauty/all?brand=Hawaiian%20Tropic&amp;viewAll=brand"><span class="checkbox-square checkbox-square-linked"></span><span class="checkbox-check icon-tick-white"></span><span class="visually-hidden">Filter by</span><span class="filter-label--line--block">Hawaiian</span><span class="filter-label--line--inline filter-label--line--truncate">Tropic</span><span class="filter-label--line--inline">&nbsp;(9)</span></a></label></div></li><li class="filter-option__container" id="Just For Men" data-auto="filter-option" data-auto-selected="false"><div class="checkbox" data-auto="checkbox"><input id="filter-option--Just-For-Men-2663143" name="filter-option--Just-For-Men-2663143" type="checkbox"><label class="checkbox-label" for="filter-option--Just-For-Men-2663143" title="Just For Men"><a class="filter-option--link" href="https://www.tesco.com/groceries/en-GB/shop/health-and-beauty/all?brand=Just%20For%20Men&amp;viewAll=brand"><span class="checkbox-square checkbox-square-linked"></span><span class="checkbox-check icon-tick-white"></span><span class="visually-hidden">Filter by</span><span class="filter-label--line--inline">Just For Men</span><span class="filter-label--line--inline">&nbsp;(9)</span></a></label></div></li><li class="filter-option__container" id="Old Spice" data-auto="filter-option" data-auto-selected="false"><div class="checkbox" data-auto="checkbox"><input id="filter-option--Old-Spice-8782562" name="filter-option--Old-Spice-8782562" type="checkbox"><label class="checkbox-label" for="filter-option--Old-Spice-8782562" title="Old Spice"><a class="filter-option--link" href="https://www.tesco.com/groceries/en-GB/shop/health-and-beauty/all?brand=Old%20Spice&amp;viewAll=brand"><span class="checkbox-square checkbox-square-linked"></span><span class="checkbox-check icon-tick-white"></span><span class="visually-hidden">Filter by</span><span class="filter-label--line--inline">Old Spice</span><span class="filter-label--line--inline">&nbsp;(9)</span></a></label></div></li><li class="filter-option__container" id="Pro Voke" data-auto="filter-option" data-auto-selected="false"><div class="checkbox" data-auto="checkbox"><input id="filter-option--Pro-Voke-3643372" name="filter-option--Pro-Voke-3643372" type="checkbox"><label class="checkbox-label" for="filter-option--Pro-Voke-3643372" title="Pro Voke"><a class="filter-option--link" href="https://www.tesco.com/groceries/en-GB/shop/health-and-beauty/all?brand=Pro%20Voke&amp;viewAll=brand"><span class="checkbox-square checkbox-square-linked"></span><span class="checkbox-check icon-tick-white"></span><span class="visually-hidden">Filter by</span><span class="filter-label--line--inline">Pro Voke</span><span class="filter-label--line--inline">&nbsp;(9)</span></a></label></div></li><li class="filter-option__container" id="Silvikrin" data-auto="filter-option" data-auto-selected="false"><div class="checkbox" data-auto="checkbox"><input id="filter-option--Silvikrin-304081" name="filter-option--Silvikrin-304081" type="checkbox"><label class="checkbox-label" for="filter-option--Silvikrin-304081" title="Silvikrin"><a class="filter-option--link" href="https://www.tesco.com/groceries/en-GB/shop/health-and-beauty/all?brand=Silvikrin&amp;viewAll=brand"><span class="checkbox-square checkbox-square-linked"></span><span class="checkbox-check icon-tick-white"></span><span class="visually-hidden">Filter by</span><span class="filter-label--line--inline">Silvikrin</span><span class="filter-label--line--inline">&nbsp;(9)</span></a></label></div></li><li class="filter-option__container" id="Veet" data-auto="filter-option" data-auto-selected="false"><div class="checkbox" data-auto="checkbox"><input id="filter-option--Veet-4029248" name="filter-option--Veet-4029248" type="checkbox"><label class="checkbox-label" for="filter-option--Veet-4029248" title="Veet"><a class="filter-option--link" href="https://www.tesco.com/groceries/en-GB/shop/health-and-beauty/all?brand=Veet&amp;viewAll=brand"><span class="checkbox-square checkbox-square-linked"></span><span class="checkbox-check icon-tick-white"></span><span class="visually-hidden">Filter by</span><span class="filter-label--line--inline">Veet</span><span class="filter-label--line--inline">&nbsp;(9)</span></a></label></div></li><li class="filter-option__container" id="Batiste" data-auto="filter-option" data-auto-selected="false"><div class="checkbox" data-auto="checkbox"><input id="filter-option--Batiste-6403242" name="filter-option--Batiste-6403242" type="checkbox"><label class="checkbox-label" for="filter-option--Batiste-6403242" title="Batiste"><a class="filter-option--link" href="https://www.tesco.com/groceries/en-GB/shop/health-and-beauty/all?brand=Batiste&amp;viewAll=brand"><span class="checkbox-square checkbox-square-linked"></span><span class="checkbox-check icon-tick-white"></span><span class="visually-hidden">Filter by</span><span class="filter-label--line--inline">Batiste</span><span class="filter-label--line--inline">&nbsp;(8)</span></a></label></div></li><li class="filter-option__container" id="Benylin" data-auto="filter-option" data-auto-selected="false"><div class="checkbox" data-auto="checkbox"><input id="filter-option--Benylin-8091850" name="filter-option--Benylin-8091850" type="checkbox"><label class="checkbox-label" for="filter-option--Benylin-8091850" title="Benylin"><a class="filter-option--link" href="https://www.tesco.com/groceries/en-GB/shop/health-and-beauty/all?brand=Benylin&amp;viewAll=brand"><span class="checkbox-square checkbox-square-linked"></span><span class="checkbox-check icon-tick-white"></span><span class="visually-hidden">Filter by</span><span class="filter-label--line--inline">Benylin</span><span class="filter-label--line--inline">&nbsp;(8)</span></a></label></div></li><li class="filter-option__container" id="Calpol" data-auto="filter-option" data-auto-selected="false"><div class="checkbox" data-auto="checkbox"><input id="filter-option--Calpol-7402799" name="filter-option--Calpol-7402799" type="checkbox"><label class="checkbox-label" for="filter-option--Calpol-7402799" title="Calpol"><a class="filter-option--link" href="https://www.tesco.com/groceries/en-GB/shop/health-and-beauty/all?brand=Calpol&amp;viewAll=brand"><span class="checkbox-square checkbox-square-linked"></span><span class="checkbox-check icon-tick-white"></span><span class="visually-hidden">Filter by</span><span class="filter-label--line--inline">Calpol</span><span class="filter-label--line--inline">&nbsp;(8)</span></a></label></div></li><li class="filter-option__container" id="Cussons" data-auto="filter-option" data-auto-selected="false"><div class="checkbox" data-auto="checkbox"><input id="filter-option--Cussons-7289411" name="filter-option--Cussons-7289411" type="checkbox"><label class="checkbox-label" for="filter-option--Cussons-7289411" title="Cussons"><a class="filter-option--link" href="https://www.tesco.com/groceries/en-GB/shop/health-and-beauty/all?brand=Cussons&amp;viewAll=brand"><span class="checkbox-square checkbox-square-linked"></span><span class="checkbox-check icon-tick-white"></span><span class="visually-hidden">Filter by</span><span class="filter-label--line--inline">Cussons</span><span class="filter-label--line--inline">&nbsp;(8)</span></a></label></div></li><li class="filter-option__container" id="Freeman Beauty" data-auto="filter-option" data-auto-selected="false"><div class="checkbox" data-auto="checkbox"><input id="filter-option--Freeman-Beauty-4668679" name="filter-option--Freeman-Beauty-4668679" type="checkbox"><label class="checkbox-label" for="filter-option--Freeman-Beauty-4668679" title="Freeman Beauty"><a class="filter-option--link" href="https://www.tesco.com/groceries/en-GB/shop/health-and-beauty/all?brand=Freeman%20Beauty&amp;viewAll=brand"><span class="checkbox-square checkbox-square-linked"></span><span class="checkbox-check icon-tick-white"></span><span class="visually-hidden">Filter by</span><span class="filter-label--line--inline">Freeman Beauty</span><span class="filter-label--line--inline">&nbsp;(8)</span></a></label></div></li><li class="filter-option__container" id="Keep It Handy" data-auto="filter-option" data-auto-selected="false"><div class="checkbox" data-auto="checkbox"><input id="filter-option--Keep-It-Handy-7762669" name="filter-option--Keep-It-Handy-7762669" type="checkbox"><label class="checkbox-label" for="filter-option--Keep-It-Handy-7762669" title="Keep It Handy"><a class="filter-option--link" href="https://www.tesco.com/groceries/en-GB/shop/health-and-beauty/all?brand=Keep%20It%20Handy&amp;viewAll=brand"><span class="checkbox-square checkbox-square-linked"></span><span class="checkbox-check icon-tick-white"></span><span class="visually-hidden">Filter by</span><span class="filter-label--line--inline">Keep It Handy</span><span class="filter-label--line--inline">&nbsp;(8)</span></a></label></div></li><li class="filter-option__container" id="Lil-Lets" data-auto="filter-option" data-auto-selected="false"><div class="checkbox" data-auto="checkbox"><input id="filter-option--Lil-Lets-1101205" name="filter-option--Lil-Lets-1101205" type="checkbox"><label class="checkbox-label" for="filter-option--Lil-Lets-1101205" title="Lil-Lets"><a class="filter-option--link" href="https://www.tesco.com/groceries/en-GB/shop/health-and-beauty/all?brand=Lil-Lets&amp;viewAll=brand"><span class="checkbox-square checkbox-square-linked"></span><span class="checkbox-check icon-tick-white"></span><span class="visually-hidden">Filter by</span><span class="filter-label--line--inline">Lil-Lets</span><span class="filter-label--line--inline">&nbsp;(8)</span></a></label></div></li><li class="filter-option__container" id="Monday Haircare" data-auto="filter-option" data-auto-selected="false"><div class="checkbox" data-auto="checkbox"><input id="filter-option--Monday-Haircare-7697337" name="filter-option--Monday-Haircare-7697337" type="checkbox"><label class="checkbox-label" for="filter-option--Monday-Haircare-7697337" title="Monday Haircare"><a class="filter-option--link" href="https://www.tesco.com/groceries/en-GB/shop/health-and-beauty/all?brand=Monday%20Haircare&amp;viewAll=brand"><span class="checkbox-square checkbox-square-linked"></span><span class="checkbox-check icon-tick-white"></span><span class="visually-hidden">Filter by</span><span class="filter-label--line--block">Monday</span><span class="filter-label--line--inline filter-label--line--truncate">Haircare</span><span class="filter-label--line--inline">&nbsp;(8)</span></a></label></div></li><li class="filter-option__container" id="Noughty" data-auto="filter-option" data-auto-selected="false"><div class="checkbox" data-auto="checkbox"><input id="filter-option--Noughty-7026481" name="filter-option--Noughty-7026481" type="checkbox"><label class="checkbox-label" for="filter-option--Noughty-7026481" title="Noughty"><a class="filter-option--link" href="https://www.tesco.com/groceries/en-GB/shop/health-and-beauty/all?brand=Noughty&amp;viewAll=brand"><span class="checkbox-square checkbox-square-linked"></span><span class="checkbox-check icon-tick-white"></span><span class="visually-hidden">Filter by</span><span class="filter-label--line--inline">Noughty</span><span class="filter-label--line--inline">&nbsp;(8)</span></a></label></div></li><li class="filter-option__container" id="Philips" data-auto="filter-option" data-auto-selected="false"><div class="checkbox" data-auto="checkbox"><input id="filter-option--Philips-7573115" name="filter-option--Philips-7573115" type="checkbox"><label class="checkbox-label" for="filter-option--Philips-7573115" title="Philips"><a class="filter-option--link" href="https://www.tesco.com/groceries/en-GB/shop/health-and-beauty/all?brand=Philips&amp;viewAll=brand"><span class="checkbox-square checkbox-square-linked"></span><span class="checkbox-check icon-tick-white"></span><span class="visually-hidden">Filter by</span><span class="filter-label--line--inline">Philips</span><span class="filter-label--line--inline">&nbsp;(8)</span></a></label></div></li><li class="filter-option__container" id="Piz Buin" data-auto="filter-option" data-auto-selected="false"><div class="checkbox" data-auto="checkbox"><input id="filter-option--Piz-Buin-8821074" name="filter-option--Piz-Buin-8821074" type="checkbox"><label class="checkbox-label" for="filter-option--Piz-Buin-8821074" title="Piz Buin"><a class="filter-option--link" href="https://www.tesco.com/groceries/en-GB/shop/health-and-beauty/all?brand=Piz%20Buin&amp;viewAll=brand"><span class="checkbox-square checkbox-square-linked"></span><span class="checkbox-check icon-tick-white"></span><span class="visually-hidden">Filter by</span><span class="filter-label--line--inline">Piz Buin</span><span class="filter-label--line--inline">&nbsp;(8)</span></a></label></div></li><li class="filter-option__container" id="Shockwaves" data-auto="filter-option" data-auto-selected="false"><div class="checkbox" data-auto="checkbox"><input id="filter-option--Shockwaves-7859741" name="filter-option--Shockwaves-7859741" type="checkbox"><label class="checkbox-label" for="filter-option--Shockwaves-7859741" title="Shockwaves"><a class="filter-option--link" href="https://www.tesco.com/groceries/en-GB/shop/health-and-beauty/all?brand=Shockwaves&amp;viewAll=brand"><span class="checkbox-square checkbox-square-linked"></span><span class="checkbox-check icon-tick-white"></span><span class="visually-hidden">Filter by</span><span class="filter-label--line--inline">Shockwaves</span><span class="filter-label--line--inline">&nbsp;(8)</span></a></label></div></li><li class="filter-option__container" id="So Divine" data-auto="filter-option" data-auto-selected="false"><div class="checkbox" data-auto="checkbox"><input id="filter-option--So-Divine-3597082" name="filter-option--So-Divine-3597082" type="checkbox"><label class="checkbox-label" for="filter-option--So-Divine-3597082" title="So Divine"><a class="filter-option--link" href="https://www.tesco.com/groceries/en-GB/shop/health-and-beauty/all?brand=So%20Divine&amp;viewAll=brand"><span class="checkbox-square checkbox-square-linked"></span><span class="checkbox-check icon-tick-white"></span><span class="visually-hidden">Filter by</span><span class="filter-label--line--inline">So Divine</span><span class="filter-label--line--inline">&nbsp;(8)</span></a></label></div></li><li class="filter-option__container" id="The Hair Boss" data-auto="filter-option" data-auto-selected="false"><div class="checkbox" data-auto="checkbox"><input id="filter-option--The-Hair-Boss-2961184" name="filter-option--The-Hair-Boss-2961184" type="checkbox"><label class="checkbox-label" for="filter-option--The-Hair-Boss-2961184" title="The Hair Boss"><a class="filter-option--link" href="https://www.tesco.com/groceries/en-GB/shop/health-and-beauty/all?brand=The%20Hair%20Boss&amp;viewAll=brand"><span class="checkbox-square checkbox-square-linked"></span><span class="checkbox-check icon-tick-white"></span><span class="visually-hidden">Filter by</span><span class="filter-label--line--inline">The Hair Boss</span><span class="filter-label--line--inline">&nbsp;(8)</span></a></label></div></li><li class="filter-option__container" id="Usn" data-auto="filter-option" data-auto-selected="false"><div class="checkbox" data-auto="checkbox"><input id="filter-option--Usn-5859289" name="filter-option--Usn-5859289" type="checkbox"><label class="checkbox-label" for="filter-option--Usn-5859289" title="Usn"><a class="filter-option--link" href="https://www.tesco.com/groceries/en-GB/shop/health-and-beauty/all?brand=Usn&amp;viewAll=brand"><span class="checkbox-square checkbox-square-linked"></span><span class="checkbox-check icon-tick-white"></span><span class="visually-hidden">Filter by</span><span class="filter-label--line--inline">Usn</span><span class="filter-label--line--inline">&nbsp;(8)</span></a></label></div></li><li class="filter-option__container" id="Wahl" data-auto="filter-option" data-auto-selected="false"><div class="checkbox" data-auto="checkbox"><input id="filter-option--Wahl-6898891" name="filter-option--Wahl-6898891" type="checkbox"><label class="checkbox-label" for="filter-option--Wahl-6898891" title="Wahl"><a class="filter-option--link" href="https://www.tesco.com/groceries/en-GB/shop/health-and-beauty/all?brand=Wahl&amp;viewAll=brand"><span class="checkbox-square checkbox-square-linked"></span><span class="checkbox-check icon-tick-white"></span><span class="visually-hidden">Filter by</span><span class="filter-label--line--inline">Wahl</span><span class="filter-label--line--inline">&nbsp;(8)</span></a></label></div></li><li class="filter-option__container" id="Wetbrush" data-auto="filter-option" data-auto-selected="false"><div class="checkbox" data-auto="checkbox"><input id="filter-option--Wetbrush-2876404" name="filter-option--Wetbrush-2876404" type="checkbox"><label class="checkbox-label" for="filter-option--Wetbrush-2876404" title="Wetbrush"><a class="filter-option--link" href="https://www.tesco.com/groceries/en-GB/shop/health-and-beauty/all?brand=Wetbrush&amp;viewAll=brand"><span class="checkbox-square checkbox-square-linked"></span><span class="checkbox-check icon-tick-white"></span><span class="visually-hidden">Filter by</span><span class="filter-label--line--inline">Wetbrush</span><span class="filter-label--line--inline">&nbsp;(8)</span></a></label></div></li><li class="filter-option__container" id="Better You" data-auto="filter-option" data-auto-selected="false"><div class="checkbox" data-auto="checkbox"><input id="filter-option--Better-You-1498452" name="filter-option--Better-You-1498452" type="checkbox"><label class="checkbox-label" for="filter-option--Better-You-1498452" title="Better You"><a class="filter-option--link" href="https://www.tesco.com/groceries/en-GB/shop/health-and-beauty/all?brand=Better%20You&amp;viewAll=brand"><span class="checkbox-square checkbox-square-linked"></span><span class="checkbox-check icon-tick-white"></span><span class="visually-hidden">Filter by</span><span class="filter-label--line--inline">Better You</span><span class="filter-label--line--inline">&nbsp;(7)</span></a></label></div></li><li class="filter-option__container" id="Blistex" data-auto="filter-option" data-auto-selected="false"><div class="checkbox" data-auto="checkbox"><input id="filter-option--Blistex-3451780" name="filter-option--Blistex-3451780" type="checkbox"><label class="checkbox-label" for="filter-option--Blistex-3451780" title="Blistex"><a class="filter-option--link" href="https://www.tesco.com/groceries/en-GB/shop/health-and-beauty/all?brand=Blistex&amp;viewAll=brand"><span class="checkbox-square checkbox-square-linked"></span><span class="checkbox-check icon-tick-white"></span><span class="visually-hidden">Filter by</span><span class="filter-label--line--inline">Blistex</span><span class="filter-label--line--inline">&nbsp;(7)</span></a></label></div></li><li class="filter-option__container" id="Braun" data-auto="filter-option" data-auto-selected="false"><div class="checkbox" data-auto="checkbox"><input id="filter-option--Braun-4516814" name="filter-option--Braun-4516814" type="checkbox"><label class="checkbox-label" for="filter-option--Braun-4516814" title="Braun"><a class="filter-option--link" href="https://www.tesco.com/groceries/en-GB/shop/health-and-beauty/all?brand=Braun&amp;viewAll=brand"><span class="checkbox-square checkbox-square-linked"></span><span class="checkbox-check icon-tick-white"></span><span class="visually-hidden">Filter by</span><span class="filter-label--line--inline">Braun</span><span class="filter-label--line--inline">&nbsp;(7)</span></a></label></div></li><li class="filter-option__container" id="Cbd Alchemist" data-auto="filter-option" data-auto-selected="false"><div class="checkbox" data-auto="checkbox"><input id="filter-option--Cbd-Alchemist-3902864" name="filter-option--Cbd-Alchemist-3902864" type="checkbox"><label class="checkbox-label" for="filter-option--Cbd-Alchemist-3902864" title="Cbd Alchemist"><a class="filter-option--link" href="https://www.tesco.com/groceries/en-GB/shop/health-and-beauty/all?brand=Cbd%20Alchemist&amp;viewAll=brand"><span class="checkbox-square checkbox-square-linked"></span><span class="checkbox-check icon-tick-white"></span><span class="visually-hidden">Filter by</span><span class="filter-label--line--inline">Cbd Alchemist</span><span class="filter-label--line--inline">&nbsp;(7)</span></a></label></div></li><li class="filter-option__container" id="Clearblue" data-auto="filter-option" data-auto-selected="false"><div class="checkbox" data-auto="checkbox"><input id="filter-option--Clearblue-7184650" name="filter-option--Clearblue-7184650" type="checkbox"><label class="checkbox-label" for="filter-option--Clearblue-7184650" title="Clearblue"><a class="filter-option--link" href="https://www.tesco.com/groceries/en-GB/shop/health-and-beauty/all?brand=Clearblue&amp;viewAll=brand"><span class="checkbox-square checkbox-square-linked"></span><span class="checkbox-check icon-tick-white"></span><span class="visually-hidden">Filter by</span><span class="filter-label--line--inline">Clearblue</span><span class="filter-label--line--inline">&nbsp;(7)</span></a></label></div></li><li class="filter-option__container" id="Cutex" data-auto="filter-option" data-auto-selected="false"><div class="checkbox" data-auto="checkbox"><input id="filter-option--Cutex-4833675" name="filter-option--Cutex-4833675" type="checkbox"><label class="checkbox-label" for="filter-option--Cutex-4833675" title="Cutex"><a class="filter-option--link" href="https://www.tesco.com/groceries/en-GB/shop/health-and-beauty/all?brand=Cutex&amp;viewAll=brand"><span class="checkbox-square checkbox-square-linked"></span><span class="checkbox-check icon-tick-white"></span><span class="visually-hidden">Filter by</span><span class="filter-label--line--inline">Cutex</span><span class="filter-label--line--inline">&nbsp;(7)</span></a></label></div></li><li class="filter-option__container" id="Elnett" data-auto="filter-option" data-auto-selected="false"><div class="checkbox" data-auto="checkbox"><input id="filter-option--Elnett-2163318" name="filter-option--Elnett-2163318" type="checkbox"><label class="checkbox-label" for="filter-option--Elnett-2163318" title="Elnett"><a class="filter-option--link" href="https://www.tesco.com/groceries/en-GB/shop/health-and-beauty/all?brand=Elnett&amp;viewAll=brand"><span class="checkbox-square checkbox-square-linked"></span><span class="checkbox-check icon-tick-white"></span><span class="visually-hidden">Filter by</span><span class="filter-label--line--inline">Elnett</span><span class="filter-label--line--inline">&nbsp;(7)</span></a></label></div></li><li class="filter-option__container" id="Good Gracious" data-auto="filter-option" data-auto-selected="false"><div class="checkbox" data-auto="checkbox"><input id="filter-option--Good-Gracious-5853481" name="filter-option--Good-Gracious-5853481" type="checkbox"><label class="checkbox-label" for="filter-option--Good-Gracious-5853481" title="Good Gracious"><a class="filter-option--link" href="https://www.tesco.com/groceries/en-GB/shop/health-and-beauty/all?brand=Good%20Gracious&amp;viewAll=brand"><span class="checkbox-square checkbox-square-linked"></span><span class="checkbox-check icon-tick-white"></span><span class="visually-hidden">Filter by</span><span class="filter-label--line--inline">Good Gracious</span><span class="filter-label--line--inline">&nbsp;(7)</span></a></label></div></li><li class="filter-option__container" id="Hask" data-auto="filter-option" data-auto-selected="false"><div class="checkbox" data-auto="checkbox"><input id="filter-option--Hask-2197477" name="filter-option--Hask-2197477" type="checkbox"><label class="checkbox-label" for="filter-option--Hask-2197477" title="Hask"><a class="filter-option--link" href="https://www.tesco.com/groceries/en-GB/shop/health-and-beauty/all?brand=Hask&amp;viewAll=brand"><span class="checkbox-square checkbox-square-linked"></span><span class="checkbox-check icon-tick-white"></span><span class="visually-hidden">Filter by</span><span class="filter-label--line--inline">Hask</span><span class="filter-label--line--inline">&nbsp;(7)</span></a></label></div></li><li class="filter-option__container" id="Lemsip" data-auto="filter-option" data-auto-selected="false"><div class="checkbox" data-auto="checkbox"><input id="filter-option--Lemsip-7485157" name="filter-option--Lemsip-7485157" type="checkbox"><label class="checkbox-label" for="filter-option--Lemsip-7485157" title="Lemsip"><a class="filter-option--link" href="https://www.tesco.com/groceries/en-GB/shop/health-and-beauty/all?brand=Lemsip&amp;viewAll=brand"><span class="checkbox-square checkbox-square-linked"></span><span class="checkbox-check icon-tick-white"></span><span class="visually-hidden">Filter by</span><span class="filter-label--line--inline">Lemsip</span><span class="filter-label--line--inline">&nbsp;(7)</span></a></label></div></li><li class="filter-option__container" id="My Protein" data-auto="filter-option" data-auto-selected="false"><div class="checkbox" data-auto="checkbox"><input id="filter-option--My-Protein-2631684" name="filter-option--My-Protein-2631684" type="checkbox"><label class="checkbox-label" for="filter-option--My-Protein-2631684" title="My Protein"><a class="filter-option--link" href="https://www.tesco.com/groceries/en-GB/shop/health-and-beauty/all?brand=My%20Protein&amp;viewAll=brand"><span class="checkbox-square checkbox-square-linked"></span><span class="checkbox-check icon-tick-white"></span><span class="visually-hidden">Filter by</span><span class="filter-label--line--inline">My Protein</span><span class="filter-label--line--inline">&nbsp;(7)</span></a></label></div></li><li class="filter-option__container" id="Neo G" data-auto="filter-option" data-auto-selected="false"><div class="checkbox" data-auto="checkbox"><input id="filter-option--Neo-G-1932426" name="filter-option--Neo-G-1932426" type="checkbox"><label class="checkbox-label" for="filter-option--Neo-G-1932426" title="Neo G"><a class="filter-option--link" href="https://www.tesco.com/groceries/en-GB/shop/health-and-beauty/all?brand=Neo%20G&amp;viewAll=brand"><span class="checkbox-square checkbox-square-linked"></span><span class="checkbox-check icon-tick-white"></span><span class="visually-hidden">Filter by</span><span class="filter-label--line--inline">Neo G</span><span class="filter-label--line--inline">&nbsp;(7)</span></a></label></div></li><li class="filter-option__container" id="Totm" data-auto="filter-option" data-auto-selected="false"><div class="checkbox" data-auto="checkbox"><input id="filter-option--Totm-3183965" name="filter-option--Totm-3183965" type="checkbox"><label class="checkbox-label" for="filter-option--Totm-3183965" title="Totm"><a class="filter-option--link" href="https://www.tesco.com/groceries/en-GB/shop/health-and-beauty/all?brand=Totm&amp;viewAll=brand"><span class="checkbox-square checkbox-square-linked"></span><span class="checkbox-check icon-tick-white"></span><span class="visually-hidden">Filter by</span><span class="filter-label--line--inline">Totm</span><span class="filter-label--line--inline">&nbsp;(7)</span></a></label></div></li><li class="filter-option__container" id="Vicks" data-auto="filter-option" data-auto-selected="false"><div class="checkbox" data-auto="checkbox"><input id="filter-option--Vicks-4497292" name="filter-option--Vicks-4497292" type="checkbox"><label class="checkbox-label" for="filter-option--Vicks-4497292" title="Vicks"><a class="filter-option--link" href="https://www.tesco.com/groceries/en-GB/shop/health-and-beauty/all?brand=Vicks&amp;viewAll=brand"><span class="checkbox-square checkbox-square-linked"></span><span class="checkbox-check icon-tick-white"></span><span class="visually-hidden">Filter by</span><span class="filter-label--line--inline">Vicks</span><span class="filter-label--line--inline">&nbsp;(7)</span></a></label></div></li><li class="filter-option__container" id="Weleda" data-auto="filter-option" data-auto-selected="false"><div class="checkbox" data-auto="checkbox"><input id="filter-option--Weleda-1727840" name="filter-option--Weleda-1727840" type="checkbox"><label class="checkbox-label" for="filter-option--Weleda-1727840" title="Weleda"><a class="filter-option--link" href="https://www.tesco.com/groceries/en-GB/shop/health-and-beauty/all?brand=Weleda&amp;viewAll=brand"><span class="checkbox-square checkbox-square-linked"></span><span class="checkbox-check icon-tick-white"></span><span class="visually-hidden">Filter by</span><span class="filter-label--line--inline">Weleda</span><span class="filter-label--line--inline">&nbsp;(7)</span></a></label></div></li><li class="filter-option__container" id="Wellkid" data-auto="filter-option" data-auto-selected="false"><div class="checkbox" data-auto="checkbox"><input id="filter-option--Wellkid-4226798" name="filter-option--Wellkid-4226798" type="checkbox"><label class="checkbox-label" for="filter-option--Wellkid-4226798" title="Wellkid"><a class="filter-option--link" href="https://www.tesco.com/groceries/en-GB/shop/health-and-beauty/all?brand=Wellkid&amp;viewAll=brand"><span class="checkbox-square checkbox-square-linked"></span><span class="checkbox-check icon-tick-white"></span><span class="visually-hidden">Filter by</span><span class="filter-label--line--inline">Wellkid</span><span class="filter-label--line--inline">&nbsp;(7)</span></a></label></div></li><li class="filter-option__container" id="All Round Eco" data-auto="filter-option" data-auto-selected="false"><div class="checkbox" data-auto="checkbox"><input id="filter-option--All-Round-Eco-1107357" name="filter-option--All-Round-Eco-1107357" type="checkbox"><label class="checkbox-label" for="filter-option--All-Round-Eco-1107357" title="All Round Eco"><a class="filter-option--link" href="https://www.tesco.com/groceries/en-GB/shop/health-and-beauty/all?brand=All%20Round%20Eco&amp;viewAll=brand"><span class="checkbox-square checkbox-square-linked"></span><span class="checkbox-check icon-tick-white"></span><span class="visually-hidden">Filter by</span><span class="filter-label--line--inline">All Round Eco</span><span class="filter-label--line--inline">&nbsp;(6)</span></a></label></div></li><li class="filter-option__container" id="Canesten" data-auto="filter-option" data-auto-selected="false"><div class="checkbox" data-auto="checkbox"><input id="filter-option--Canesten-6599295" name="filter-option--Canesten-6599295" type="checkbox"><label class="checkbox-label" for="filter-option--Canesten-6599295" title="Canesten"><a class="filter-option--link" href="https://www.tesco.com/groceries/en-GB/shop/health-and-beauty/all?brand=Canesten&amp;viewAll=brand"><span class="checkbox-square checkbox-square-linked"></span><span class="checkbox-check icon-tick-white"></span><span class="visually-hidden">Filter by</span><span class="filter-label--line--inline">Canesten</span><span class="filter-label--line--inline">&nbsp;(6)</span></a></label></div></li><li class="filter-option__container" id="Carmex" data-auto="filter-option" data-auto-selected="false"><div class="checkbox" data-auto="checkbox"><input id="filter-option--Carmex-182803" name="filter-option--Carmex-182803" type="checkbox"><label class="checkbox-label" for="filter-option--Carmex-182803" title="Carmex"><a class="filter-option--link" href="https://www.tesco.com/groceries/en-GB/shop/health-and-beauty/all?brand=Carmex&amp;viewAll=brand"><span class="checkbox-square checkbox-square-linked"></span><span class="checkbox-check icon-tick-white"></span><span class="visually-hidden">Filter by</span><span class="filter-label--line--inline">Carmex</span><span class="filter-label--line--inline">&nbsp;(6)</span></a></label></div></li><li class="filter-option__container" id="Cetaphil" data-auto="filter-option" data-auto-selected="false"><div class="checkbox" data-auto="checkbox"><input id="filter-option--Cetaphil-8341040" name="filter-option--Cetaphil-8341040" type="checkbox"><label class="checkbox-label" for="filter-option--Cetaphil-8341040" title="Cetaphil"><a class="filter-option--link" href="https://www.tesco.com/groceries/en-GB/shop/health-and-beauty/all?brand=Cetaphil&amp;viewAll=brand"><span class="checkbox-square checkbox-square-linked"></span><span class="checkbox-check icon-tick-white"></span><span class="visually-hidden">Filter by</span><span class="filter-label--line--inline">Cetaphil</span><span class="filter-label--line--inline">&nbsp;(6)</span></a></label></div></li><li class="filter-option__container" id="Compeed" data-auto="filter-option" data-auto-selected="false"><div class="checkbox" data-auto="checkbox"><input id="filter-option--Compeed-4177015" name="filter-option--Compeed-4177015" type="checkbox"><label class="checkbox-label" for="filter-option--Compeed-4177015" title="Compeed"><a class="filter-option--link" href="https://www.tesco.com/groceries/en-GB/shop/health-and-beauty/all?brand=Compeed&amp;viewAll=brand"><span class="checkbox-square checkbox-square-linked"></span><span class="checkbox-check icon-tick-white"></span><span class="visually-hidden">Filter by</span><span class="filter-label--line--inline">Compeed</span><span class="filter-label--line--inline">&nbsp;(6)</span></a></label></div></li><li class="filter-option__container" id="Dabur" data-auto="filter-option" data-auto-selected="false"><div class="checkbox" data-auto="checkbox"><input id="filter-option--Dabur-4625751" name="filter-option--Dabur-4625751" type="checkbox"><label class="checkbox-label" for="filter-option--Dabur-4625751" title="Dabur"><a class="filter-option--link" href="https://www.tesco.com/groceries/en-GB/shop/health-and-beauty/all?brand=Dabur&amp;viewAll=brand"><span class="checkbox-square checkbox-square-linked"></span><span class="checkbox-check icon-tick-white"></span><span class="visually-hidden">Filter by</span><span class="filter-label--line--inline">Dabur</span><span class="filter-label--line--inline">&nbsp;(6)</span></a></label></div></li><li class="filter-option__container" id="Deep Heat" data-auto="filter-option" data-auto-selected="false"><div class="checkbox" data-auto="checkbox"><input id="filter-option--Deep-Heat-9622500" name="filter-option--Deep-Heat-9622500" type="checkbox"><label class="checkbox-label" for="filter-option--Deep-Heat-9622500" title="Deep Heat"><a class="filter-option--link" href="https://www.tesco.com/groceries/en-GB/shop/health-and-beauty/all?brand=Deep%20Heat&amp;viewAll=brand"><span class="checkbox-square checkbox-square-linked"></span><span class="checkbox-check icon-tick-white"></span><span class="visually-hidden">Filter by</span><span class="filter-label--line--inline">Deep Heat</span><span class="filter-label--line--inline">&nbsp;(6)</span></a></label></div></li><li class="filter-option__container" id="Free Spirit" data-auto="filter-option" data-auto-selected="false"><div class="checkbox" data-auto="checkbox"><input id="filter-option--Free-Spirit-4507036" name="filter-option--Free-Spirit-4507036" type="checkbox"><label class="checkbox-label" for="filter-option--Free-Spirit-4507036" title="Free Spirit"><a class="filter-option--link" href="https://www.tesco.com/groceries/en-GB/shop/health-and-beauty/all?brand=Free%20Spirit&amp;viewAll=brand"><span class="checkbox-square checkbox-square-linked"></span><span class="checkbox-check icon-tick-white"></span><span class="visually-hidden">Filter by</span><span class="filter-label--line--inline">Free Spirit</span><span class="filter-label--line--inline">&nbsp;(6)</span></a></label></div></li><li class="filter-option__container" id="Impulse" data-auto="filter-option" data-auto-selected="false"><div class="checkbox" data-auto="checkbox"><input id="filter-option--Impulse-8743048" name="filter-option--Impulse-8743048" type="checkbox"><label class="checkbox-label" for="filter-option--Impulse-8743048" title="Impulse"><a class="filter-option--link" href="https://www.tesco.com/groceries/en-GB/shop/health-and-beauty/all?brand=Impulse&amp;viewAll=brand"><span class="checkbox-square checkbox-square-linked"></span><span class="checkbox-check icon-tick-white"></span><span class="visually-hidden">Filter by</span><span class="filter-label--line--inline">Impulse</span><span class="filter-label--line--inline">&nbsp;(6)</span></a></label></div></li><li class="filter-option__container" id="Kleenex" data-auto="filter-option" data-auto-selected="false"><div class="checkbox" data-auto="checkbox"><input id="filter-option--Kleenex-3709762" name="filter-option--Kleenex-3709762" type="checkbox"><label class="checkbox-label" for="filter-option--Kleenex-3709762" title="Kleenex"><a class="filter-option--link" href="https://www.tesco.com/groceries/en-GB/shop/health-and-beauty/all?brand=Kleenex&amp;viewAll=brand"><span class="checkbox-square checkbox-square-linked"></span><span class="checkbox-check icon-tick-white"></span><span class="visually-hidden">Filter by</span><span class="filter-label--line--inline">Kleenex</span><span class="filter-label--line--inline">&nbsp;(6)</span></a></label></div></li><li class="filter-option__container" id="L&#39;oreal Paris" data-auto="filter-option" data-auto-selected="false"><div class="checkbox" data-auto="checkbox"><input id="filter-option--L&#39;oreal-Paris-7556664" name="filter-option--L&#39;oreal-Paris-7556664" type="checkbox"><label class="checkbox-label" for="filter-option--L&#39;oreal-Paris-7556664" title="L&#39;oreal Paris"><a class="filter-option--link" href="https://www.tesco.com/groceries/en-GB/shop/health-and-beauty/all?brand=L%27oreal%20Paris&amp;viewAll=brand"><span class="checkbox-square checkbox-square-linked"></span><span class="checkbox-check icon-tick-white"></span><span class="visually-hidden">Filter by</span><span class="filter-label--line--inline">L'oreal Paris</span><span class="filter-label--line--inline">&nbsp;(6)</span></a></label></div></li><li class="filter-option__container" id="Palm Bay" data-auto="filter-option" data-auto-selected="false"><div class="checkbox" data-auto="checkbox"><input id="filter-option--Palm-Bay-5038463" name="filter-option--Palm-Bay-5038463" type="checkbox"><label class="checkbox-label" for="filter-option--Palm-Bay-5038463" title="Palm Bay"><a class="filter-option--link" href="https://www.tesco.com/groceries/en-GB/shop/health-and-beauty/all?brand=Palm%20Bay&amp;viewAll=brand"><span class="checkbox-square checkbox-square-linked"></span><span class="checkbox-check icon-tick-white"></span><span class="visually-hidden">Filter by</span><span class="filter-label--line--inline">Palm Bay</span><span class="filter-label--line--inline">&nbsp;(6)</span></a></label></div></li><li class="filter-option__container" id="Profoot" data-auto="filter-option" data-auto-selected="false"><div class="checkbox" data-auto="checkbox"><input id="filter-option--Profoot-5404979" name="filter-option--Profoot-5404979" type="checkbox"><label class="checkbox-label" for="filter-option--Profoot-5404979" title="Profoot"><a class="filter-option--link" href="https://www.tesco.com/groceries/en-GB/shop/health-and-beauty/all?brand=Profoot&amp;viewAll=brand"><span class="checkbox-square checkbox-square-linked"></span><span class="checkbox-check icon-tick-white"></span><span class="visually-hidden">Filter by</span><span class="filter-label--line--inline">Profoot</span><span class="filter-label--line--inline">&nbsp;(6)</span></a></label></div></li><li class="filter-option__container" id="Rennie" data-auto="filter-option" data-auto-selected="false"><div class="checkbox" data-auto="checkbox"><input id="filter-option--Rennie-5820622" name="filter-option--Rennie-5820622" type="checkbox"><label class="checkbox-label" for="filter-option--Rennie-5820622" title="Rennie"><a class="filter-option--link" href="https://www.tesco.com/groceries/en-GB/shop/health-and-beauty/all?brand=Rennie&amp;viewAll=brand"><span class="checkbox-square checkbox-square-linked"></span><span class="checkbox-check icon-tick-white"></span><span class="visually-hidden">Filter by</span><span class="filter-label--line--inline">Rennie</span><span class="filter-label--line--inline">&nbsp;(6)</span></a></label></div></li><li class="filter-option__container" id="Robinson Young" data-auto="filter-option" data-auto-selected="false"><div class="checkbox" data-auto="checkbox"><input id="filter-option--Robinson-Young-6145883" name="filter-option--Robinson-Young-6145883" type="checkbox"><label class="checkbox-label" for="filter-option--Robinson-Young-6145883" title="Robinson Young"><a class="filter-option--link" href="https://www.tesco.com/groceries/en-GB/shop/health-and-beauty/all?brand=Robinson%20Young&amp;viewAll=brand"><span class="checkbox-square checkbox-square-linked"></span><span class="checkbox-check icon-tick-white"></span><span class="visually-hidden">Filter by</span><span class="filter-label--line--inline">Robinson Young</span><span class="filter-label--line--inline">&nbsp;(6)</span></a></label></div></li><li class="filter-option__container" id="Rock Face" data-auto="filter-option" data-auto-selected="false"><div class="checkbox" data-auto="checkbox"><input id="filter-option--Rock-Face-5959455" name="filter-option--Rock-Face-5959455" type="checkbox"><label class="checkbox-label" for="filter-option--Rock-Face-5959455" title="Rock Face"><a class="filter-option--link" href="https://www.tesco.com/groceries/en-GB/shop/health-and-beauty/all?brand=Rock%20Face&amp;viewAll=brand"><span class="checkbox-square checkbox-square-linked"></span><span class="checkbox-check icon-tick-white"></span><span class="visually-hidden">Filter by</span><span class="filter-label--line--inline">Rock Face</span><span class="filter-label--line--inline">&nbsp;(6)</span></a></label></div></li><li class="filter-option__container" id="Sci-Mx" data-auto="filter-option" data-auto-selected="false"><div class="checkbox" data-auto="checkbox"><input id="filter-option--Sci-Mx-505976" name="filter-option--Sci-Mx-505976" type="checkbox"><label class="checkbox-label" for="filter-option--Sci-Mx-505976" title="Sci-Mx"><a class="filter-option--link" href="https://www.tesco.com/groceries/en-GB/shop/health-and-beauty/all?brand=Sci-Mx&amp;viewAll=brand"><span class="checkbox-square checkbox-square-linked"></span><span class="checkbox-check icon-tick-white"></span><span class="visually-hidden">Filter by</span><span class="filter-label--line--inline">Sci-Mx</span><span class="filter-label--line--inline">&nbsp;(6)</span></a></label></div></li><li class="filter-option__container" id="Sudafed" data-auto="filter-option" data-auto-selected="false"><div class="checkbox" data-auto="checkbox"><input id="filter-option--Sudafed-3495153" name="filter-option--Sudafed-3495153" type="checkbox"><label class="checkbox-label" for="filter-option--Sudafed-3495153" title="Sudafed"><a class="filter-option--link" href="https://www.tesco.com/groceries/en-GB/shop/health-and-beauty/all?brand=Sudafed&amp;viewAll=brand"><span class="checkbox-square checkbox-square-linked"></span><span class="checkbox-check icon-tick-white"></span><span class="visually-hidden">Filter by</span><span class="filter-label--line--inline">Sudafed</span><span class="filter-label--line--inline">&nbsp;(6)</span></a></label></div></li><li class="filter-option__container" id="Tesco Extracts" data-auto="filter-option" data-auto-selected="false"><div class="checkbox" data-auto="checkbox"><input id="filter-option--Tesco-Extracts-9608699" name="filter-option--Tesco-Extracts-9608699" type="checkbox"><label class="checkbox-label" for="filter-option--Tesco-Extracts-9608699" title="Tesco Extracts"><a class="filter-option--link" href="https://www.tesco.com/groceries/en-GB/shop/health-and-beauty/all?brand=Tesco%20Extracts&amp;viewAll=brand"><span class="checkbox-square checkbox-square-linked"></span><span class="checkbox-check icon-tick-white"></span><span class="visually-hidden">Filter by</span><span class="filter-label--line--inline">Tesco Extracts</span><span class="filter-label--line--inline">&nbsp;(6)</span></a></label></div></li><li class="filter-option__container" id="Tesco Proformula" data-auto="filter-option" data-auto-selected="false"><div class="checkbox" data-auto="checkbox"><input id="filter-option--Tesco-Proformula-4989717" name="filter-option--Tesco-Proformula-4989717" type="checkbox"><label class="checkbox-label" for="filter-option--Tesco-Proformula-4989717" title="Tesco Proformula"><a class="filter-option--link" href="https://www.tesco.com/groceries/en-GB/shop/health-and-beauty/all?brand=Tesco%20Proformula&amp;viewAll=brand"><span class="checkbox-square checkbox-square-linked"></span><span class="checkbox-check icon-tick-white"></span><span class="visually-hidden">Filter by</span><span class="filter-label--line--block">Tesco</span><span class="filter-label--line--inline filter-label--line--truncate">Proformula</span><span class="filter-label--line--inline">&nbsp;(6)</span></a></label></div></li><li class="filter-option__container" id="Voltarol" data-auto="filter-option" data-auto-selected="false"><div class="checkbox" data-auto="checkbox"><input id="filter-option--Voltarol-394208" name="filter-option--Voltarol-394208" type="checkbox"><label class="checkbox-label" for="filter-option--Voltarol-394208" title="Voltarol"><a class="filter-option--link" href="https://www.tesco.com/groceries/en-GB/shop/health-and-beauty/all?brand=Voltarol&amp;viewAll=brand"><span class="checkbox-square checkbox-square-linked"></span><span class="checkbox-check icon-tick-white"></span><span class="visually-hidden">Filter by</span><span class="filter-label--line--inline">Voltarol</span><span class="filter-label--line--inline">&nbsp;(6)</span></a></label></div></li><li class="filter-option__container" id="Anusol" data-auto="filter-option" data-auto-selected="false"><div class="checkbox" data-auto="checkbox"><input id="filter-option--Anusol-1504300" name="filter-option--Anusol-1504300" type="checkbox"><label class="checkbox-label" for="filter-option--Anusol-1504300" title="Anusol"><a class="filter-option--link" href="https://www.tesco.com/groceries/en-GB/shop/health-and-beauty/all?brand=Anusol&amp;viewAll=brand"><span class="checkbox-square checkbox-square-linked"></span><span class="checkbox-check icon-tick-white"></span><span class="visually-hidden">Filter by</span><span class="filter-label--line--inline">Anusol</span><span class="filter-label--line--inline">&nbsp;(5)</span></a></label></div></li><li class="filter-option__container" id="Benadryl" data-auto="filter-option" data-auto-selected="false"><div class="checkbox" data-auto="checkbox"><input id="filter-option--Benadryl-1532464" name="filter-option--Benadryl-1532464" type="checkbox"><label class="checkbox-label" for="filter-option--Benadryl-1532464" title="Benadryl"><a class="filter-option--link" href="https://www.tesco.com/groceries/en-GB/shop/health-and-beauty/all?brand=Benadryl&amp;viewAll=brand"><span class="checkbox-square checkbox-square-linked"></span><span class="checkbox-check icon-tick-white"></span><span class="visually-hidden">Filter by</span><span class="filter-label--line--inline">Benadryl</span><span class="filter-label--line--inline">&nbsp;(5)</span></a></label></div></li><li class="filter-option__container" id="Bic" data-auto="filter-option" data-auto-selected="false"><div class="checkbox" data-auto="checkbox"><input id="filter-option--Bic-6394252" name="filter-option--Bic-6394252" type="checkbox"><label class="checkbox-label" for="filter-option--Bic-6394252" title="Bic"><a class="filter-option--link" href="https://www.tesco.com/groceries/en-GB/shop/health-and-beauty/all?brand=Bic&amp;viewAll=brand"><span class="checkbox-square checkbox-square-linked"></span><span class="checkbox-check icon-tick-white"></span><span class="visually-hidden">Filter by</span><span class="filter-label--line--inline">Bic</span><span class="filter-label--line--inline">&nbsp;(5)</span></a></label></div></li><li class="filter-option__container" id="Cannaray Brands" data-auto="filter-option" data-auto-selected="false"><div class="checkbox" data-auto="checkbox"><input id="filter-option--Cannaray-Brands-3192961" name="filter-option--Cannaray-Brands-3192961" type="checkbox"><label class="checkbox-label" for="filter-option--Cannaray-Brands-3192961" title="Cannaray Brands"><a class="filter-option--link" href="https://www.tesco.com/groceries/en-GB/shop/health-and-beauty/all?brand=Cannaray%20Brands&amp;viewAll=brand"><span class="checkbox-square checkbox-square-linked"></span><span class="checkbox-check icon-tick-white"></span><span class="visually-hidden">Filter by</span><span class="filter-label--line--block">Cannaray</span><span class="filter-label--line--inline filter-label--line--truncate">Brands</span><span class="filter-label--line--inline">&nbsp;(5)</span></a></label></div></li><li class="filter-option__container" id="Clean &amp; Clear" data-auto="filter-option" data-auto-selected="false"><div class="checkbox" data-auto="checkbox"><input id="filter-option--Clean-Clear-4161283" name="filter-option--Clean-Clear-4161283" type="checkbox"><label class="checkbox-label" for="filter-option--Clean-Clear-4161283" title="Clean &amp; Clear"><a class="filter-option--link" href="https://www.tesco.com/groceries/en-GB/shop/health-and-beauty/all?brand=Clean%20%26%20Clear&amp;viewAll=brand"><span class="checkbox-square checkbox-square-linked"></span><span class="checkbox-check icon-tick-white"></span><span class="visually-hidden">Filter by</span><span class="filter-label--line--inline">Clean &amp; Clear</span><span class="filter-label--line--inline">&nbsp;(5)</span></a></label></div></li><li class="filter-option__container" id="Complan" data-auto="filter-option" data-auto-selected="false"><div class="checkbox" data-auto="checkbox"><input id="filter-option--Complan-1886905" name="filter-option--Complan-1886905" type="checkbox"><label class="checkbox-label" for="filter-option--Complan-1886905" title="Complan"><a class="filter-option--link" href="https://www.tesco.com/groceries/en-GB/shop/health-and-beauty/all?brand=Complan&amp;viewAll=brand"><span class="checkbox-square checkbox-square-linked"></span><span class="checkbox-check icon-tick-white"></span><span class="visually-hidden">Filter by</span><span class="filter-label--line--inline">Complan</span><span class="filter-label--line--inline">&nbsp;(5)</span></a></label></div></li><li class="filter-option__container" id="Creme Of Nature" data-auto="filter-option" data-auto-selected="false"><div class="checkbox" data-auto="checkbox"><input id="filter-option--Creme-Of-Nature-887016" name="filter-option--Creme-Of-Nature-887016" type="checkbox"><label class="checkbox-label" for="filter-option--Creme-Of-Nature-887016" title="Creme Of Nature"><a class="filter-option--link" href="https://www.tesco.com/groceries/en-GB/shop/health-and-beauty/all?brand=Creme%20Of%20Nature&amp;viewAll=brand"><span class="checkbox-square checkbox-square-linked"></span><span class="checkbox-check icon-tick-white"></span><span class="visually-hidden">Filter by</span><span class="filter-label--line--block">Creme Of</span><span class="filter-label--line--inline filter-label--line--truncate">Nature</span><span class="filter-label--line--inline">&nbsp;(5)</span></a></label></div></li><li class="filter-option__container" id="Denman" data-auto="filter-option" data-auto-selected="false"><div class="checkbox" data-auto="checkbox"><input id="filter-option--Denman-6178417" name="filter-option--Denman-6178417" type="checkbox"><label class="checkbox-label" for="filter-option--Denman-6178417" title="Denman"><a class="filter-option--link" href="https://www.tesco.com/groceries/en-GB/shop/health-and-beauty/all?brand=Denman&amp;viewAll=brand"><span class="checkbox-square checkbox-square-linked"></span><span class="checkbox-check icon-tick-white"></span><span class="visually-hidden">Filter by</span><span class="filter-label--line--inline">Denman</span><span class="filter-label--line--inline">&nbsp;(5)</span></a></label></div></li><li class="filter-option__container" id="Expert Satin" data-auto="filter-option" data-auto-selected="false"><div class="checkbox" data-auto="checkbox"><input id="filter-option--Expert-Satin-7147067" name="filter-option--Expert-Satin-7147067" type="checkbox"><label class="checkbox-label" for="filter-option--Expert-Satin-7147067" title="Expert Satin"><a class="filter-option--link" href="https://www.tesco.com/groceries/en-GB/shop/health-and-beauty/all?brand=Expert%20Satin&amp;viewAll=brand"><span class="checkbox-square checkbox-square-linked"></span><span class="checkbox-check icon-tick-white"></span><span class="visually-hidden">Filter by</span><span class="filter-label--line--inline">Expert Satin</span><span class="filter-label--line--inline">&nbsp;(5)</span></a></label></div></li><li class="filter-option__container" id="Flamingo" data-auto="filter-option" data-auto-selected="false"><div class="checkbox" data-auto="checkbox"><input id="filter-option--Flamingo-6882616" name="filter-option--Flamingo-6882616" type="checkbox"><label class="checkbox-label" for="filter-option--Flamingo-6882616" title="Flamingo"><a class="filter-option--link" href="https://www.tesco.com/groceries/en-GB/shop/health-and-beauty/all?brand=Flamingo&amp;viewAll=brand"><span class="checkbox-square checkbox-square-linked"></span><span class="checkbox-check icon-tick-white"></span><span class="visually-hidden">Filter by</span><span class="filter-label--line--inline">Flamingo</span><span class="filter-label--line--inline">&nbsp;(5)</span></a></label></div></li><li class="filter-option__container" id="Freederm" data-auto="filter-option" data-auto-selected="false"><div class="checkbox" data-auto="checkbox"><input id="filter-option--Freederm-4126963" name="filter-option--Freederm-4126963" type="checkbox"><label class="checkbox-label" for="filter-option--Freederm-4126963" title="Freederm"><a class="filter-option--link" href="https://www.tesco.com/groceries/en-GB/shop/health-and-beauty/all?brand=Freederm&amp;viewAll=brand"><span class="checkbox-square checkbox-square-linked"></span><span class="checkbox-check icon-tick-white"></span><span class="visually-hidden">Filter by</span><span class="filter-label--line--inline">Freederm</span><span class="filter-label--line--inline">&nbsp;(5)</span></a></label></div></li><li class="filter-option__container" id="Frozen" data-auto="filter-option" data-auto-selected="false"><div class="checkbox" data-auto="checkbox"><input id="filter-option--Frozen-2717002" name="filter-option--Frozen-2717002" type="checkbox"><label class="checkbox-label" for="filter-option--Frozen-2717002" title="Frozen"><a class="filter-option--link" href="https://www.tesco.com/groceries/en-GB/shop/health-and-beauty/all?brand=Frozen&amp;viewAll=brand"><span class="checkbox-square checkbox-square-linked"></span><span class="checkbox-check icon-tick-white"></span><span class="visually-hidden">Filter by</span><span class="filter-label--line--inline">Frozen</span><span class="filter-label--line--inline">&nbsp;(5)</span></a></label></div></li><li class="filter-option__container" id="Fybogel" data-auto="filter-option" data-auto-selected="false"><div class="checkbox" data-auto="checkbox"><input id="filter-option--Fybogel-3706823" name="filter-option--Fybogel-3706823" type="checkbox"><label class="checkbox-label" for="filter-option--Fybogel-3706823" title="Fybogel"><a class="filter-option--link" href="https://www.tesco.com/groceries/en-GB/shop/health-and-beauty/all?brand=Fybogel&amp;viewAll=brand"><span class="checkbox-square checkbox-square-linked"></span><span class="checkbox-check icon-tick-white"></span><span class="visually-hidden">Filter by</span><span class="filter-label--line--inline">Fybogel</span><span class="filter-label--line--inline">&nbsp;(5)</span></a></label></div></li><li class="filter-option__container" id="Got2b" data-auto="filter-option" data-auto-selected="false"><div class="checkbox" data-auto="checkbox"><input id="filter-option--Got2b-440130" name="filter-option--Got2b-440130" type="checkbox"><label class="checkbox-label" for="filter-option--Got2b-440130" title="Got2b"><a class="filter-option--link" href="https://www.tesco.com/groceries/en-GB/shop/health-and-beauty/all?brand=Got2b&amp;viewAll=brand"><span class="checkbox-square checkbox-square-linked"></span><span class="checkbox-check icon-tick-white"></span><span class="visually-hidden">Filter by</span><span class="filter-label--line--inline">Got2b</span><span class="filter-label--line--inline">&nbsp;(5)</span></a></label></div></li><li class="filter-option__container" id="Hanx" data-auto="filter-option" data-auto-selected="false"><div class="checkbox" data-auto="checkbox"><input id="filter-option--Hanx-8015407" name="filter-option--Hanx-8015407" type="checkbox"><label class="checkbox-label" for="filter-option--Hanx-8015407" title="Hanx"><a class="filter-option--link" href="https://www.tesco.com/groceries/en-GB/shop/health-and-beauty/all?brand=Hanx&amp;viewAll=brand"><span class="checkbox-square checkbox-square-linked"></span><span class="checkbox-check icon-tick-white"></span><span class="visually-hidden">Filter by</span><span class="filter-label--line--inline">Hanx</span><span class="filter-label--line--inline">&nbsp;(5)</span></a></label></div></li><li class="filter-option__container" id="Johnson &amp; Johnso" data-auto="filter-option" data-auto-selected="false"><div class="checkbox" data-auto="checkbox"><input id="filter-option--Johnson-Johnso-8210133" name="filter-option--Johnson-Johnso-8210133" type="checkbox"><label class="checkbox-label" for="filter-option--Johnson-Johnso-8210133" title="Johnson &amp; Johnso"><a class="filter-option--link" href="https://www.tesco.com/groceries/en-GB/shop/health-and-beauty/all?brand=Johnson%20%26%20Johnso&amp;viewAll=brand"><span class="checkbox-square checkbox-square-linked"></span><span class="checkbox-check icon-tick-white"></span><span class="visually-hidden">Filter by</span><span class="filter-label--line--block">Johnson &amp;</span><span class="filter-label--line--inline filter-label--line--truncate">Johnso</span><span class="filter-label--line--inline">&nbsp;(5)</span></a></label></div></li><li class="filter-option__container" id="Kalms" data-auto="filter-option" data-auto-selected="false"><div class="checkbox" data-auto="checkbox"><input id="filter-option--Kalms-2750148" name="filter-option--Kalms-2750148" type="checkbox"><label class="checkbox-label" for="filter-option--Kalms-2750148" title="Kalms"><a class="filter-option--link" href="https://www.tesco.com/groceries/en-GB/shop/health-and-beauty/all?brand=Kalms&amp;viewAll=brand"><span class="checkbox-square checkbox-square-linked"></span><span class="checkbox-check icon-tick-white"></span><span class="visually-hidden">Filter by</span><span class="filter-label--line--inline">Kalms</span><span class="filter-label--line--inline">&nbsp;(5)</span></a></label></div></li><li class="filter-option__container" id="Love Hemp" data-auto="filter-option" data-auto-selected="false"><div class="checkbox" data-auto="checkbox"><input id="filter-option--Love-Hemp-9247928" name="filter-option--Love-Hemp-9247928" type="checkbox"><label class="checkbox-label" for="filter-option--Love-Hemp-9247928" title="Love Hemp"><a class="filter-option--link" href="https://www.tesco.com/groceries/en-GB/shop/health-and-beauty/all?brand=Love%20Hemp&amp;viewAll=brand"><span class="checkbox-square checkbox-square-linked"></span><span class="checkbox-check icon-tick-white"></span><span class="visually-hidden">Filter by</span><span class="filter-label--line--inline">Love Hemp</span><span class="filter-label--line--inline">&nbsp;(5)</span></a></label></div></li><li class="filter-option__container" id="Maximuscle" data-auto="filter-option" data-auto-selected="false"><div class="checkbox" data-auto="checkbox"><input id="filter-option--Maximuscle-544153" name="filter-option--Maximuscle-544153" type="checkbox"><label class="checkbox-label" for="filter-option--Maximuscle-544153" title="Maximuscle"><a class="filter-option--link" href="https://www.tesco.com/groceries/en-GB/shop/health-and-beauty/all?brand=Maximuscle&amp;viewAll=brand"><span class="checkbox-square checkbox-square-linked"></span><span class="checkbox-check icon-tick-white"></span><span class="visually-hidden">Filter by</span><span class="filter-label--line--inline">Maximuscle</span><span class="filter-label--line--inline">&nbsp;(5)</span></a></label></div></li><li class="filter-option__container" id="Nelsons" data-auto="filter-option" data-auto-selected="false"><div class="checkbox" data-auto="checkbox"><input id="filter-option--Nelsons-4550892" name="filter-option--Nelsons-4550892" type="checkbox"><label class="checkbox-label" for="filter-option--Nelsons-4550892" title="Nelsons"><a class="filter-option--link" href="https://www.tesco.com/groceries/en-GB/shop/health-and-beauty/all?brand=Nelsons&amp;viewAll=brand"><span class="checkbox-square checkbox-square-linked"></span><span class="checkbox-check icon-tick-white"></span><span class="visually-hidden">Filter by</span><span class="filter-label--line--inline">Nelsons</span><span class="filter-label--line--inline">&nbsp;(5)</span></a></label></div></li><li class="filter-option__container" id="Optimum Nutritio" data-auto="filter-option" data-auto-selected="false"><div class="checkbox" data-auto="checkbox"><input id="filter-option--Optimum-Nutritio-2886626" name="filter-option--Optimum-Nutritio-2886626" type="checkbox"><label class="checkbox-label" for="filter-option--Optimum-Nutritio-2886626" title="Optimum Nutritio"><a class="filter-option--link" href="https://www.tesco.com/groceries/en-GB/shop/health-and-beauty/all?brand=Optimum%20Nutritio&amp;viewAll=brand"><span class="checkbox-square checkbox-square-linked"></span><span class="checkbox-check icon-tick-white"></span><span class="visually-hidden">Filter by</span><span class="filter-label--line--block">Optimum</span><span class="filter-label--line--inline filter-label--line--truncate">Nutritio</span><span class="filter-label--line--inline">&nbsp;(5)</span></a></label></div></li><li class="filter-option__container" id="Panadol" data-auto="filter-option" data-auto-selected="false"><div class="checkbox" data-auto="checkbox"><input id="filter-option--Panadol-4129343" name="filter-option--Panadol-4129343" type="checkbox"><label class="checkbox-label" for="filter-option--Panadol-4129343" title="Panadol"><a class="filter-option--link" href="https://www.tesco.com/groceries/en-GB/shop/health-and-beauty/all?brand=Panadol&amp;viewAll=brand"><span class="checkbox-square checkbox-square-linked"></span><span class="checkbox-check icon-tick-white"></span><span class="visually-hidden">Filter by</span><span class="filter-label--line--inline">Panadol</span><span class="filter-label--line--inline">&nbsp;(5)</span></a></label></div></li><li class="filter-option__container" id="Science In Sport" data-auto="filter-option" data-auto-selected="false"><div class="checkbox" data-auto="checkbox"><input id="filter-option--Science-In-Sport-7771863" name="filter-option--Science-In-Sport-7771863" type="checkbox"><label class="checkbox-label" for="filter-option--Science-In-Sport-7771863" title="Science In Sport"><a class="filter-option--link" href="https://www.tesco.com/groceries/en-GB/shop/health-and-beauty/all?brand=Science%20In%20Sport&amp;viewAll=brand"><span class="checkbox-square checkbox-square-linked"></span><span class="checkbox-check icon-tick-white"></span><span class="visually-hidden">Filter by</span><span class="filter-label--line--block">Science In</span><span class="filter-label--line--inline filter-label--line--truncate">Sport</span><span class="filter-label--line--inline">&nbsp;(5)</span></a></label></div></li><li class="filter-option__container" id="St Tropez" data-auto="filter-option" data-auto-selected="false"><div class="checkbox" data-auto="checkbox"><input id="filter-option--St-Tropez-6536670" name="filter-option--St-Tropez-6536670" type="checkbox"><label class="checkbox-label" for="filter-option--St-Tropez-6536670" title="St Tropez"><a class="filter-option--link" href="https://www.tesco.com/groceries/en-GB/shop/health-and-beauty/all?brand=St%20Tropez&amp;viewAll=brand"><span class="checkbox-square checkbox-square-linked"></span><span class="checkbox-check icon-tick-white"></span><span class="visually-hidden">Filter by</span><span class="filter-label--line--inline">St Tropez</span><span class="filter-label--line--inline">&nbsp;(5)</span></a></label></div></li><li class="filter-option__container" id="Strepsils" data-auto="filter-option" data-auto-selected="false"><div class="checkbox" data-auto="checkbox"><input id="filter-option--Strepsils-2476434" name="filter-option--Strepsils-2476434" type="checkbox"><label class="checkbox-label" for="filter-option--Strepsils-2476434" title="Strepsils"><a class="filter-option--link" href="https://www.tesco.com/groceries/en-GB/shop/health-and-beauty/all?brand=Strepsils&amp;viewAll=brand"><span class="checkbox-square checkbox-square-linked"></span><span class="checkbox-check icon-tick-white"></span><span class="visually-hidden">Filter by</span><span class="filter-label--line--inline">Strepsils</span><span class="filter-label--line--inline">&nbsp;(5)</span></a></label></div></li><li class="filter-option__container" id="Vitality Cbd" data-auto="filter-option" data-auto-selected="false"><div class="checkbox" data-auto="checkbox"><input id="filter-option--Vitality-Cbd-9077395" name="filter-option--Vitality-Cbd-9077395" type="checkbox"><label class="checkbox-label" for="filter-option--Vitality-Cbd-9077395" title="Vitality Cbd"><a class="filter-option--link" href="https://www.tesco.com/groceries/en-GB/shop/health-and-beauty/all?brand=Vitality%20Cbd&amp;viewAll=brand"><span class="checkbox-square checkbox-square-linked"></span><span class="checkbox-check icon-tick-white"></span><span class="visually-hidden">Filter by</span><span class="filter-label--line--inline">Vitality Cbd</span><span class="filter-label--line--inline">&nbsp;(5)</span></a></label></div></li><li class="filter-option__container" id="Wella" data-auto="filter-option" data-auto-selected="false"><div class="checkbox" data-auto="checkbox"><input id="filter-option--Wella-6715850" name="filter-option--Wella-6715850" type="checkbox"><label class="checkbox-label" for="filter-option--Wella-6715850" title="Wella"><a class="filter-option--link" href="https://www.tesco.com/groceries/en-GB/shop/health-and-beauty/all?brand=Wella&amp;viewAll=brand"><span class="checkbox-square checkbox-square-linked"></span><span class="checkbox-check icon-tick-white"></span><span class="visually-hidden">Filter by</span><span class="filter-label--line--inline">Wella</span><span class="filter-label--line--inline">&nbsp;(5)</span></a></label></div></li><li class="filter-option__container" id="Adidas" data-auto="filter-option" data-auto-selected="false"><div class="checkbox" data-auto="checkbox"><input id="filter-option--Adidas-3148499" name="filter-option--Adidas-3148499" type="checkbox"><label class="checkbox-label" for="filter-option--Adidas-3148499" title="Adidas"><a class="filter-option--link" href="https://www.tesco.com/groceries/en-GB/shop/health-and-beauty/all?brand=Adidas&amp;viewAll=brand"><span class="checkbox-square checkbox-square-linked"></span><span class="checkbox-check icon-tick-white"></span><span class="visually-hidden">Filter by</span><span class="filter-label--line--inline">Adidas</span><span class="filter-label--line--inline">&nbsp;(4)</span></a></label></div></li><li class="filter-option__container" id="Anadin" data-auto="filter-option" data-auto-selected="false"><div class="checkbox" data-auto="checkbox"><input id="filter-option--Anadin-2094857" name="filter-option--Anadin-2094857" type="checkbox"><label class="checkbox-label" for="filter-option--Anadin-2094857" title="Anadin"><a class="filter-option--link" href="https://www.tesco.com/groceries/en-GB/shop/health-and-beauty/all?brand=Anadin&amp;viewAll=brand"><span class="checkbox-square checkbox-square-linked"></span><span class="checkbox-check icon-tick-white"></span><span class="visually-hidden">Filter by</span><span class="filter-label--line--inline">Anadin</span><span class="filter-label--line--inline">&nbsp;(4)</span></a></label></div></li><li class="filter-option__container" id="Bath" data-auto="filter-option" data-auto-selected="false"><div class="checkbox" data-auto="checkbox"><input id="filter-option--Bath-6480658" name="filter-option--Bath-6480658" type="checkbox"><label class="checkbox-label" for="filter-option--Bath-6480658" title="Bath"><a class="filter-option--link" href="https://www.tesco.com/groceries/en-GB/shop/health-and-beauty/all?brand=Bath&amp;viewAll=brand"><span class="checkbox-square checkbox-square-linked"></span><span class="checkbox-check icon-tick-white"></span><span class="visually-hidden">Filter by</span><span class="filter-label--line--inline">Bath</span><span class="filter-label--line--inline">&nbsp;(4)</span></a></label></div></li><li class="filter-option__container" id="Beechams" data-auto="filter-option" data-auto-selected="false"><div class="checkbox" data-auto="checkbox"><input id="filter-option--Beechams-3685238" name="filter-option--Beechams-3685238" type="checkbox"><label class="checkbox-label" for="filter-option--Beechams-3685238" title="Beechams"><a class="filter-option--link" href="https://www.tesco.com/groceries/en-GB/shop/health-and-beauty/all?brand=Beechams&amp;viewAll=brand"><span class="checkbox-square checkbox-square-linked"></span><span class="checkbox-check icon-tick-white"></span><span class="visually-hidden">Filter by</span><span class="filter-label--line--inline">Beechams</span><span class="filter-label--line--inline">&nbsp;(4)</span></a></label></div></li><li class="filter-option__container" id="Beyond" data-auto="filter-option" data-auto-selected="false"><div class="checkbox" data-auto="checkbox"><input id="filter-option--Beyond-9922582" name="filter-option--Beyond-9922582" type="checkbox"><label class="checkbox-label" for="filter-option--Beyond-9922582" title="Beyond"><a class="filter-option--link" href="https://www.tesco.com/groceries/en-GB/shop/health-and-beauty/all?brand=Beyond&amp;viewAll=brand"><span class="checkbox-square checkbox-square-linked"></span><span class="checkbox-check icon-tick-white"></span><span class="visually-hidden">Filter by</span><span class="filter-label--line--inline">Beyond</span><span class="filter-label--line--inline">&nbsp;(4)</span></a></label></div></li><li class="filter-option__container" id="Big Hair Tools" data-auto="filter-option" data-auto-selected="false"><div class="checkbox" data-auto="checkbox"><input id="filter-option--Big-Hair-Tools-2763153" name="filter-option--Big-Hair-Tools-2763153" type="checkbox"><label class="checkbox-label" for="filter-option--Big-Hair-Tools-2763153" title="Big Hair Tools"><a class="filter-option--link" href="https://www.tesco.com/groceries/en-GB/shop/health-and-beauty/all?brand=Big%20Hair%20Tools&amp;viewAll=brand"><span class="checkbox-square checkbox-square-linked"></span><span class="checkbox-check icon-tick-white"></span><span class="visually-hidden">Filter by</span><span class="filter-label--line--inline">Big Hair Tools</span><span class="filter-label--line--inline">&nbsp;(4)</span></a></label></div></li><li class="filter-option__container" id="Bonjela" data-auto="filter-option" data-auto-selected="false"><div class="checkbox" data-auto="checkbox"><input id="filter-option--Bonjela-3060685" name="filter-option--Bonjela-3060685" type="checkbox"><label class="checkbox-label" for="filter-option--Bonjela-3060685" title="Bonjela"><a class="filter-option--link" href="https://www.tesco.com/groceries/en-GB/shop/health-and-beauty/all?brand=Bonjela&amp;viewAll=brand"><span class="checkbox-square checkbox-square-linked"></span><span class="checkbox-check icon-tick-white"></span><span class="visually-hidden">Filter by</span><span class="filter-label--line--inline">Bonjela</span><span class="filter-label--line--inline">&nbsp;(4)</span></a></label></div></li><li class="filter-option__container" id="Calcot Manor" data-auto="filter-option" data-auto-selected="false"><div class="checkbox" data-auto="checkbox"><input id="filter-option--Calcot-Manor-1993448" name="filter-option--Calcot-Manor-1993448" type="checkbox"><label class="checkbox-label" for="filter-option--Calcot-Manor-1993448" title="Calcot Manor"><a class="filter-option--link" href="https://www.tesco.com/groceries/en-GB/shop/health-and-beauty/all?brand=Calcot%20Manor&amp;viewAll=brand"><span class="checkbox-square checkbox-square-linked"></span><span class="checkbox-check icon-tick-white"></span><span class="visually-hidden">Filter by</span><span class="filter-label--line--inline">Calcot Manor</span><span class="filter-label--line--inline">&nbsp;(4)</span></a></label></div></li><li class="filter-option__container" id="Calcot Manor Spa" data-auto="filter-option" data-auto-selected="false"><div class="checkbox" data-auto="checkbox"><input id="filter-option--Calcot-Manor-Spa-1000139" name="filter-option--Calcot-Manor-Spa-1000139" type="checkbox"><label class="checkbox-label" for="filter-option--Calcot-Manor-Spa-1000139" title="Calcot Manor Spa"><a class="filter-option--link" href="https://www.tesco.com/groceries/en-GB/shop/health-and-beauty/all?brand=Calcot%20Manor%20Spa&amp;viewAll=brand"><span class="checkbox-square checkbox-square-linked"></span><span class="checkbox-check icon-tick-white"></span><span class="visually-hidden">Filter by</span><span class="filter-label--line--block">Calcot Manor</span><span class="filter-label--line--inline filter-label--line--truncate">Spa</span><span class="filter-label--line--inline">&nbsp;(4)</span></a></label></div></li><li class="filter-option__container" id="Chewy Vites" data-auto="filter-option" data-auto-selected="false"><div class="checkbox" data-auto="checkbox"><input id="filter-option--Chewy-Vites-2113814" name="filter-option--Chewy-Vites-2113814" type="checkbox"><label class="checkbox-label" for="filter-option--Chewy-Vites-2113814" title="Chewy Vites"><a class="filter-option--link" href="https://www.tesco.com/groceries/en-GB/shop/health-and-beauty/all?brand=Chewy%20Vites&amp;viewAll=brand"><span class="checkbox-square checkbox-square-linked"></span><span class="checkbox-check icon-tick-white"></span><span class="visually-hidden">Filter by</span><span class="filter-label--line--inline">Chewy Vites</span><span class="filter-label--line--inline">&nbsp;(4)</span></a></label></div></li><li class="filter-option__container" id="Covonia" data-auto="filter-option" data-auto-selected="false"><div class="checkbox" data-auto="checkbox"><input id="filter-option--Covonia-9592869" name="filter-option--Covonia-9592869" type="checkbox"><label class="checkbox-label" for="filter-option--Covonia-9592869" title="Covonia"><a class="filter-option--link" href="https://www.tesco.com/groceries/en-GB/shop/health-and-beauty/all?brand=Covonia&amp;viewAll=brand"><span class="checkbox-square checkbox-square-linked"></span><span class="checkbox-check icon-tick-white"></span><span class="visually-hidden">Filter by</span><span class="filter-label--line--inline">Covonia</span><span class="filter-label--line--inline">&nbsp;(4)</span></a></label></div></li><li class="filter-option__container" id="Disney" data-auto="filter-option" data-auto-selected="false"><div class="checkbox" data-auto="checkbox"><input id="filter-option--Disney-5109653" name="filter-option--Disney-5109653" type="checkbox"><label class="checkbox-label" for="filter-option--Disney-5109653" title="Disney"><a class="filter-option--link" href="https://www.tesco.com/groceries/en-GB/shop/health-and-beauty/all?brand=Disney&amp;viewAll=brand"><span class="checkbox-square checkbox-square-linked"></span><span class="checkbox-check icon-tick-white"></span><span class="visually-hidden">Filter by</span><span class="filter-label--line--inline">Disney</span><span class="filter-label--line--inline">&nbsp;(4)</span></a></label></div></li><li class="filter-option__container" id="Disney Princess" data-auto="filter-option" data-auto-selected="false"><div class="checkbox" data-auto="checkbox"><input id="filter-option--Disney-Princess-9084607" name="filter-option--Disney-Princess-9084607" type="checkbox"><label class="checkbox-label" for="filter-option--Disney-Princess-9084607" title="Disney Princess"><a class="filter-option--link" href="https://www.tesco.com/groceries/en-GB/shop/health-and-beauty/all?brand=Disney%20Princess&amp;viewAll=brand"><span class="checkbox-square checkbox-square-linked"></span><span class="checkbox-check icon-tick-white"></span><span class="visually-hidden">Filter by</span><span class="filter-label--line--block">Disney</span><span class="filter-label--line--inline filter-label--line--truncate">Princess</span><span class="filter-label--line--inline">&nbsp;(4)</span></a></label></div></li><li class="filter-option__container" id="Fizz The Season" data-auto="filter-option" data-auto-selected="false"><div class="checkbox" data-auto="checkbox"><input id="filter-option--Fizz-The-Season-5925503" name="filter-option--Fizz-The-Season-5925503" type="checkbox"><label class="checkbox-label" for="filter-option--Fizz-The-Season-5925503" title="Fizz The Season"><a class="filter-option--link" href="https://www.tesco.com/groceries/en-GB/shop/health-and-beauty/all?brand=Fizz%20The%20Season&amp;viewAll=brand"><span class="checkbox-square checkbox-square-linked"></span><span class="checkbox-check icon-tick-white"></span><span class="visually-hidden">Filter by</span><span class="filter-label--line--block">Fizz The</span><span class="filter-label--line--inline filter-label--line--truncate">Season</span><span class="filter-label--line--inline">&nbsp;(4)</span></a></label></div></li><li class="filter-option__container" id="Flourish" data-auto="filter-option" data-auto-selected="false"><div class="checkbox" data-auto="checkbox"><input id="filter-option--Flourish-4977181" name="filter-option--Flourish-4977181" type="checkbox"><label class="checkbox-label" for="filter-option--Flourish-4977181" title="Flourish"><a class="filter-option--link" href="https://www.tesco.com/groceries/en-GB/shop/health-and-beauty/all?brand=Flourish&amp;viewAll=brand"><span class="checkbox-square checkbox-square-linked"></span><span class="checkbox-check icon-tick-white"></span><span class="visually-hidden">Filter by</span><span class="filter-label--line--inline">Flourish</span><span class="filter-label--line--inline">&nbsp;(4)</span></a></label></div></li><li class="filter-option__container" id="Fulfil" data-auto="filter-option" data-auto-selected="false"><div class="checkbox" data-auto="checkbox"><input id="filter-option--Fulfil-3545277" name="filter-option--Fulfil-3545277" type="checkbox"><label class="checkbox-label" for="filter-option--Fulfil-3545277" title="Fulfil"><a class="filter-option--link" href="https://www.tesco.com/groceries/en-GB/shop/health-and-beauty/all?brand=Fulfil&amp;viewAll=brand"><span class="checkbox-square checkbox-square-linked"></span><span class="checkbox-check icon-tick-white"></span><span class="visually-hidden">Filter by</span><span class="filter-label--line--inline">Fulfil</span><span class="filter-label--line--inline">&nbsp;(4)</span></a></label></div></li><li class="filter-option__container" id="Grab It" data-auto="filter-option" data-auto-selected="false"><div class="checkbox" data-auto="checkbox"><input id="filter-option--Grab-It-8100920" name="filter-option--Grab-It-8100920" type="checkbox"><label class="checkbox-label" for="filter-option--Grab-It-8100920" title="Grab It"><a class="filter-option--link" href="https://www.tesco.com/groceries/en-GB/shop/health-and-beauty/all?brand=Grab%20It&amp;viewAll=brand"><span class="checkbox-square checkbox-square-linked"></span><span class="checkbox-check icon-tick-white"></span><span class="visually-hidden">Filter by</span><span class="filter-label--line--inline">Grab It</span><span class="filter-label--line--inline">&nbsp;(4)</span></a></label></div></li><li class="filter-option__container" id="Halls" data-auto="filter-option" data-auto-selected="false"><div class="checkbox" data-auto="checkbox"><input id="filter-option--Halls-2585593" name="filter-option--Halls-2585593" type="checkbox"><label class="checkbox-label" for="filter-option--Halls-2585593" title="Halls"><a class="filter-option--link" href="https://www.tesco.com/groceries/en-GB/shop/health-and-beauty/all?brand=Halls&amp;viewAll=brand"><span class="checkbox-square checkbox-square-linked"></span><span class="checkbox-check icon-tick-white"></span><span class="visually-hidden">Filter by</span><span class="filter-label--line--inline">Halls</span><span class="filter-label--line--inline">&nbsp;(4)</span></a></label></div></li><li class="filter-option__container" id="Health &amp; Her" data-auto="filter-option" data-auto-selected="false"><div class="checkbox" data-auto="checkbox"><input id="filter-option--Health-Her-3741672" name="filter-option--Health-Her-3741672" type="checkbox"><label class="checkbox-label" for="filter-option--Health-Her-3741672" title="Health &amp; Her"><a class="filter-option--link" href="https://www.tesco.com/groceries/en-GB/shop/health-and-beauty/all?brand=Health%20%26%20Her&amp;viewAll=brand"><span class="checkbox-square checkbox-square-linked"></span><span class="checkbox-check icon-tick-white"></span><span class="visually-hidden">Filter by</span><span class="filter-label--line--inline">Health &amp; Her</span><span class="filter-label--line--inline">&nbsp;(4)</span></a></label></div></li><li class="filter-option__container" id="Imodium" data-auto="filter-option" data-auto-selected="false"><div class="checkbox" data-auto="checkbox"><input id="filter-option--Imodium-7479051" name="filter-option--Imodium-7479051" type="checkbox"><label class="checkbox-label" for="filter-option--Imodium-7479051" title="Imodium"><a class="filter-option--link" href="https://www.tesco.com/groceries/en-GB/shop/health-and-beauty/all?brand=Imodium&amp;viewAll=brand"><span class="checkbox-square checkbox-square-linked"></span><span class="checkbox-check icon-tick-white"></span><span class="visually-hidden">Filter by</span><span class="filter-label--line--inline">Imodium</span><span class="filter-label--line--inline">&nbsp;(4)</span></a></label></div></li><li class="filter-option__container" id="King C Gillette" data-auto="filter-option" data-auto-selected="false"><div class="checkbox" data-auto="checkbox"><input id="filter-option--King-C-Gillette-6003236" name="filter-option--King-C-Gillette-6003236" type="checkbox"><label class="checkbox-label" for="filter-option--King-C-Gillette-6003236" title="King C Gillette"><a class="filter-option--link" href="https://www.tesco.com/groceries/en-GB/shop/health-and-beauty/all?brand=King%20C%20Gillette&amp;viewAll=brand"><span class="checkbox-square checkbox-square-linked"></span><span class="checkbox-check icon-tick-white"></span><span class="visually-hidden">Filter by</span><span class="filter-label--line--block">King C</span><span class="filter-label--line--inline filter-label--line--truncate">Gillette</span><span class="filter-label--line--inline">&nbsp;(4)</span></a></label></div></li><li class="filter-option__container" id="Lasting Color" data-auto="filter-option" data-auto-selected="false"><div class="checkbox" data-auto="checkbox"><input id="filter-option--Lasting-Color-9696474" name="filter-option--Lasting-Color-9696474" type="checkbox"><label class="checkbox-label" for="filter-option--Lasting-Color-9696474" title="Lasting Color"><a class="filter-option--link" href="https://www.tesco.com/groceries/en-GB/shop/health-and-beauty/all?brand=Lasting%20Color&amp;viewAll=brand"><span class="checkbox-square checkbox-square-linked"></span><span class="checkbox-check icon-tick-white"></span><span class="visually-hidden">Filter by</span><span class="filter-label--line--inline">Lasting Color</span><span class="filter-label--line--inline">&nbsp;(4)</span></a></label></div></li><li class="filter-option__container" id="Lifebuoy" data-auto="filter-option" data-auto-selected="false"><div class="checkbox" data-auto="checkbox"><input id="filter-option--Lifebuoy-6596566" name="filter-option--Lifebuoy-6596566" type="checkbox"><label class="checkbox-label" for="filter-option--Lifebuoy-6596566" title="Lifebuoy"><a class="filter-option--link" href="https://www.tesco.com/groceries/en-GB/shop/health-and-beauty/all?brand=Lifebuoy&amp;viewAll=brand"><span class="checkbox-square checkbox-square-linked"></span><span class="checkbox-check icon-tick-white"></span><span class="visually-hidden">Filter by</span><span class="filter-label--line--inline">Lifebuoy</span><span class="filter-label--line--inline">&nbsp;(4)</span></a></label></div></li><li class="filter-option__container" id="Live Xxl" data-auto="filter-option" data-auto-selected="false"><div class="checkbox" data-auto="checkbox"><input id="filter-option--Live-Xxl-1879771" name="filter-option--Live-Xxl-1879771" type="checkbox"><label class="checkbox-label" for="filter-option--Live-Xxl-1879771" title="Live Xxl"><a class="filter-option--link" href="https://www.tesco.com/groceries/en-GB/shop/health-and-beauty/all?brand=Live%20Xxl&amp;viewAll=brand"><span class="checkbox-square checkbox-square-linked"></span><span class="checkbox-check icon-tick-white"></span><span class="visually-hidden">Filter by</span><span class="filter-label--line--inline">Live Xxl</span><span class="filter-label--line--inline">&nbsp;(4)</span></a></label></div></li><li class="filter-option__container" id="Lol" data-auto="filter-option" data-auto-selected="false"><div class="checkbox" data-auto="checkbox"><input id="filter-option--Lol-9253042" name="filter-option--Lol-9253042" type="checkbox"><label class="checkbox-label" for="filter-option--Lol-9253042" title="Lol"><a class="filter-option--link" href="https://www.tesco.com/groceries/en-GB/shop/health-and-beauty/all?brand=Lol&amp;viewAll=brand"><span class="checkbox-square checkbox-square-linked"></span><span class="checkbox-check icon-tick-white"></span><span class="visually-hidden">Filter by</span><span class="filter-label--line--inline">Lol</span><span class="filter-label--line--inline">&nbsp;(4)</span></a></label></div></li><li class="filter-option__container" id="Mancave" data-auto="filter-option" data-auto-selected="false"><div class="checkbox" data-auto="checkbox"><input id="filter-option--Mancave-2368058" name="filter-option--Mancave-2368058" type="checkbox"><label class="checkbox-label" for="filter-option--Mancave-2368058" title="Mancave"><a class="filter-option--link" href="https://www.tesco.com/groceries/en-GB/shop/health-and-beauty/all?brand=Mancave&amp;viewAll=brand"><span class="checkbox-square checkbox-square-linked"></span><span class="checkbox-check icon-tick-white"></span><span class="visually-hidden">Filter by</span><span class="filter-label--line--inline">Mancave</span><span class="filter-label--line--inline">&nbsp;(4)</span></a></label></div></li><li class="filter-option__container" id="Mates" data-auto="filter-option" data-auto-selected="false"><div class="checkbox" data-auto="checkbox"><input id="filter-option--Mates-6890541" name="filter-option--Mates-6890541" type="checkbox"><label class="checkbox-label" for="filter-option--Mates-6890541" title="Mates"><a class="filter-option--link" href="https://www.tesco.com/groceries/en-GB/shop/health-and-beauty/all?brand=Mates&amp;viewAll=brand"><span class="checkbox-square checkbox-square-linked"></span><span class="checkbox-check icon-tick-white"></span><span class="visually-hidden">Filter by</span><span class="filter-label--line--inline">Mates</span><span class="filter-label--line--inline">&nbsp;(4)</span></a></label></div></li><li class="filter-option__container" id="Myvitamins" data-auto="filter-option" data-auto-selected="false"><div class="checkbox" data-auto="checkbox"><input id="filter-option--Myvitamins-6344398" name="filter-option--Myvitamins-6344398" type="checkbox"><label class="checkbox-label" for="filter-option--Myvitamins-6344398" title="Myvitamins"><a class="filter-option--link" href="https://www.tesco.com/groceries/en-GB/shop/health-and-beauty/all?brand=Myvitamins&amp;viewAll=brand"><span class="checkbox-square checkbox-square-linked"></span><span class="checkbox-check icon-tick-white"></span><span class="visually-hidden">Filter by</span><span class="filter-label--line--inline">Myvitamins</span><span class="filter-label--line--inline">&nbsp;(4)</span></a></label></div></li><li class="filter-option__container" id="Nivea Men" data-auto="filter-option" data-auto-selected="false"><div class="checkbox" data-auto="checkbox"><input id="filter-option--Nivea-Men-5082051" name="filter-option--Nivea-Men-5082051" type="checkbox"><label class="checkbox-label" for="filter-option--Nivea-Men-5082051" title="Nivea Men"><a class="filter-option--link" href="https://www.tesco.com/groceries/en-GB/shop/health-and-beauty/all?brand=Nivea%20Men&amp;viewAll=brand"><span class="checkbox-square checkbox-square-linked"></span><span class="checkbox-check icon-tick-white"></span><span class="visually-hidden">Filter by</span><span class="filter-label--line--inline">Nivea Men</span><span class="filter-label--line--inline">&nbsp;(4)</span></a></label></div></li><li class="filter-option__container" id="Ora" data-auto="filter-option" data-auto-selected="false"><div class="checkbox" data-auto="checkbox"><input id="filter-option--Ora-4320695" name="filter-option--Ora-4320695" type="checkbox"><label class="checkbox-label" for="filter-option--Ora-4320695" title="Ora"><a class="filter-option--link" href="https://www.tesco.com/groceries/en-GB/shop/health-and-beauty/all?brand=Ora&amp;viewAll=brand"><span class="checkbox-square checkbox-square-linked"></span><span class="checkbox-check icon-tick-white"></span><span class="visually-hidden">Filter by</span><span class="filter-label--line--inline">Ora</span><span class="filter-label--line--inline">&nbsp;(4)</span></a></label></div></li><li class="filter-option__container" id="Otrivine" data-auto="filter-option" data-auto-selected="false"><div class="checkbox" data-auto="checkbox"><input id="filter-option--Otrivine-5821909" name="filter-option--Otrivine-5821909" type="checkbox"><label class="checkbox-label" for="filter-option--Otrivine-5821909" title="Otrivine"><a class="filter-option--link" href="https://www.tesco.com/groceries/en-GB/shop/health-and-beauty/all?brand=Otrivine&amp;viewAll=brand"><span class="checkbox-square checkbox-square-linked"></span><span class="checkbox-check icon-tick-white"></span><span class="visually-hidden">Filter by</span><span class="filter-label--line--inline">Otrivine</span><span class="filter-label--line--inline">&nbsp;(4)</span></a></label></div></li><li class="filter-option__container" id="Paul Smith" data-auto="filter-option" data-auto-selected="false"><div class="checkbox" data-auto="checkbox"><input id="filter-option--Paul-Smith-1982046" name="filter-option--Paul-Smith-1982046" type="checkbox"><label class="checkbox-label" for="filter-option--Paul-Smith-1982046" title="Paul Smith"><a class="filter-option--link" href="https://www.tesco.com/groceries/en-GB/shop/health-and-beauty/all?brand=Paul%20Smith&amp;viewAll=brand"><span class="checkbox-square checkbox-square-linked"></span><span class="checkbox-check icon-tick-white"></span><span class="visually-hidden">Filter by</span><span class="filter-label--line--inline">Paul Smith</span><span class="filter-label--line--inline">&nbsp;(4)</span></a></label></div></li><li class="filter-option__container" id="Phizz" data-auto="filter-option" data-auto-selected="false"><div class="checkbox" data-auto="checkbox"><input id="filter-option--Phizz-1293493" name="filter-option--Phizz-1293493" type="checkbox"><label class="checkbox-label" for="filter-option--Phizz-1293493" title="Phizz"><a class="filter-option--link" href="https://www.tesco.com/groceries/en-GB/shop/health-and-beauty/all?brand=Phizz&amp;viewAll=brand"><span class="checkbox-square checkbox-square-linked"></span><span class="checkbox-check icon-tick-white"></span><span class="visually-hidden">Filter by</span><span class="filter-label--line--inline">Phizz</span><span class="filter-label--line--inline">&nbsp;(4)</span></a></label></div></li><li class="filter-option__container" id="Piriteze" data-auto="filter-option" data-auto-selected="false"><div class="checkbox" data-auto="checkbox"><input id="filter-option--Piriteze-785258" name="filter-option--Piriteze-785258" type="checkbox"><label class="checkbox-label" for="filter-option--Piriteze-785258" title="Piriteze"><a class="filter-option--link" href="https://www.tesco.com/groceries/en-GB/shop/health-and-beauty/all?brand=Piriteze&amp;viewAll=brand"><span class="checkbox-square checkbox-square-linked"></span><span class="checkbox-check icon-tick-white"></span><span class="visually-hidden">Filter by</span><span class="filter-label--line--inline">Piriteze</span><span class="filter-label--line--inline">&nbsp;(4)</span></a></label></div></li><li class="filter-option__container" id="Plantur 39" data-auto="filter-option" data-auto-selected="false"><div class="checkbox" data-auto="checkbox"><input id="filter-option--Plantur-39-3732695" name="filter-option--Plantur-39-3732695" type="checkbox"><label class="checkbox-label" for="filter-option--Plantur-39-3732695" title="Plantur 39"><a class="filter-option--link" href="https://www.tesco.com/groceries/en-GB/shop/health-and-beauty/all?brand=Plantur%2039&amp;viewAll=brand"><span class="checkbox-square checkbox-square-linked"></span><span class="checkbox-check icon-tick-white"></span><span class="visually-hidden">Filter by</span><span class="filter-label--line--inline">Plantur 39</span><span class="filter-label--line--inline">&nbsp;(4)</span></a></label></div></li><li class="filter-option__container" id="Pronamel" data-auto="filter-option" data-auto-selected="false"><div class="checkbox" data-auto="checkbox"><input id="filter-option--Pronamel-3360620" name="filter-option--Pronamel-3360620" type="checkbox"><label class="checkbox-label" for="filter-option--Pronamel-3360620" title="Pronamel"><a class="filter-option--link" href="https://www.tesco.com/groceries/en-GB/shop/health-and-beauty/all?brand=Pronamel&amp;viewAll=brand"><span class="checkbox-square checkbox-square-linked"></span><span class="checkbox-check icon-tick-white"></span><span class="visually-hidden">Filter by</span><span class="filter-label--line--inline">Pronamel</span><span class="filter-label--line--inline">&nbsp;(4)</span></a></label></div></li><li class="filter-option__container" id="Purifide" data-auto="filter-option" data-auto-selected="false"><div class="checkbox" data-auto="checkbox"><input id="filter-option--Purifide-7432584" name="filter-option--Purifide-7432584" type="checkbox"><label class="checkbox-label" for="filter-option--Purifide-7432584" title="Purifide"><a class="filter-option--link" href="https://www.tesco.com/groceries/en-GB/shop/health-and-beauty/all?brand=Purifide&amp;viewAll=brand"><span class="checkbox-square checkbox-square-linked"></span><span class="checkbox-check icon-tick-white"></span><span class="visually-hidden">Filter by</span><span class="filter-label--line--inline">Purifide</span><span class="filter-label--line--inline">&nbsp;(4)</span></a></label></div></li><li class="filter-option__container" id="Sally Hansen" data-auto="filter-option" data-auto-selected="false"><div class="checkbox" data-auto="checkbox"><input id="filter-option--Sally-Hansen-290821" name="filter-option--Sally-Hansen-290821" type="checkbox"><label class="checkbox-label" for="filter-option--Sally-Hansen-290821" title="Sally Hansen"><a class="filter-option--link" href="https://www.tesco.com/groceries/en-GB/shop/health-and-beauty/all?brand=Sally%20Hansen&amp;viewAll=brand"><span class="checkbox-square checkbox-square-linked"></span><span class="checkbox-check icon-tick-white"></span><span class="visually-hidden">Filter by</span><span class="filter-label--line--inline">Sally Hansen</span><span class="filter-label--line--inline">&nbsp;(4)</span></a></label></div></li><li class="filter-option__container" id="Sambucol" data-auto="filter-option" data-auto-selected="false"><div class="checkbox" data-auto="checkbox"><input id="filter-option--Sambucol-5249654" name="filter-option--Sambucol-5249654" type="checkbox"><label class="checkbox-label" for="filter-option--Sambucol-5249654" title="Sambucol"><a class="filter-option--link" href="https://www.tesco.com/groceries/en-GB/shop/health-and-beauty/all?brand=Sambucol&amp;viewAll=brand"><span class="checkbox-square checkbox-square-linked"></span><span class="checkbox-check icon-tick-white"></span><span class="visually-hidden">Filter by</span><span class="filter-label--line--inline">Sambucol</span><span class="filter-label--line--inline">&nbsp;(4)</span></a></label></div></li><li class="filter-option__container" id="St. Moriz" data-auto="filter-option" data-auto-selected="false"><div class="checkbox" data-auto="checkbox"><input id="filter-option--St.-Moriz-2191075" name="filter-option--St.-Moriz-2191075" type="checkbox"><label class="checkbox-label" for="filter-option--St.-Moriz-2191075" title="St. Moriz"><a class="filter-option--link" href="https://www.tesco.com/groceries/en-GB/shop/health-and-beauty/all?brand=St.%20Moriz&amp;viewAll=brand"><span class="checkbox-square checkbox-square-linked"></span><span class="checkbox-check icon-tick-white"></span><span class="visually-hidden">Filter by</span><span class="filter-label--line--inline">St. Moriz</span><span class="filter-label--line--inline">&nbsp;(4)</span></a></label></div></li><li class="filter-option__container" id="T-Zone" data-auto="filter-option" data-auto-selected="false"><div class="checkbox" data-auto="checkbox"><input id="filter-option--T-Zone-285519" name="filter-option--T-Zone-285519" type="checkbox"><label class="checkbox-label" for="filter-option--T-Zone-285519" title="T-Zone"><a class="filter-option--link" href="https://www.tesco.com/groceries/en-GB/shop/health-and-beauty/all?brand=T-Zone&amp;viewAll=brand"><span class="checkbox-square checkbox-square-linked"></span><span class="checkbox-check icon-tick-white"></span><span class="visually-hidden">Filter by</span><span class="filter-label--line--inline">T-Zone</span><span class="filter-label--line--inline">&nbsp;(4)</span></a></label></div></li><li class="filter-option__container" id="Treacle Moon" data-auto="filter-option" data-auto-selected="false"><div class="checkbox" data-auto="checkbox"><input id="filter-option--Treacle-Moon-893750" name="filter-option--Treacle-Moon-893750" type="checkbox"><label class="checkbox-label" for="filter-option--Treacle-Moon-893750" title="Treacle Moon"><a class="filter-option--link" href="https://www.tesco.com/groceries/en-GB/shop/health-and-beauty/all?brand=Treacle%20Moon&amp;viewAll=brand"><span class="checkbox-square checkbox-square-linked"></span><span class="checkbox-check icon-tick-white"></span><span class="visually-hidden">Filter by</span><span class="filter-label--line--inline">Treacle Moon</span><span class="filter-label--line--inline">&nbsp;(4)</span></a></label></div></li><li class="filter-option__container" id="Truyu" data-auto="filter-option" data-auto-selected="false"><div class="checkbox" data-auto="checkbox"><input id="filter-option--Truyu-2737819" name="filter-option--Truyu-2737819" type="checkbox"><label class="checkbox-label" for="filter-option--Truyu-2737819" title="Truyu"><a class="filter-option--link" href="https://www.tesco.com/groceries/en-GB/shop/health-and-beauty/all?brand=Truyu&amp;viewAll=brand"><span class="checkbox-square checkbox-square-linked"></span><span class="checkbox-check icon-tick-white"></span><span class="visually-hidden">Filter by</span><span class="filter-label--line--inline">Truyu</span><span class="filter-label--line--inline">&nbsp;(4)</span></a></label></div></li><li class="filter-option__container" id="Vitawell" data-auto="filter-option" data-auto-selected="false"><div class="checkbox" data-auto="checkbox"><input id="filter-option--Vitawell-6869496" name="filter-option--Vitawell-6869496" type="checkbox"><label class="checkbox-label" for="filter-option--Vitawell-6869496" title="Vitawell"><a class="filter-option--link" href="https://www.tesco.com/groceries/en-GB/shop/health-and-beauty/all?brand=Vitawell&amp;viewAll=brand"><span class="checkbox-square checkbox-square-linked"></span><span class="checkbox-check icon-tick-white"></span><span class="visually-hidden">Filter by</span><span class="filter-label--line--inline">Vitawell</span><span class="filter-label--line--inline">&nbsp;(4)</span></a></label></div></li><li class="filter-option__container" id="Wakati" data-auto="filter-option" data-auto-selected="false"><div class="checkbox" data-auto="checkbox"><input id="filter-option--Wakati-4109259" name="filter-option--Wakati-4109259" type="checkbox"><label class="checkbox-label" for="filter-option--Wakati-4109259" title="Wakati"><a class="filter-option--link" href="https://www.tesco.com/groceries/en-GB/shop/health-and-beauty/all?brand=Wakati&amp;viewAll=brand"><span class="checkbox-square checkbox-square-linked"></span><span class="checkbox-check icon-tick-white"></span><span class="visually-hidden">Filter by</span><span class="filter-label--line--inline">Wakati</span><span class="filter-label--line--inline">&nbsp;(4)</span></a></label></div></li><li class="filter-option__container" id="Alpecin" data-auto="filter-option" data-auto-selected="false"><div class="checkbox" data-auto="checkbox"><input id="filter-option--Alpecin-7736616" name="filter-option--Alpecin-7736616" type="checkbox"><label class="checkbox-label" for="filter-option--Alpecin-7736616" title="Alpecin"><a class="filter-option--link" href="https://www.tesco.com/groceries/en-GB/shop/health-and-beauty/all?brand=Alpecin&amp;viewAll=brand"><span class="checkbox-square checkbox-square-linked"></span><span class="checkbox-check icon-tick-white"></span><span class="visually-hidden">Filter by</span><span class="filter-label--line--inline">Alpecin</span><span class="filter-label--line--inline">&nbsp;(3)</span></a></label></div></li><li class="filter-option__container" id="Andrex" data-auto="filter-option" data-auto-selected="false"><div class="checkbox" data-auto="checkbox"><input id="filter-option--Andrex-5056399" name="filter-option--Andrex-5056399" type="checkbox"><label class="checkbox-label" for="filter-option--Andrex-5056399" title="Andrex"><a class="filter-option--link" href="https://www.tesco.com/groceries/en-GB/shop/health-and-beauty/all?brand=Andrex&amp;viewAll=brand"><span class="checkbox-square checkbox-square-linked"></span><span class="checkbox-check icon-tick-white"></span><span class="visually-hidden">Filter by</span><span class="filter-label--line--inline">Andrex</span><span class="filter-label--line--inline">&nbsp;(3)</span></a></label></div></li><li class="filter-option__container" id="Arm &amp; Hammer" data-auto="filter-option" data-auto-selected="false"><div class="checkbox" data-auto="checkbox"><input id="filter-option--Arm-Hammer-5329833" name="filter-option--Arm-Hammer-5329833" type="checkbox"><label class="checkbox-label" for="filter-option--Arm-Hammer-5329833" title="Arm &amp; Hammer"><a class="filter-option--link" href="https://www.tesco.com/groceries/en-GB/shop/health-and-beauty/all?brand=Arm%20%26%20Hammer&amp;viewAll=brand"><span class="checkbox-square checkbox-square-linked"></span><span class="checkbox-check icon-tick-white"></span><span class="visually-hidden">Filter by</span><span class="filter-label--line--inline">Arm &amp; Hammer</span><span class="filter-label--line--inline">&nbsp;(3)</span></a></label></div></li><li class="filter-option__container" id="Bazuka" data-auto="filter-option" data-auto-selected="false"><div class="checkbox" data-auto="checkbox"><input id="filter-option--Bazuka-7888835" name="filter-option--Bazuka-7888835" type="checkbox"><label class="checkbox-label" for="filter-option--Bazuka-7888835" title="Bazuka"><a class="filter-option--link" href="https://www.tesco.com/groceries/en-GB/shop/health-and-beauty/all?brand=Bazuka&amp;viewAll=brand"><span class="checkbox-square checkbox-square-linked"></span><span class="checkbox-check icon-tick-white"></span><span class="visually-hidden">Filter by</span><span class="filter-label--line--inline">Bazuka</span><span class="filter-label--line--inline">&nbsp;(3)</span></a></label></div></li><li class="filter-option__container" id="Bigen" data-auto="filter-option" data-auto-selected="false"><div class="checkbox" data-auto="checkbox"><input id="filter-option--Bigen-4130570" name="filter-option--Bigen-4130570" type="checkbox"><label class="checkbox-label" for="filter-option--Bigen-4130570" title="Bigen"><a class="filter-option--link" href="https://www.tesco.com/groceries/en-GB/shop/health-and-beauty/all?brand=Bigen&amp;viewAll=brand"><span class="checkbox-square checkbox-square-linked"></span><span class="checkbox-check icon-tick-white"></span><span class="visually-hidden">Filter by</span><span class="filter-label--line--inline">Bigen</span><span class="filter-label--line--inline">&nbsp;(3)</span></a></label></div></li><li class="filter-option__container" id="Biore" data-auto="filter-option" data-auto-selected="false"><div class="checkbox" data-auto="checkbox"><input id="filter-option--Biore-5942031" name="filter-option--Biore-5942031" type="checkbox"><label class="checkbox-label" for="filter-option--Biore-5942031" title="Biore"><a class="filter-option--link" href="https://www.tesco.com/groceries/en-GB/shop/health-and-beauty/all?brand=Biore&amp;viewAll=brand"><span class="checkbox-square checkbox-square-linked"></span><span class="checkbox-check icon-tick-white"></span><span class="visually-hidden">Filter by</span><span class="filter-label--line--inline">Biore</span><span class="filter-label--line--inline">&nbsp;(3)</span></a></label></div></li><li class="filter-option__container" id="C-Sharp" data-auto="filter-option" data-auto-selected="false"><div class="checkbox" data-auto="checkbox"><input id="filter-option--C-Sharp-1832815" name="filter-option--C-Sharp-1832815" type="checkbox"><label class="checkbox-label" for="filter-option--C-Sharp-1832815" title="C-Sharp"><a class="filter-option--link" href="https://www.tesco.com/groceries/en-GB/shop/health-and-beauty/all?brand=C-Sharp&amp;viewAll=brand"><span class="checkbox-square checkbox-square-linked"></span><span class="checkbox-check icon-tick-white"></span><span class="visually-hidden">Filter by</span><span class="filter-label--line--inline">C-Sharp</span><span class="filter-label--line--inline">&nbsp;(3)</span></a></label></div></li><li class="filter-option__container" id="Childs Farm" data-auto="filter-option" data-auto-selected="false"><div class="checkbox" data-auto="checkbox"><input id="filter-option--Childs-Farm-6567627" name="filter-option--Childs-Farm-6567627" type="checkbox"><label class="checkbox-label" for="filter-option--Childs-Farm-6567627" title="Childs Farm"><a class="filter-option--link" href="https://www.tesco.com/groceries/en-GB/shop/health-and-beauty/all?brand=Childs%20Farm&amp;viewAll=brand"><span class="checkbox-square checkbox-square-linked"></span><span class="checkbox-check icon-tick-white"></span><span class="visually-hidden">Filter by</span><span class="filter-label--line--inline">Childs Farm</span><span class="filter-label--line--inline">&nbsp;(3)</span></a></label></div></li><li class="filter-option__container" id="Clairol" data-auto="filter-option" data-auto-selected="false"><div class="checkbox" data-auto="checkbox"><input id="filter-option--Clairol-2096130" name="filter-option--Clairol-2096130" type="checkbox"><label class="checkbox-label" for="filter-option--Clairol-2096130" title="Clairol"><a class="filter-option--link" href="https://www.tesco.com/groceries/en-GB/shop/health-and-beauty/all?brand=Clairol&amp;viewAll=brand"><span class="checkbox-square checkbox-square-linked"></span><span class="checkbox-check icon-tick-white"></span><span class="visually-hidden">Filter by</span><span class="filter-label--line--inline">Clairol</span><span class="filter-label--line--inline">&nbsp;(3)</span></a></label></div></li><li class="filter-option__container" id="Clarityn" data-auto="filter-option" data-auto-selected="false"><div class="checkbox" data-auto="checkbox"><input id="filter-option--Clarityn-7194174" name="filter-option--Clarityn-7194174" type="checkbox"><label class="checkbox-label" for="filter-option--Clarityn-7194174" title="Clarityn"><a class="filter-option--link" href="https://www.tesco.com/groceries/en-GB/shop/health-and-beauty/all?brand=Clarityn&amp;viewAll=brand"><span class="checkbox-square checkbox-square-linked"></span><span class="checkbox-check icon-tick-white"></span><span class="visually-hidden">Filter by</span><span class="filter-label--line--inline">Clarityn</span><span class="filter-label--line--inline">&nbsp;(3)</span></a></label></div></li><li class="filter-option__container" id="Clear" data-auto="filter-option" data-auto-selected="false"><div class="checkbox" data-auto="checkbox"><input id="filter-option--Clear-7987322" name="filter-option--Clear-7987322" type="checkbox"><label class="checkbox-label" for="filter-option--Clear-7987322" title="Clear"><a class="filter-option--link" href="https://www.tesco.com/groceries/en-GB/shop/health-and-beauty/all?brand=Clear&amp;viewAll=brand"><span class="checkbox-square checkbox-square-linked"></span><span class="checkbox-check icon-tick-white"></span><span class="visually-hidden">Filter by</span><span class="filter-label--line--inline">Clear</span><span class="filter-label--line--inline">&nbsp;(3)</span></a></label></div></li><li class="filter-option__container" id="Clearasil" data-auto="filter-option" data-auto-selected="false"><div class="checkbox" data-auto="checkbox"><input id="filter-option--Clearasil-4371427" name="filter-option--Clearasil-4371427" type="checkbox"><label class="checkbox-label" for="filter-option--Clearasil-4371427" title="Clearasil"><a class="filter-option--link" href="https://www.tesco.com/groceries/en-GB/shop/health-and-beauty/all?brand=Clearasil&amp;viewAll=brand"><span class="checkbox-square checkbox-square-linked"></span><span class="checkbox-check icon-tick-white"></span><span class="visually-hidden">Filter by</span><span class="filter-label--line--inline">Clearasil</span><span class="filter-label--line--inline">&nbsp;(3)</span></a></label></div></li><li class="filter-option__container" id="David Beckham" data-auto="filter-option" data-auto-selected="false"><div class="checkbox" data-auto="checkbox"><input id="filter-option--David-Beckham-3488753" name="filter-option--David-Beckham-3488753" type="checkbox"><label class="checkbox-label" for="filter-option--David-Beckham-3488753" title="David Beckham"><a class="filter-option--link" href="https://www.tesco.com/groceries/en-GB/shop/health-and-beauty/all?brand=David%20Beckham&amp;viewAll=brand"><span class="checkbox-square checkbox-square-linked"></span><span class="checkbox-check icon-tick-white"></span><span class="visually-hidden">Filter by</span><span class="filter-label--line--inline">David Beckham</span><span class="filter-label--line--inline">&nbsp;(3)</span></a></label></div></li><li class="filter-option__container" id="Ecotools" data-auto="filter-option" data-auto-selected="false"><div class="checkbox" data-auto="checkbox"><input id="filter-option--Ecotools-5788426" name="filter-option--Ecotools-5788426" type="checkbox"><label class="checkbox-label" for="filter-option--Ecotools-5788426" title="Ecotools"><a class="filter-option--link" href="https://www.tesco.com/groceries/en-GB/shop/health-and-beauty/all?brand=Ecotools&amp;viewAll=brand"><span class="checkbox-square checkbox-square-linked"></span><span class="checkbox-check icon-tick-white"></span><span class="visually-hidden">Filter by</span><span class="filter-label--line--inline">Ecotools</span><span class="filter-label--line--inline">&nbsp;(3)</span></a></label></div></li><li class="filter-option__container" id="Fcuk" data-auto="filter-option" data-auto-selected="false"><div class="checkbox" data-auto="checkbox"><input id="filter-option--Fcuk-7461939" name="filter-option--Fcuk-7461939" type="checkbox"><label class="checkbox-label" for="filter-option--Fcuk-7461939" title="Fcuk"><a class="filter-option--link" href="https://www.tesco.com/groceries/en-GB/shop/health-and-beauty/all?brand=Fcuk&amp;viewAll=brand"><span class="checkbox-square checkbox-square-linked"></span><span class="checkbox-check icon-tick-white"></span><span class="visually-hidden">Filter by</span><span class="filter-label--line--inline">Fcuk</span><span class="filter-label--line--inline">&nbsp;(3)</span></a></label></div></li><li class="filter-option__container" id="Femfresh" data-auto="filter-option" data-auto-selected="false"><div class="checkbox" data-auto="checkbox"><input id="filter-option--Femfresh-9454831" name="filter-option--Femfresh-9454831" type="checkbox"><label class="checkbox-label" for="filter-option--Femfresh-9454831" title="Femfresh"><a class="filter-option--link" href="https://www.tesco.com/groceries/en-GB/shop/health-and-beauty/all?brand=Femfresh&amp;viewAll=brand"><span class="checkbox-square checkbox-square-linked"></span><span class="checkbox-check icon-tick-white"></span><span class="visually-hidden">Filter by</span><span class="filter-label--line--inline">Femfresh</span><span class="filter-label--line--inline">&nbsp;(3)</span></a></label></div></li><li class="filter-option__container" id="Fixodent" data-auto="filter-option" data-auto-selected="false"><div class="checkbox" data-auto="checkbox"><input id="filter-option--Fixodent-2982669" name="filter-option--Fixodent-2982669" type="checkbox"><label class="checkbox-label" for="filter-option--Fixodent-2982669" title="Fixodent"><a class="filter-option--link" href="https://www.tesco.com/groceries/en-GB/shop/health-and-beauty/all?brand=Fixodent&amp;viewAll=brand"><span class="checkbox-square checkbox-square-linked"></span><span class="checkbox-check icon-tick-white"></span><span class="visually-hidden">Filter by</span><span class="filter-label--line--inline">Fixodent</span><span class="filter-label--line--inline">&nbsp;(3)</span></a></label></div></li><li class="filter-option__container" id="Flexitol" data-auto="filter-option" data-auto-selected="false"><div class="checkbox" data-auto="checkbox"><input id="filter-option--Flexitol-1390993" name="filter-option--Flexitol-1390993" type="checkbox"><label class="checkbox-label" for="filter-option--Flexitol-1390993" title="Flexitol"><a class="filter-option--link" href="https://www.tesco.com/groceries/en-GB/shop/health-and-beauty/all?brand=Flexitol&amp;viewAll=brand"><span class="checkbox-square checkbox-square-linked"></span><span class="checkbox-check icon-tick-white"></span><span class="visually-hidden">Filter by</span><span class="filter-label--line--inline">Flexitol</span><span class="filter-label--line--inline">&nbsp;(3)</span></a></label></div></li><li class="filter-option__container" id="Fourfive" data-auto="filter-option" data-auto-selected="false"><div class="checkbox" data-auto="checkbox"><input id="filter-option--Fourfive-3157856" name="filter-option--Fourfive-3157856" type="checkbox"><label class="checkbox-label" for="filter-option--Fourfive-3157856" title="Fourfive"><a class="filter-option--link" href="https://www.tesco.com/groceries/en-GB/shop/health-and-beauty/all?brand=Fourfive&amp;viewAll=brand"><span class="checkbox-square checkbox-square-linked"></span><span class="checkbox-check icon-tick-white"></span><span class="visually-hidden">Filter by</span><span class="filter-label--line--inline">Fourfive</span><span class="filter-label--line--inline">&nbsp;(3)</span></a></label></div></li><li class="filter-option__container" id="Fudge Urban" data-auto="filter-option" data-auto-selected="false"><div class="checkbox" data-auto="checkbox"><input id="filter-option--Fudge-Urban-1547571" name="filter-option--Fudge-Urban-1547571" type="checkbox"><label class="checkbox-label" for="filter-option--Fudge-Urban-1547571" title="Fudge Urban"><a class="filter-option--link" href="https://www.tesco.com/groceries/en-GB/shop/health-and-beauty/all?brand=Fudge%20Urban&amp;viewAll=brand"><span class="checkbox-square checkbox-square-linked"></span><span class="checkbox-check icon-tick-white"></span><span class="visually-hidden">Filter by</span><span class="filter-label--line--inline">Fudge Urban</span><span class="filter-label--line--inline">&nbsp;(3)</span></a></label></div></li><li class="filter-option__container" id="Fulfill" data-auto="filter-option" data-auto-selected="false"><div class="checkbox" data-auto="checkbox"><input id="filter-option--Fulfill-3824389" name="filter-option--Fulfill-3824389" type="checkbox"><label class="checkbox-label" for="filter-option--Fulfill-3824389" title="Fulfill"><a class="filter-option--link" href="https://www.tesco.com/groceries/en-GB/shop/health-and-beauty/all?brand=Fulfill&amp;viewAll=brand"><span class="checkbox-square checkbox-square-linked"></span><span class="checkbox-check icon-tick-white"></span><span class="visually-hidden">Filter by</span><span class="filter-label--line--inline">Fulfill</span><span class="filter-label--line--inline">&nbsp;(3)</span></a></label></div></li><li class="filter-option__container" id="Germoloids" data-auto="filter-option" data-auto-selected="false"><div class="checkbox" data-auto="checkbox"><input id="filter-option--Germoloids-3464099" name="filter-option--Germoloids-3464099" type="checkbox"><label class="checkbox-label" for="filter-option--Germoloids-3464099" title="Germoloids"><a class="filter-option--link" href="https://www.tesco.com/groceries/en-GB/shop/health-and-beauty/all?brand=Germoloids&amp;viewAll=brand"><span class="checkbox-square checkbox-square-linked"></span><span class="checkbox-check icon-tick-white"></span><span class="visually-hidden">Filter by</span><span class="filter-label--line--inline">Germoloids</span><span class="filter-label--line--inline">&nbsp;(3)</span></a></label></div></li><li class="filter-option__container" id="Goli" data-auto="filter-option" data-auto-selected="false"><div class="checkbox" data-auto="checkbox"><input id="filter-option--Goli-4107809" name="filter-option--Goli-4107809" type="checkbox"><label class="checkbox-label" for="filter-option--Goli-4107809" title="Goli"><a class="filter-option--link" href="https://www.tesco.com/groceries/en-GB/shop/health-and-beauty/all?brand=Goli&amp;viewAll=brand"><span class="checkbox-square checkbox-square-linked"></span><span class="checkbox-check icon-tick-white"></span><span class="visually-hidden">Filter by</span><span class="filter-label--line--inline">Goli</span><span class="filter-label--line--inline">&nbsp;(3)</span></a></label></div></li><li class="filter-option__container" id="Hey Duggee" data-auto="filter-option" data-auto-selected="false"><div class="checkbox" data-auto="checkbox"><input id="filter-option--Hey-Duggee-3491489" name="filter-option--Hey-Duggee-3491489" type="checkbox"><label class="checkbox-label" for="filter-option--Hey-Duggee-3491489" title="Hey Duggee"><a class="filter-option--link" href="https://www.tesco.com/groceries/en-GB/shop/health-and-beauty/all?brand=Hey%20Duggee&amp;viewAll=brand"><span class="checkbox-square checkbox-square-linked"></span><span class="checkbox-check icon-tick-white"></span><span class="visually-hidden">Filter by</span><span class="filter-label--line--inline">Hey Duggee</span><span class="filter-label--line--inline">&nbsp;(3)</span></a></label></div></li><li class="filter-option__container" id="Huggies" data-auto="filter-option" data-auto-selected="false"><div class="checkbox" data-auto="checkbox"><input id="filter-option--Huggies-553323" name="filter-option--Huggies-553323" type="checkbox"><label class="checkbox-label" for="filter-option--Huggies-553323" title="Huggies"><a class="filter-option--link" href="https://www.tesco.com/groceries/en-GB/shop/health-and-beauty/all?brand=Huggies&amp;viewAll=brand"><span class="checkbox-square checkbox-square-linked"></span><span class="checkbox-check icon-tick-white"></span><span class="visually-hidden">Filter by</span><span class="filter-label--line--inline">Huggies</span><span class="filter-label--line--inline">&nbsp;(3)</span></a></label></div></li><li class="filter-option__container" id="Jakemans" data-auto="filter-option" data-auto-selected="false"><div class="checkbox" data-auto="checkbox"><input id="filter-option--Jakemans-7952176" name="filter-option--Jakemans-7952176" type="checkbox"><label class="checkbox-label" for="filter-option--Jakemans-7952176" title="Jakemans"><a class="filter-option--link" href="https://www.tesco.com/groceries/en-GB/shop/health-and-beauty/all?brand=Jakemans&amp;viewAll=brand"><span class="checkbox-square checkbox-square-linked"></span><span class="checkbox-check icon-tick-white"></span><span class="visually-hidden">Filter by</span><span class="filter-label--line--inline">Jakemans</span><span class="filter-label--line--inline">&nbsp;(3)</span></a></label></div></li><li class="filter-option__container" id="Jml" data-auto="filter-option" data-auto-selected="false"><div class="checkbox" data-auto="checkbox"><input id="filter-option--Jml-3872398" name="filter-option--Jml-3872398" type="checkbox"><label class="checkbox-label" for="filter-option--Jml-3872398" title="Jml"><a class="filter-option--link" href="https://www.tesco.com/groceries/en-GB/shop/health-and-beauty/all?brand=Jml&amp;viewAll=brand"><span class="checkbox-square checkbox-square-linked"></span><span class="checkbox-check icon-tick-white"></span><span class="visually-hidden">Filter by</span><span class="filter-label--line--inline">Jml</span><span class="filter-label--line--inline">&nbsp;(3)</span></a></label></div></li><li class="filter-option__container" id="Johnsons" data-auto="filter-option" data-auto-selected="false"><div class="checkbox" data-auto="checkbox"><input id="filter-option--Johnsons-802293" name="filter-option--Johnsons-802293" type="checkbox"><label class="checkbox-label" for="filter-option--Johnsons-802293" title="Johnsons"><a class="filter-option--link" href="https://www.tesco.com/groceries/en-GB/shop/health-and-beauty/all?brand=Johnsons&amp;viewAll=brand"><span class="checkbox-square checkbox-square-linked"></span><span class="checkbox-check icon-tick-white"></span><span class="visually-hidden">Filter by</span><span class="filter-label--line--inline">Johnsons</span><span class="filter-label--line--inline">&nbsp;(3)</span></a></label></div></li><li class="filter-option__container" id="La Moda" data-auto="filter-option" data-auto-selected="false"><div class="checkbox" data-auto="checkbox"><input id="filter-option--La-Moda-5802679" name="filter-option--La-Moda-5802679" type="checkbox"><label class="checkbox-label" for="filter-option--La-Moda-5802679" title="La Moda"><a class="filter-option--link" href="https://www.tesco.com/groceries/en-GB/shop/health-and-beauty/all?brand=La%20Moda&amp;viewAll=brand"><span class="checkbox-square checkbox-square-linked"></span><span class="checkbox-check icon-tick-white"></span><span class="visually-hidden">Filter by</span><span class="filter-label--line--inline">La Moda</span><span class="filter-label--line--inline">&nbsp;(3)</span></a></label></div></li><li class="filter-option__container" id="Love Honey" data-auto="filter-option" data-auto-selected="false"><div class="checkbox" data-auto="checkbox"><input id="filter-option--Love-Honey-7192232" name="filter-option--Love-Honey-7192232" type="checkbox"><label class="checkbox-label" for="filter-option--Love-Honey-7192232" title="Love Honey"><a class="filter-option--link" href="https://www.tesco.com/groceries/en-GB/shop/health-and-beauty/all?brand=Love%20Honey&amp;viewAll=brand"><span class="checkbox-square checkbox-square-linked"></span><span class="checkbox-check icon-tick-white"></span><span class="visually-hidden">Filter by</span><span class="filter-label--line--inline">Love Honey</span><span class="filter-label--line--inline">&nbsp;(3)</span></a></label></div></li><li class="filter-option__container" id="Lovehoney" data-auto="filter-option" data-auto-selected="false"><div class="checkbox" data-auto="checkbox"><input id="filter-option--Lovehoney-7438843" name="filter-option--Lovehoney-7438843" type="checkbox"><label class="checkbox-label" for="filter-option--Lovehoney-7438843" title="Lovehoney"><a class="filter-option--link" href="https://www.tesco.com/groceries/en-GB/shop/health-and-beauty/all?brand=Lovehoney&amp;viewAll=brand"><span class="checkbox-square checkbox-square-linked"></span><span class="checkbox-check icon-tick-white"></span><span class="visually-hidden">Filter by</span><span class="filter-label--line--inline">Lovehoney</span><span class="filter-label--line--inline">&nbsp;(3)</span></a></label></div></li><li class="filter-option__container" id="Matey" data-auto="filter-option" data-auto-selected="false"><div class="checkbox" data-auto="checkbox"><input id="filter-option--Matey-3205456" name="filter-option--Matey-3205456" type="checkbox"><label class="checkbox-label" for="filter-option--Matey-3205456" title="Matey"><a class="filter-option--link" href="https://www.tesco.com/groceries/en-GB/shop/health-and-beauty/all?brand=Matey&amp;viewAll=brand"><span class="checkbox-square checkbox-square-linked"></span><span class="checkbox-check icon-tick-white"></span><span class="visually-hidden">Filter by</span><span class="filter-label--line--inline">Matey</span><span class="filter-label--line--inline">&nbsp;(3)</span></a></label></div></li><li class="filter-option__container" id="Nexium Control" data-auto="filter-option" data-auto-selected="false"><div class="checkbox" data-auto="checkbox"><input id="filter-option--Nexium-Control-4293059" name="filter-option--Nexium-Control-4293059" type="checkbox"><label class="checkbox-label" for="filter-option--Nexium-Control-4293059" title="Nexium Control"><a class="filter-option--link" href="https://www.tesco.com/groceries/en-GB/shop/health-and-beauty/all?brand=Nexium%20Control&amp;viewAll=brand"><span class="checkbox-square checkbox-square-linked"></span><span class="checkbox-check icon-tick-white"></span><span class="visually-hidden">Filter by</span><span class="filter-label--line--inline">Nexium Control</span><span class="filter-label--line--inline">&nbsp;(3)</span></a></label></div></li><li class="filter-option__container" id="Nytol" data-auto="filter-option" data-auto-selected="false"><div class="checkbox" data-auto="checkbox"><input id="filter-option--Nytol-4022274" name="filter-option--Nytol-4022274" type="checkbox"><label class="checkbox-label" for="filter-option--Nytol-4022274" title="Nytol"><a class="filter-option--link" href="https://www.tesco.com/groceries/en-GB/shop/health-and-beauty/all?brand=Nytol&amp;viewAll=brand"><span class="checkbox-square checkbox-square-linked"></span><span class="checkbox-check icon-tick-white"></span><span class="visually-hidden">Filter by</span><span class="filter-label--line--inline">Nytol</span><span class="filter-label--line--inline">&nbsp;(3)</span></a></label></div></li><li class="filter-option__container" id="O&#39;keeffe&#39;s" data-auto="filter-option" data-auto-selected="false"><div class="checkbox" data-auto="checkbox"><input id="filter-option--O&#39;keeffe&#39;s-7739892" name="filter-option--O&#39;keeffe&#39;s-7739892" type="checkbox"><label class="checkbox-label" for="filter-option--O&#39;keeffe&#39;s-7739892" title="O&#39;keeffe&#39;s"><a class="filter-option--link" href="https://www.tesco.com/groceries/en-GB/shop/health-and-beauty/all?brand=O%27keeffe%27s&amp;viewAll=brand"><span class="checkbox-square checkbox-square-linked"></span><span class="checkbox-check icon-tick-white"></span><span class="visually-hidden">Filter by</span><span class="filter-label--line--inline">O'keeffe's</span><span class="filter-label--line--inline">&nbsp;(3)</span></a></label></div></li><li class="filter-option__container" id="Oliver Thomas" data-auto="filter-option" data-auto-selected="false"><div class="checkbox" data-auto="checkbox"><input id="filter-option--Oliver-Thomas-2419580" name="filter-option--Oliver-Thomas-2419580" type="checkbox"><label class="checkbox-label" for="filter-option--Oliver-Thomas-2419580" title="Oliver Thomas"><a class="filter-option--link" href="https://www.tesco.com/groceries/en-GB/shop/health-and-beauty/all?brand=Oliver%20Thomas&amp;viewAll=brand"><span class="checkbox-square checkbox-square-linked"></span><span class="checkbox-check icon-tick-white"></span><span class="visually-hidden">Filter by</span><span class="filter-label--line--inline">Oliver Thomas</span><span class="filter-label--line--inline">&nbsp;(3)</span></a></label></div></li><li class="filter-option__container" id="Otex" data-auto="filter-option" data-auto-selected="false"><div class="checkbox" data-auto="checkbox"><input id="filter-option--Otex-3203810" name="filter-option--Otex-3203810" type="checkbox"><label class="checkbox-label" for="filter-option--Otex-3203810" title="Otex"><a class="filter-option--link" href="https://www.tesco.com/groceries/en-GB/shop/health-and-beauty/all?brand=Otex&amp;viewAll=brand"><span class="checkbox-square checkbox-square-linked"></span><span class="checkbox-check icon-tick-white"></span><span class="visually-hidden">Filter by</span><span class="filter-label--line--inline">Otex</span><span class="filter-label--line--inline">&nbsp;(3)</span></a></label></div></li><li class="filter-option__container" id="Pears" data-auto="filter-option" data-auto-selected="false"><div class="checkbox" data-auto="checkbox"><input id="filter-option--Pears-6879865" name="filter-option--Pears-6879865" type="checkbox"><label class="checkbox-label" for="filter-option--Pears-6879865" title="Pears"><a class="filter-option--link" href="https://www.tesco.com/groceries/en-GB/shop/health-and-beauty/all?brand=Pears&amp;viewAll=brand"><span class="checkbox-square checkbox-square-linked"></span><span class="checkbox-check icon-tick-white"></span><span class="visually-hidden">Filter by</span><span class="filter-label--line--inline">Pears</span><span class="filter-label--line--inline">&nbsp;(3)</span></a></label></div></li><li class="filter-option__container" id="Pulsin Limited" data-auto="filter-option" data-auto-selected="false"><div class="checkbox" data-auto="checkbox"><input id="filter-option--Pulsin-Limited-7218961" name="filter-option--Pulsin-Limited-7218961" type="checkbox"><label class="checkbox-label" for="filter-option--Pulsin-Limited-7218961" title="Pulsin Limited"><a class="filter-option--link" href="https://www.tesco.com/groceries/en-GB/shop/health-and-beauty/all?brand=Pulsin%20Limited&amp;viewAll=brand"><span class="checkbox-square checkbox-square-linked"></span><span class="checkbox-check icon-tick-white"></span><span class="visually-hidden">Filter by</span><span class="filter-label--line--inline">Pulsin Limited</span><span class="filter-label--line--inline">&nbsp;(3)</span></a></label></div></li><li class="filter-option__container" id="Rhyme And Reason" data-auto="filter-option" data-auto-selected="false"><div class="checkbox" data-auto="checkbox"><input id="filter-option--Rhyme-And-Reason-4407158" name="filter-option--Rhyme-And-Reason-4407158" type="checkbox"><label class="checkbox-label" for="filter-option--Rhyme-And-Reason-4407158" title="Rhyme And Reason"><a class="filter-option--link" href="https://www.tesco.com/groceries/en-GB/shop/health-and-beauty/all?brand=Rhyme%20And%20Reason&amp;viewAll=brand"><span class="checkbox-square checkbox-square-linked"></span><span class="checkbox-check icon-tick-white"></span><span class="visually-hidden">Filter by</span><span class="filter-label--line--block">Rhyme And</span><span class="filter-label--line--inline filter-label--line--truncate">Reason</span><span class="filter-label--line--inline">&nbsp;(3)</span></a></label></div></li><li class="filter-option__container" id="Skinny Tan" data-auto="filter-option" data-auto-selected="false"><div class="checkbox" data-auto="checkbox"><input id="filter-option--Skinny-Tan-4578218" name="filter-option--Skinny-Tan-4578218" type="checkbox"><label class="checkbox-label" for="filter-option--Skinny-Tan-4578218" title="Skinny Tan"><a class="filter-option--link" href="https://www.tesco.com/groceries/en-GB/shop/health-and-beauty/all?brand=Skinny%20Tan&amp;viewAll=brand"><span class="checkbox-square checkbox-square-linked"></span><span class="checkbox-check icon-tick-white"></span><span class="visually-hidden">Filter by</span><span class="filter-label--line--inline">Skinny Tan</span><span class="filter-label--line--inline">&nbsp;(3)</span></a></label></div></li><li class="filter-option__container" id="Smart" data-auto="filter-option" data-auto-selected="false"><div class="checkbox" data-auto="checkbox"><input id="filter-option--Smart-9814742" name="filter-option--Smart-9814742" type="checkbox"><label class="checkbox-label" for="filter-option--Smart-9814742" title="Smart"><a class="filter-option--link" href="https://www.tesco.com/groceries/en-GB/shop/health-and-beauty/all?brand=Smart&amp;viewAll=brand"><span class="checkbox-square checkbox-square-linked"></span><span class="checkbox-check icon-tick-white"></span><span class="visually-hidden">Filter by</span><span class="filter-label--line--inline">Smart</span><span class="filter-label--line--inline">&nbsp;(3)</span></a></label></div></li><li class="filter-option__container" id="Soft &amp; Gentle" data-auto="filter-option" data-auto-selected="false"><div class="checkbox" data-auto="checkbox"><input id="filter-option--Soft-Gentle-7077349" name="filter-option--Soft-Gentle-7077349" type="checkbox"><label class="checkbox-label" for="filter-option--Soft-Gentle-7077349" title="Soft &amp; Gentle"><a class="filter-option--link" href="https://www.tesco.com/groceries/en-GB/shop/health-and-beauty/all?brand=Soft%20%26%20Gentle&amp;viewAll=brand"><span class="checkbox-square checkbox-square-linked"></span><span class="checkbox-check icon-tick-white"></span><span class="visually-hidden">Filter by</span><span class="filter-label--line--inline">Soft &amp; Gentle</span><span class="filter-label--line--inline">&nbsp;(3)</span></a></label></div></li><li class="filter-option__container" id="Soul Cal" data-auto="filter-option" data-auto-selected="false"><div class="checkbox" data-auto="checkbox"><input id="filter-option--Soul-Cal-3602928" name="filter-option--Soul-Cal-3602928" type="checkbox"><label class="checkbox-label" for="filter-option--Soul-Cal-3602928" title="Soul Cal"><a class="filter-option--link" href="https://www.tesco.com/groceries/en-GB/shop/health-and-beauty/all?brand=Soul%20Cal&amp;viewAll=brand"><span class="checkbox-square checkbox-square-linked"></span><span class="checkbox-check icon-tick-white"></span><span class="visually-hidden">Filter by</span><span class="filter-label--line--inline">Soul Cal</span><span class="filter-label--line--inline">&nbsp;(3)</span></a></label></div></li><li class="filter-option__container" id="Spatone" data-auto="filter-option" data-auto-selected="false"><div class="checkbox" data-auto="checkbox"><input id="filter-option--Spatone-7907973" name="filter-option--Spatone-7907973" type="checkbox"><label class="checkbox-label" for="filter-option--Spatone-7907973" title="Spatone"><a class="filter-option--link" href="https://www.tesco.com/groceries/en-GB/shop/health-and-beauty/all?brand=Spatone&amp;viewAll=brand"><span class="checkbox-square checkbox-square-linked"></span><span class="checkbox-check icon-tick-white"></span><span class="visually-hidden">Filter by</span><span class="filter-label--line--inline">Spatone</span><span class="filter-label--line--inline">&nbsp;(3)</span></a></label></div></li><li class="filter-option__container" id="St.Moritz" data-auto="filter-option" data-auto-selected="false"><div class="checkbox" data-auto="checkbox"><input id="filter-option--St.Moritz-9568934" name="filter-option--St.Moritz-9568934" type="checkbox"><label class="checkbox-label" for="filter-option--St.Moritz-9568934" title="St.Moritz"><a class="filter-option--link" href="https://www.tesco.com/groceries/en-GB/shop/health-and-beauty/all?brand=St.Moritz&amp;viewAll=brand"><span class="checkbox-square checkbox-square-linked"></span><span class="checkbox-check icon-tick-white"></span><span class="visually-hidden">Filter by</span><span class="filter-label--line--inline">St.Moritz</span><span class="filter-label--line--inline">&nbsp;(3)</span></a></label></div></li><li class="filter-option__container" id="Studio Line" data-auto="filter-option" data-auto-selected="false"><div class="checkbox" data-auto="checkbox"><input id="filter-option--Studio-Line-5804356" name="filter-option--Studio-Line-5804356" type="checkbox"><label class="checkbox-label" for="filter-option--Studio-Line-5804356" title="Studio Line"><a class="filter-option--link" href="https://www.tesco.com/groceries/en-GB/shop/health-and-beauty/all?brand=Studio%20Line&amp;viewAll=brand"><span class="checkbox-square checkbox-square-linked"></span><span class="checkbox-check icon-tick-white"></span><span class="visually-hidden">Filter by</span><span class="filter-label--line--inline">Studio Line</span><span class="filter-label--line--inline">&nbsp;(3)</span></a></label></div></li><li class="filter-option__container" id="Stylfile" data-auto="filter-option" data-auto-selected="false"><div class="checkbox" data-auto="checkbox"><input id="filter-option--Stylfile-4317393" name="filter-option--Stylfile-4317393" type="checkbox"><label class="checkbox-label" for="filter-option--Stylfile-4317393" title="Stylfile"><a class="filter-option--link" href="https://www.tesco.com/groceries/en-GB/shop/health-and-beauty/all?brand=Stylfile&amp;viewAll=brand"><span class="checkbox-square checkbox-square-linked"></span><span class="checkbox-check icon-tick-white"></span><span class="visually-hidden">Filter by</span><span class="filter-label--line--inline">Stylfile</span><span class="filter-label--line--inline">&nbsp;(3)</span></a></label></div></li><li class="filter-option__container" id="Tesco Beauty" data-auto="filter-option" data-auto-selected="false"><div class="checkbox" data-auto="checkbox"><input id="filter-option--Tesco-Beauty-5695128" name="filter-option--Tesco-Beauty-5695128" type="checkbox"><label class="checkbox-label" for="filter-option--Tesco-Beauty-5695128" title="Tesco Beauty"><a class="filter-option--link" href="https://www.tesco.com/groceries/en-GB/shop/health-and-beauty/all?brand=Tesco%20Beauty&amp;viewAll=brand"><span class="checkbox-square checkbox-square-linked"></span><span class="checkbox-check icon-tick-white"></span><span class="visually-hidden">Filter by</span><span class="filter-label--line--inline">Tesco Beauty</span><span class="filter-label--line--inline">&nbsp;(3)</span></a></label></div></li><li class="filter-option__container" id="The Curl Company" data-auto="filter-option" data-auto-selected="false"><div class="checkbox" data-auto="checkbox"><input id="filter-option--The-Curl-Company-6417025" name="filter-option--The-Curl-Company-6417025" type="checkbox"><label class="checkbox-label" for="filter-option--The-Curl-Company-6417025" title="The Curl Company"><a class="filter-option--link" href="https://www.tesco.com/groceries/en-GB/shop/health-and-beauty/all?brand=The%20Curl%20Company&amp;viewAll=brand"><span class="checkbox-square checkbox-square-linked"></span><span class="checkbox-check icon-tick-white"></span><span class="visually-hidden">Filter by</span><span class="filter-label--line--block">The Curl</span><span class="filter-label--line--inline filter-label--line--truncate">Company</span><span class="filter-label--line--inline">&nbsp;(3)</span></a></label></div></li><li class="filter-option__container" id="The Food Doctor" data-auto="filter-option" data-auto-selected="false"><div class="checkbox" data-auto="checkbox"><input id="filter-option--The-Food-Doctor-7792561" name="filter-option--The-Food-Doctor-7792561" type="checkbox"><label class="checkbox-label" for="filter-option--The-Food-Doctor-7792561" title="The Food Doctor"><a class="filter-option--link" href="https://www.tesco.com/groceries/en-GB/shop/health-and-beauty/all?brand=The%20Food%20Doctor&amp;viewAll=brand"><span class="checkbox-square checkbox-square-linked"></span><span class="checkbox-check icon-tick-white"></span><span class="visually-hidden">Filter by</span><span class="filter-label--line--block">The Food</span><span class="filter-label--line--inline filter-label--line--truncate">Doctor</span><span class="filter-label--line--inline">&nbsp;(3)</span></a></label></div></li><li class="filter-option__container" id="Tonic" data-auto="filter-option" data-auto-selected="false"><div class="checkbox" data-auto="checkbox"><input id="filter-option--Tonic-5737022" name="filter-option--Tonic-5737022" type="checkbox"><label class="checkbox-label" for="filter-option--Tonic-5737022" title="Tonic"><a class="filter-option--link" href="https://www.tesco.com/groceries/en-GB/shop/health-and-beauty/all?brand=Tonic&amp;viewAll=brand"><span class="checkbox-square checkbox-square-linked"></span><span class="checkbox-check icon-tick-white"></span><span class="visually-hidden">Filter by</span><span class="filter-label--line--inline">Tonic</span><span class="filter-label--line--inline">&nbsp;(3)</span></a></label></div></li><li class="filter-option__container" id="Triple Dry" data-auto="filter-option" data-auto-selected="false"><div class="checkbox" data-auto="checkbox"><input id="filter-option--Triple-Dry-1864851" name="filter-option--Triple-Dry-1864851" type="checkbox"><label class="checkbox-label" for="filter-option--Triple-Dry-1864851" title="Triple Dry"><a class="filter-option--link" href="https://www.tesco.com/groceries/en-GB/shop/health-and-beauty/all?brand=Triple%20Dry&amp;viewAll=brand"><span class="checkbox-square checkbox-square-linked"></span><span class="checkbox-check icon-tick-white"></span><span class="visually-hidden">Filter by</span><span class="filter-label--line--inline">Triple Dry</span><span class="filter-label--line--inline">&nbsp;(3)</span></a></label></div></li><li class="filter-option__container" id="Ultra" data-auto="filter-option" data-auto-selected="false"><div class="checkbox" data-auto="checkbox"><input id="filter-option--Ultra-6017375" name="filter-option--Ultra-6017375" type="checkbox"><label class="checkbox-label" for="filter-option--Ultra-6017375" title="Ultra"><a class="filter-option--link" href="https://www.tesco.com/groceries/en-GB/shop/health-and-beauty/all?brand=Ultra&amp;viewAll=brand"><span class="checkbox-square checkbox-square-linked"></span><span class="checkbox-check icon-tick-white"></span><span class="visually-hidden">Filter by</span><span class="filter-label--line--inline">Ultra</span><span class="filter-label--line--inline">&nbsp;(3)</span></a></label></div></li><li class="filter-option__container" id="Vagisil" data-auto="filter-option" data-auto-selected="false"><div class="checkbox" data-auto="checkbox"><input id="filter-option--Vagisil-349312" name="filter-option--Vagisil-349312" type="checkbox"><label class="checkbox-label" for="filter-option--Vagisil-349312" title="Vagisil"><a class="filter-option--link" href="https://www.tesco.com/groceries/en-GB/shop/health-and-beauty/all?brand=Vagisil&amp;viewAll=brand"><span class="checkbox-square checkbox-square-linked"></span><span class="checkbox-check icon-tick-white"></span><span class="visually-hidden">Filter by</span><span class="filter-label--line--inline">Vagisil</span><span class="filter-label--line--inline">&nbsp;(3)</span></a></label></div></li><li class="filter-option__container" id="White Grace" data-auto="filter-option" data-auto-selected="false"><div class="checkbox" data-auto="checkbox"><input id="filter-option--White-Grace-2618507" name="filter-option--White-Grace-2618507" type="checkbox"><label class="checkbox-label" for="filter-option--White-Grace-2618507" title="White Grace"><a class="filter-option--link" href="https://www.tesco.com/groceries/en-GB/shop/health-and-beauty/all?brand=White%20Grace&amp;viewAll=brand"><span class="checkbox-square checkbox-square-linked"></span><span class="checkbox-check icon-tick-white"></span><span class="visually-hidden">Filter by</span><span class="filter-label--line--inline">White Grace</span><span class="filter-label--line--inline">&nbsp;(3)</span></a></label></div></li><li class="filter-option__container" id="Xls Medical" data-auto="filter-option" data-auto-selected="false"><div class="checkbox" data-auto="checkbox"><input id="filter-option--Xls-Medical-3090808" name="filter-option--Xls-Medical-3090808" type="checkbox"><label class="checkbox-label" for="filter-option--Xls-Medical-3090808" title="Xls Medical"><a class="filter-option--link" href="https://www.tesco.com/groceries/en-GB/shop/health-and-beauty/all?brand=Xls%20Medical&amp;viewAll=brand"><span class="checkbox-square checkbox-square-linked"></span><span class="checkbox-check icon-tick-white"></span><span class="visually-hidden">Filter by</span><span class="filter-label--line--inline">Xls Medical</span><span class="filter-label--line--inline">&nbsp;(3)</span></a></label></div></li><li class="filter-option__container" id="Abidec" data-auto="filter-option" data-auto-selected="false"><div class="checkbox" data-auto="checkbox"><input id="filter-option--Abidec-2130188" name="filter-option--Abidec-2130188" type="checkbox"><label class="checkbox-label" for="filter-option--Abidec-2130188" title="Abidec"><a class="filter-option--link" href="https://www.tesco.com/groceries/en-GB/shop/health-and-beauty/all?brand=Abidec&amp;viewAll=brand"><span class="checkbox-square checkbox-square-linked"></span><span class="checkbox-check icon-tick-white"></span><span class="visually-hidden">Filter by</span><span class="filter-label--line--inline">Abidec</span><span class="filter-label--line--inline">&nbsp;(2)</span></a></label></div></li><li class="filter-option__container" id="Acnecide" data-auto="filter-option" data-auto-selected="false"><div class="checkbox" data-auto="checkbox"><input id="filter-option--Acnecide-4338559" name="filter-option--Acnecide-4338559" type="checkbox"><label class="checkbox-label" for="filter-option--Acnecide-4338559" title="Acnecide"><a class="filter-option--link" href="https://www.tesco.com/groceries/en-GB/shop/health-and-beauty/all?brand=Acnecide&amp;viewAll=brand"><span class="checkbox-square checkbox-square-linked"></span><span class="checkbox-check icon-tick-white"></span><span class="visually-hidden">Filter by</span><span class="filter-label--line--inline">Acnecide</span><span class="filter-label--line--inline">&nbsp;(2)</span></a></label></div></li><li class="filter-option__container" id="Allevia" data-auto="filter-option" data-auto-selected="false"><div class="checkbox" data-auto="checkbox"><input id="filter-option--Allevia-7353260" name="filter-option--Allevia-7353260" type="checkbox"><label class="checkbox-label" for="filter-option--Allevia-7353260" title="Allevia"><a class="filter-option--link" href="https://www.tesco.com/groceries/en-GB/shop/health-and-beauty/all?brand=Allevia&amp;viewAll=brand"><span class="checkbox-square checkbox-square-linked"></span><span class="checkbox-check icon-tick-white"></span><span class="visually-hidden">Filter by</span><span class="filter-label--line--inline">Allevia</span><span class="filter-label--line--inline">&nbsp;(2)</span></a></label></div></li><li class="filter-option__container" id="Astral" data-auto="filter-option" data-auto-selected="false"><div class="checkbox" data-auto="checkbox"><input id="filter-option--Astral-9448685" name="filter-option--Astral-9448685" type="checkbox"><label class="checkbox-label" for="filter-option--Astral-9448685" title="Astral"><a class="filter-option--link" href="https://www.tesco.com/groceries/en-GB/shop/health-and-beauty/all?brand=Astral&amp;viewAll=brand"><span class="checkbox-square checkbox-square-linked"></span><span class="checkbox-check icon-tick-white"></span><span class="visually-hidden">Filter by</span><span class="filter-label--line--inline">Astral</span><span class="filter-label--line--inline">&nbsp;(2)</span></a></label></div></li><li class="filter-option__container" id="Baby Shark" data-auto="filter-option" data-auto-selected="false"><div class="checkbox" data-auto="checkbox"><input id="filter-option--Baby-Shark-7062968" name="filter-option--Baby-Shark-7062968" type="checkbox"><label class="checkbox-label" for="filter-option--Baby-Shark-7062968" title="Baby Shark"><a class="filter-option--link" href="https://www.tesco.com/groceries/en-GB/shop/health-and-beauty/all?brand=Baby%20Shark&amp;viewAll=brand"><span class="checkbox-square checkbox-square-linked"></span><span class="checkbox-check icon-tick-white"></span><span class="visually-hidden">Filter by</span><span class="filter-label--line--inline">Baby Shark</span><span class="filter-label--line--inline">&nbsp;(2)</span></a></label></div></li><li class="filter-option__container" id="Badedas" data-auto="filter-option" data-auto-selected="false"><div class="checkbox" data-auto="checkbox"><input id="filter-option--Badedas-7754038" name="filter-option--Badedas-7754038" type="checkbox"><label class="checkbox-label" for="filter-option--Badedas-7754038" title="Badedas"><a class="filter-option--link" href="https://www.tesco.com/groceries/en-GB/shop/health-and-beauty/all?brand=Badedas&amp;viewAll=brand"><span class="checkbox-square checkbox-square-linked"></span><span class="checkbox-check icon-tick-white"></span><span class="visually-hidden">Filter by</span><span class="filter-label--line--inline">Badedas</span><span class="filter-label--line--inline">&nbsp;(2)</span></a></label></div></li><li class="filter-option__container" id="Bath Essentials" data-auto="filter-option" data-auto-selected="false"><div class="checkbox" data-auto="checkbox"><input id="filter-option--Bath-Essentials-4118319" name="filter-option--Bath-Essentials-4118319" type="checkbox"><label class="checkbox-label" for="filter-option--Bath-Essentials-4118319" title="Bath Essentials"><a class="filter-option--link" href="https://www.tesco.com/groceries/en-GB/shop/health-and-beauty/all?brand=Bath%20Essentials&amp;viewAll=brand"><span class="checkbox-square checkbox-square-linked"></span><span class="checkbox-check icon-tick-white"></span><span class="visually-hidden">Filter by</span><span class="filter-label--line--block">Bath</span><span class="filter-label--line--inline filter-label--line--truncate">Essentials</span><span class="filter-label--line--inline">&nbsp;(2)</span></a></label></div></li><li class="filter-option__container" id="Battle Bites" data-auto="filter-option" data-auto-selected="false"><div class="checkbox" data-auto="checkbox"><input id="filter-option--Battle-Bites-5639035" name="filter-option--Battle-Bites-5639035" type="checkbox"><label class="checkbox-label" for="filter-option--Battle-Bites-5639035" title="Battle Bites"><a class="filter-option--link" href="https://www.tesco.com/groceries/en-GB/shop/health-and-beauty/all?brand=Battle%20Bites&amp;viewAll=brand"><span class="checkbox-square checkbox-square-linked"></span><span class="checkbox-check icon-tick-white"></span><span class="visually-hidden">Filter by</span><span class="filter-label--line--inline">Battle Bites</span><span class="filter-label--line--inline">&nbsp;(2)</span></a></label></div></li><li class="filter-option__container" id="Beconase" data-auto="filter-option" data-auto-selected="false"><div class="checkbox" data-auto="checkbox"><input id="filter-option--Beconase-3619440" name="filter-option--Beconase-3619440" type="checkbox"><label class="checkbox-label" for="filter-option--Beconase-3619440" title="Beconase"><a class="filter-option--link" href="https://www.tesco.com/groceries/en-GB/shop/health-and-beauty/all?brand=Beconase&amp;viewAll=brand"><span class="checkbox-square checkbox-square-linked"></span><span class="checkbox-check icon-tick-white"></span><span class="visually-hidden">Filter by</span><span class="filter-label--line--inline">Beconase</span><span class="filter-label--line--inline">&nbsp;(2)</span></a></label></div></li><li class="filter-option__container" id="Beverly Hills" data-auto="filter-option" data-auto-selected="false"><div class="checkbox" data-auto="checkbox"><input id="filter-option--Beverly-Hills-5603038" name="filter-option--Beverly-Hills-5603038" type="checkbox"><label class="checkbox-label" for="filter-option--Beverly-Hills-5603038" title="Beverly Hills"><a class="filter-option--link" href="https://www.tesco.com/groceries/en-GB/shop/health-and-beauty/all?brand=Beverly%20Hills&amp;viewAll=brand"><span class="checkbox-square checkbox-square-linked"></span><span class="checkbox-check icon-tick-white"></span><span class="visually-hidden">Filter by</span><span class="filter-label--line--inline">Beverly Hills</span><span class="filter-label--line--inline">&nbsp;(2)</span></a></label></div></li><li class="filter-option__container" id="Biological Oil" data-auto="filter-option" data-auto-selected="false"><div class="checkbox" data-auto="checkbox"><input id="filter-option--Biological-Oil-526125" name="filter-option--Biological-Oil-526125" type="checkbox"><label class="checkbox-label" for="filter-option--Biological-Oil-526125" title="Biological Oil"><a class="filter-option--link" href="https://www.tesco.com/groceries/en-GB/shop/health-and-beauty/all?brand=Biological%20Oil&amp;viewAll=brand"><span class="checkbox-square checkbox-square-linked"></span><span class="checkbox-check icon-tick-white"></span><span class="visually-hidden">Filter by</span><span class="filter-label--line--inline">Biological Oil</span><span class="filter-label--line--inline">&nbsp;(2)</span></a></label></div></li><li class="filter-option__container" id="Bionsen" data-auto="filter-option" data-auto-selected="false"><div class="checkbox" data-auto="checkbox"><input id="filter-option--Bionsen-2124982" name="filter-option--Bionsen-2124982" type="checkbox"><label class="checkbox-label" for="filter-option--Bionsen-2124982" title="Bionsen"><a class="filter-option--link" href="https://www.tesco.com/groceries/en-GB/shop/health-and-beauty/all?brand=Bionsen&amp;viewAll=brand"><span class="checkbox-square checkbox-square-linked"></span><span class="checkbox-check icon-tick-white"></span><span class="visually-hidden">Filter by</span><span class="filter-label--line--inline">Bionsen</span><span class="filter-label--line--inline">&nbsp;(2)</span></a></label></div></li><li class="filter-option__container" id="Bluey" data-auto="filter-option" data-auto-selected="false"><div class="checkbox" data-auto="checkbox"><input id="filter-option--Bluey-1363430" name="filter-option--Bluey-1363430" type="checkbox"><label class="checkbox-label" for="filter-option--Bluey-1363430" title="Bluey"><a class="filter-option--link" href="https://www.tesco.com/groceries/en-GB/shop/health-and-beauty/all?brand=Bluey&amp;viewAll=brand"><span class="checkbox-square checkbox-square-linked"></span><span class="checkbox-check icon-tick-white"></span><span class="visually-hidden">Filter by</span><span class="filter-label--line--inline">Bluey</span><span class="filter-label--line--inline">&nbsp;(2)</span></a></label></div></li><li class="filter-option__container" id="Botanical Lab" data-auto="filter-option" data-auto-selected="false"><div class="checkbox" data-auto="checkbox"><input id="filter-option--Botanical-Lab-8894565" name="filter-option--Botanical-Lab-8894565" type="checkbox"><label class="checkbox-label" for="filter-option--Botanical-Lab-8894565" title="Botanical Lab"><a class="filter-option--link" href="https://www.tesco.com/groceries/en-GB/shop/health-and-beauty/all?brand=Botanical%20Lab&amp;viewAll=brand"><span class="checkbox-square checkbox-square-linked"></span><span class="checkbox-check icon-tick-white"></span><span class="visually-hidden">Filter by</span><span class="filter-label--line--inline">Botanical Lab</span><span class="filter-label--line--inline">&nbsp;(2)</span></a></label></div></li><li class="filter-option__container" id="Brylcreem" data-auto="filter-option" data-auto-selected="false"><div class="checkbox" data-auto="checkbox"><input id="filter-option--Brylcreem-4932925" name="filter-option--Brylcreem-4932925" type="checkbox"><label class="checkbox-label" for="filter-option--Brylcreem-4932925" title="Brylcreem"><a class="filter-option--link" href="https://www.tesco.com/groceries/en-GB/shop/health-and-beauty/all?brand=Brylcreem&amp;viewAll=brand"><span class="checkbox-square checkbox-square-linked"></span><span class="checkbox-check icon-tick-white"></span><span class="visually-hidden">Filter by</span><span class="filter-label--line--inline">Brylcreem</span><span class="filter-label--line--inline">&nbsp;(2)</span></a></label></div></li><li class="filter-option__container" id="Burts" data-auto="filter-option" data-auto-selected="false"><div class="checkbox" data-auto="checkbox"><input id="filter-option--Burts-2190071" name="filter-option--Burts-2190071" type="checkbox"><label class="checkbox-label" for="filter-option--Burts-2190071" title="Burts"><a class="filter-option--link" href="https://www.tesco.com/groceries/en-GB/shop/health-and-beauty/all?brand=Burts&amp;viewAll=brand"><span class="checkbox-square checkbox-square-linked"></span><span class="checkbox-check icon-tick-white"></span><span class="visually-hidden">Filter by</span><span class="filter-label--line--inline">Burts</span><span class="filter-label--line--inline">&nbsp;(2)</span></a></label></div></li><li class="filter-option__container" id="Burts Bees" data-auto="filter-option" data-auto-selected="false"><div class="checkbox" data-auto="checkbox"><input id="filter-option--Burts-Bees-1606880" name="filter-option--Burts-Bees-1606880" type="checkbox"><label class="checkbox-label" for="filter-option--Burts-Bees-1606880" title="Burts Bees"><a class="filter-option--link" href="https://www.tesco.com/groceries/en-GB/shop/health-and-beauty/all?brand=Burts%20Bees&amp;viewAll=brand"><span class="checkbox-square checkbox-square-linked"></span><span class="checkbox-check icon-tick-white"></span><span class="visually-hidden">Filter by</span><span class="filter-label--line--inline">Burts Bees</span><span class="filter-label--line--inline">&nbsp;(2)</span></a></label></div></li><li class="filter-option__container" id="Calvin Klein" data-auto="filter-option" data-auto-selected="false"><div class="checkbox" data-auto="checkbox"><input id="filter-option--Calvin-Klein-6657608" name="filter-option--Calvin-Klein-6657608" type="checkbox"><label class="checkbox-label" for="filter-option--Calvin-Klein-6657608" title="Calvin Klein"><a class="filter-option--link" href="https://www.tesco.com/groceries/en-GB/shop/health-and-beauty/all?brand=Calvin%20Klein&amp;viewAll=brand"><span class="checkbox-square checkbox-square-linked"></span><span class="checkbox-check icon-tick-white"></span><span class="visually-hidden">Filter by</span><span class="filter-label--line--inline">Calvin Klein</span><span class="filter-label--line--inline">&nbsp;(2)</span></a></label></div></li><li class="filter-option__container" id="Carefree" data-auto="filter-option" data-auto-selected="false"><div class="checkbox" data-auto="checkbox"><input id="filter-option--Carefree-1133419" name="filter-option--Carefree-1133419" type="checkbox"><label class="checkbox-label" for="filter-option--Carefree-1133419" title="Carefree"><a class="filter-option--link" href="https://www.tesco.com/groceries/en-GB/shop/health-and-beauty/all?brand=Carefree&amp;viewAll=brand"><span class="checkbox-square checkbox-square-linked"></span><span class="checkbox-check icon-tick-white"></span><span class="visually-hidden">Filter by</span><span class="filter-label--line--inline">Carefree</span><span class="filter-label--line--inline">&nbsp;(2)</span></a></label></div></li><li class="filter-option__container" id="Cocomelon" data-auto="filter-option" data-auto-selected="false"><div class="checkbox" data-auto="checkbox"><input id="filter-option--Cocomelon-592732" name="filter-option--Cocomelon-592732" type="checkbox"><label class="checkbox-label" for="filter-option--Cocomelon-592732" title="Cocomelon"><a class="filter-option--link" href="https://www.tesco.com/groceries/en-GB/shop/health-and-beauty/all?brand=Cocomelon&amp;viewAll=brand"><span class="checkbox-square checkbox-square-linked"></span><span class="checkbox-check icon-tick-white"></span><span class="visually-hidden">Filter by</span><span class="filter-label--line--inline">Cocomelon</span><span class="filter-label--line--inline">&nbsp;(2)</span></a></label></div></li><li class="filter-option__container" id="Conair" data-auto="filter-option" data-auto-selected="false"><div class="checkbox" data-auto="checkbox"><input id="filter-option--Conair-509179" name="filter-option--Conair-509179" type="checkbox"><label class="checkbox-label" for="filter-option--Conair-509179" title="Conair"><a class="filter-option--link" href="https://www.tesco.com/groceries/en-GB/shop/health-and-beauty/all?brand=Conair&amp;viewAll=brand"><span class="checkbox-square checkbox-square-linked"></span><span class="checkbox-check icon-tick-white"></span><span class="visually-hidden">Filter by</span><span class="filter-label--line--inline">Conair</span><span class="filter-label--line--inline">&nbsp;(2)</span></a></label></div></li><li class="filter-option__container" id="Cuticura" data-auto="filter-option" data-auto-selected="false"><div class="checkbox" data-auto="checkbox"><input id="filter-option--Cuticura-4310809" name="filter-option--Cuticura-4310809" type="checkbox"><label class="checkbox-label" for="filter-option--Cuticura-4310809" title="Cuticura"><a class="filter-option--link" href="https://www.tesco.com/groceries/en-GB/shop/health-and-beauty/all?brand=Cuticura&amp;viewAll=brand"><span class="checkbox-square checkbox-square-linked"></span><span class="checkbox-check icon-tick-white"></span><span class="visually-hidden">Filter by</span><span class="filter-label--line--inline">Cuticura</span><span class="filter-label--line--inline">&nbsp;(2)</span></a></label></div></li><li class="filter-option__container" id="Daktarin" data-auto="filter-option" data-auto-selected="false"><div class="checkbox" data-auto="checkbox"><input id="filter-option--Daktarin-6629874" name="filter-option--Daktarin-6629874" type="checkbox"><label class="checkbox-label" for="filter-option--Daktarin-6629874" title="Daktarin"><a class="filter-option--link" href="https://www.tesco.com/groceries/en-GB/shop/health-and-beauty/all?brand=Daktarin&amp;viewAll=brand"><span class="checkbox-square checkbox-square-linked"></span><span class="checkbox-check icon-tick-white"></span><span class="visually-hidden">Filter by</span><span class="filter-label--line--inline">Daktarin</span><span class="filter-label--line--inline">&nbsp;(2)</span></a></label></div></li><li class="filter-option__container" id="Deep Freeze" data-auto="filter-option" data-auto-selected="false"><div class="checkbox" data-auto="checkbox"><input id="filter-option--Deep-Freeze-8339853" name="filter-option--Deep-Freeze-8339853" type="checkbox"><label class="checkbox-label" for="filter-option--Deep-Freeze-8339853" title="Deep Freeze"><a class="filter-option--link" href="https://www.tesco.com/groceries/en-GB/shop/health-and-beauty/all?brand=Deep%20Freeze&amp;viewAll=brand"><span class="checkbox-square checkbox-square-linked"></span><span class="checkbox-check icon-tick-white"></span><span class="visually-hidden">Filter by</span><span class="filter-label--line--inline">Deep Freeze</span><span class="filter-label--line--inline">&nbsp;(2)</span></a></label></div></li><li class="filter-option__container" id="Dentyl Ph" data-auto="filter-option" data-auto-selected="false"><div class="checkbox" data-auto="checkbox"><input id="filter-option--Dentyl-Ph-6235766" name="filter-option--Dentyl-Ph-6235766" type="checkbox"><label class="checkbox-label" for="filter-option--Dentyl-Ph-6235766" title="Dentyl Ph"><a class="filter-option--link" href="https://www.tesco.com/groceries/en-GB/shop/health-and-beauty/all?brand=Dentyl%20Ph&amp;viewAll=brand"><span class="checkbox-square checkbox-square-linked"></span><span class="checkbox-check icon-tick-white"></span><span class="visually-hidden">Filter by</span><span class="filter-label--line--inline">Dentyl Ph</span><span class="filter-label--line--inline">&nbsp;(2)</span></a></label></div></li><li class="filter-option__container" id="Derma V10" data-auto="filter-option" data-auto-selected="false"><div class="checkbox" data-auto="checkbox"><input id="filter-option--Derma-V10-5041291" name="filter-option--Derma-V10-5041291" type="checkbox"><label class="checkbox-label" for="filter-option--Derma-V10-5041291" title="Derma V10"><a class="filter-option--link" href="https://www.tesco.com/groceries/en-GB/shop/health-and-beauty/all?brand=Derma%20V10&amp;viewAll=brand"><span class="checkbox-square checkbox-square-linked"></span><span class="checkbox-check icon-tick-white"></span><span class="visually-hidden">Filter by</span><span class="filter-label--line--inline">Derma V10</span><span class="filter-label--line--inline">&nbsp;(2)</span></a></label></div></li><li class="filter-option__container" id="Dermo Expertise" data-auto="filter-option" data-auto-selected="false"><div class="checkbox" data-auto="checkbox"><input id="filter-option--Dermo-Expertise-3656074" name="filter-option--Dermo-Expertise-3656074" type="checkbox"><label class="checkbox-label" for="filter-option--Dermo-Expertise-3656074" title="Dermo Expertise"><a class="filter-option--link" href="https://www.tesco.com/groceries/en-GB/shop/health-and-beauty/all?brand=Dermo%20Expertise&amp;viewAll=brand"><span class="checkbox-square checkbox-square-linked"></span><span class="checkbox-check icon-tick-white"></span><span class="visually-hidden">Filter by</span><span class="filter-label--line--block">Dermo</span><span class="filter-label--line--inline filter-label--line--truncate">Expertise</span><span class="filter-label--line--inline">&nbsp;(2)</span></a></label></div></li><li class="filter-option__container" id="Dextro" data-auto="filter-option" data-auto-selected="false"><div class="checkbox" data-auto="checkbox"><input id="filter-option--Dextro-6306888" name="filter-option--Dextro-6306888" type="checkbox"><label class="checkbox-label" for="filter-option--Dextro-6306888" title="Dextro"><a class="filter-option--link" href="https://www.tesco.com/groceries/en-GB/shop/health-and-beauty/all?brand=Dextro&amp;viewAll=brand"><span class="checkbox-square checkbox-square-linked"></span><span class="checkbox-check icon-tick-white"></span><span class="visually-hidden">Filter by</span><span class="filter-label--line--inline">Dextro</span><span class="filter-label--line--inline">&nbsp;(2)</span></a></label></div></li><li class="filter-option__container" id="Doublebase" data-auto="filter-option" data-auto-selected="false"><div class="checkbox" data-auto="checkbox"><input id="filter-option--Doublebase-7269369" name="filter-option--Doublebase-7269369" type="checkbox"><label class="checkbox-label" for="filter-option--Doublebase-7269369" title="Doublebase"><a class="filter-option--link" href="https://www.tesco.com/groceries/en-GB/shop/health-and-beauty/all?brand=Doublebase&amp;viewAll=brand"><span class="checkbox-square checkbox-square-linked"></span><span class="checkbox-check icon-tick-white"></span><span class="visually-hidden">Filter by</span><span class="filter-label--line--inline">Doublebase</span><span class="filter-label--line--inline">&nbsp;(2)</span></a></label></div></li><li class="filter-option__container" id="Dr Salts" data-auto="filter-option" data-auto-selected="false"><div class="checkbox" data-auto="checkbox"><input id="filter-option--Dr-Salts-2191771" name="filter-option--Dr-Salts-2191771" type="checkbox"><label class="checkbox-label" for="filter-option--Dr-Salts-2191771" title="Dr Salts"><a class="filter-option--link" href="https://www.tesco.com/groceries/en-GB/shop/health-and-beauty/all?brand=Dr%20Salts&amp;viewAll=brand"><span class="checkbox-square checkbox-square-linked"></span><span class="checkbox-check icon-tick-white"></span><span class="visually-hidden">Filter by</span><span class="filter-label--line--inline">Dr Salts</span><span class="filter-label--line--inline">&nbsp;(2)</span></a></label></div></li><li class="filter-option__container" id="Earhub" data-auto="filter-option" data-auto-selected="false"><div class="checkbox" data-auto="checkbox"><input id="filter-option--Earhub-5798458" name="filter-option--Earhub-5798458" type="checkbox"><label class="checkbox-label" for="filter-option--Earhub-5798458" title="Earhub"><a class="filter-option--link" href="https://www.tesco.com/groceries/en-GB/shop/health-and-beauty/all?brand=Earhub&amp;viewAll=brand"><span class="checkbox-square checkbox-square-linked"></span><span class="checkbox-check icon-tick-white"></span><span class="visually-hidden">Filter by</span><span class="filter-label--line--inline">Earhub</span><span class="filter-label--line--inline">&nbsp;(2)</span></a></label></div></li><li class="filter-option__container" id="Eatenjoy" data-auto="filter-option" data-auto-selected="false"><div class="checkbox" data-auto="checkbox"><input id="filter-option--Eatenjoy-5294600" name="filter-option--Eatenjoy-5294600" type="checkbox"><label class="checkbox-label" for="filter-option--Eatenjoy-5294600" title="Eatenjoy"><a class="filter-option--link" href="https://www.tesco.com/groceries/en-GB/shop/health-and-beauty/all?brand=Eatenjoy&amp;viewAll=brand"><span class="checkbox-square checkbox-square-linked"></span><span class="checkbox-check icon-tick-white"></span><span class="visually-hidden">Filter by</span><span class="filter-label--line--inline">Eatenjoy</span><span class="filter-label--line--inline">&nbsp;(2)</span></a></label></div></li><li class="filter-option__container" id="Echinaforce" data-auto="filter-option" data-auto-selected="false"><div class="checkbox" data-auto="checkbox"><input id="filter-option--Echinaforce-8469305" name="filter-option--Echinaforce-8469305" type="checkbox"><label class="checkbox-label" for="filter-option--Echinaforce-8469305" title="Echinaforce"><a class="filter-option--link" href="https://www.tesco.com/groceries/en-GB/shop/health-and-beauty/all?brand=Echinaforce&amp;viewAll=brand"><span class="checkbox-square checkbox-square-linked"></span><span class="checkbox-check icon-tick-white"></span><span class="visually-hidden">Filter by</span><span class="filter-label--line--inline">Echinaforce</span><span class="filter-label--line--inline">&nbsp;(2)</span></a></label></div></li><li class="filter-option__container" id="Ecostyle" data-auto="filter-option" data-auto-selected="false"><div class="checkbox" data-auto="checkbox"><input id="filter-option--Ecostyle-8681892" name="filter-option--Ecostyle-8681892" type="checkbox"><label class="checkbox-label" for="filter-option--Ecostyle-8681892" title="Ecostyle"><a class="filter-option--link" href="https://www.tesco.com/groceries/en-GB/shop/health-and-beauty/all?brand=Ecostyle&amp;viewAll=brand"><span class="checkbox-square checkbox-square-linked"></span><span class="checkbox-check icon-tick-white"></span><span class="visually-hidden">Filter by</span><span class="filter-label--line--inline">Ecostyle</span><span class="filter-label--line--inline">&nbsp;(2)</span></a></label></div></li><li class="filter-option__container" id="Everything Genetic" data-auto="filter-option" data-auto-selected="false"><div class="checkbox" data-auto="checkbox"><input id="filter-option--Everything-Genetic-4584238" name="filter-option--Everything-Genetic-4584238" type="checkbox"><label class="checkbox-label" for="filter-option--Everything-Genetic-4584238" title="Everything Genetic"><a class="filter-option--link" href="https://www.tesco.com/groceries/en-GB/shop/health-and-beauty/all?brand=Everything%20Genetic&amp;viewAll=brand"><span class="checkbox-square checkbox-square-linked"></span><span class="checkbox-check icon-tick-white"></span><span class="visually-hidden">Filter by</span><span class="filter-label--line--block">Everything</span><span class="filter-label--line--inline filter-label--line--truncate">Genetic</span><span class="filter-label--line--inline">&nbsp;(2)</span></a></label></div></li><li class="filter-option__container" id="Expert" data-auto="filter-option" data-auto-selected="false"><div class="checkbox" data-auto="checkbox"><input id="filter-option--Expert-1251236" name="filter-option--Expert-1251236" type="checkbox"><label class="checkbox-label" for="filter-option--Expert-1251236" title="Expert"><a class="filter-option--link" href="https://www.tesco.com/groceries/en-GB/shop/health-and-beauty/all?brand=Expert&amp;viewAll=brand"><span class="checkbox-square checkbox-square-linked"></span><span class="checkbox-check icon-tick-white"></span><span class="visually-hidden">Filter by</span><span class="filter-label--line--inline">Expert</span><span class="filter-label--line--inline">&nbsp;(2)</span></a></label></div></li><li class="filter-option__container" id="Fragrance B" data-auto="filter-option" data-auto-selected="false"><div class="checkbox" data-auto="checkbox"><input id="filter-option--Fragrance-B-3551716" name="filter-option--Fragrance-B-3551716" type="checkbox"><label class="checkbox-label" for="filter-option--Fragrance-B-3551716" title="Fragrance B"><a class="filter-option--link" href="https://www.tesco.com/groceries/en-GB/shop/health-and-beauty/all?brand=Fragrance%20B&amp;viewAll=brand"><span class="checkbox-square checkbox-square-linked"></span><span class="checkbox-check icon-tick-white"></span><span class="visually-hidden">Filter by</span><span class="filter-label--line--inline">Fragrance B</span><span class="filter-label--line--inline">&nbsp;(2)</span></a></label></div></li><li class="filter-option__container" id="Galpharm" data-auto="filter-option" data-auto-selected="false"><div class="checkbox" data-auto="checkbox"><input id="filter-option--Galpharm-5532373" name="filter-option--Galpharm-5532373" type="checkbox"><label class="checkbox-label" for="filter-option--Galpharm-5532373" title="Galpharm"><a class="filter-option--link" href="https://www.tesco.com/groceries/en-GB/shop/health-and-beauty/all?brand=Galpharm&amp;viewAll=brand"><span class="checkbox-square checkbox-square-linked"></span><span class="checkbox-check icon-tick-white"></span><span class="visually-hidden">Filter by</span><span class="filter-label--line--inline">Galpharm</span><span class="filter-label--line--inline">&nbsp;(2)</span></a></label></div></li><li class="filter-option__container" id="Guess" data-auto="filter-option" data-auto-selected="false"><div class="checkbox" data-auto="checkbox"><input id="filter-option--Guess-2798383" name="filter-option--Guess-2798383" type="checkbox"><label class="checkbox-label" for="filter-option--Guess-2798383" title="Guess"><a class="filter-option--link" href="https://www.tesco.com/groceries/en-GB/shop/health-and-beauty/all?brand=Guess&amp;viewAll=brand"><span class="checkbox-square checkbox-square-linked"></span><span class="checkbox-check icon-tick-white"></span><span class="visually-hidden">Filter by</span><span class="filter-label--line--inline">Guess</span><span class="filter-label--line--inline">&nbsp;(2)</span></a></label></div></li><li class="filter-option__container" id="Henkel" data-auto="filter-option" data-auto-selected="false"><div class="checkbox" data-auto="checkbox"><input id="filter-option--Henkel-856061" name="filter-option--Henkel-856061" type="checkbox"><label class="checkbox-label" for="filter-option--Henkel-856061" title="Henkel"><a class="filter-option--link" href="https://www.tesco.com/groceries/en-GB/shop/health-and-beauty/all?brand=Henkel&amp;viewAll=brand"><span class="checkbox-square checkbox-square-linked"></span><span class="checkbox-check icon-tick-white"></span><span class="visually-hidden">Filter by</span><span class="filter-label--line--inline">Henkel</span><span class="filter-label--line--inline">&nbsp;(2)</span></a></label></div></li><li class="filter-option__container" id="Hot House" data-auto="filter-option" data-auto-selected="false"><div class="checkbox" data-auto="checkbox"><input id="filter-option--Hot-House-5746191" name="filter-option--Hot-House-5746191" type="checkbox"><label class="checkbox-label" for="filter-option--Hot-House-5746191" title="Hot House"><a class="filter-option--link" href="https://www.tesco.com/groceries/en-GB/shop/health-and-beauty/all?brand=Hot%20House&amp;viewAll=brand"><span class="checkbox-square checkbox-square-linked"></span><span class="checkbox-check icon-tick-white"></span><span class="visually-hidden">Filter by</span><span class="filter-label--line--inline">Hot House</span><span class="filter-label--line--inline">&nbsp;(2)</span></a></label></div></li><li class="filter-option__container" id="Hri" data-auto="filter-option" data-auto-selected="false"><div class="checkbox" data-auto="checkbox"><input id="filter-option--Hri-9571974" name="filter-option--Hri-9571974" type="checkbox"><label class="checkbox-label" for="filter-option--Hri-9571974" title="Hri"><a class="filter-option--link" href="https://www.tesco.com/groceries/en-GB/shop/health-and-beauty/all?brand=Hri&amp;viewAll=brand"><span class="checkbox-square checkbox-square-linked"></span><span class="checkbox-check icon-tick-white"></span><span class="visually-hidden">Filter by</span><span class="filter-label--line--inline">Hri</span><span class="filter-label--line--inline">&nbsp;(2)</span></a></label></div></li><li class="filter-option__container" id="Huel" data-auto="filter-option" data-auto-selected="false"><div class="checkbox" data-auto="checkbox"><input id="filter-option--Huel-6921744" name="filter-option--Huel-6921744" type="checkbox"><label class="checkbox-label" for="filter-option--Huel-6921744" title="Huel"><a class="filter-option--link" href="https://www.tesco.com/groceries/en-GB/shop/health-and-beauty/all?brand=Huel&amp;viewAll=brand"><span class="checkbox-square checkbox-square-linked"></span><span class="checkbox-check icon-tick-white"></span><span class="visually-hidden">Filter by</span><span class="filter-label--line--inline">Huel</span><span class="filter-label--line--inline">&nbsp;(2)</span></a></label></div></li><li class="filter-option__container" id="Ink Revive" data-auto="filter-option" data-auto-selected="false"><div class="checkbox" data-auto="checkbox"><input id="filter-option--Ink-Revive-5342772" name="filter-option--Ink-Revive-5342772" type="checkbox"><label class="checkbox-label" for="filter-option--Ink-Revive-5342772" title="Ink Revive"><a class="filter-option--link" href="https://www.tesco.com/groceries/en-GB/shop/health-and-beauty/all?brand=Ink%20Revive&amp;viewAll=brand"><span class="checkbox-square checkbox-square-linked"></span><span class="checkbox-check icon-tick-white"></span><span class="visually-hidden">Filter by</span><span class="filter-label--line--inline">Ink Revive</span><span class="filter-label--line--inline">&nbsp;(2)</span></a></label></div></li><li class="filter-option__container" id="Invogue" data-auto="filter-option" data-auto-selected="false"><div class="checkbox" data-auto="checkbox"><input id="filter-option--Invogue-439348" name="filter-option--Invogue-439348" type="checkbox"><label class="checkbox-label" for="filter-option--Invogue-439348" title="Invogue"><a class="filter-option--link" href="https://www.tesco.com/groceries/en-GB/shop/health-and-beauty/all?brand=Invogue&amp;viewAll=brand"><span class="checkbox-square checkbox-square-linked"></span><span class="checkbox-check icon-tick-white"></span><span class="visually-hidden">Filter by</span><span class="filter-label--line--inline">Invogue</span><span class="filter-label--line--inline">&nbsp;(2)</span></a></label></div></li><li class="filter-option__container" id="Joop" data-auto="filter-option" data-auto-selected="false"><div class="checkbox" data-auto="checkbox"><input id="filter-option--Joop-9461606" name="filter-option--Joop-9461606" type="checkbox"><label class="checkbox-label" for="filter-option--Joop-9461606" title="Joop"><a class="filter-option--link" href="https://www.tesco.com/groceries/en-GB/shop/health-and-beauty/all?brand=Joop&amp;viewAll=brand"><span class="checkbox-square checkbox-square-linked"></span><span class="checkbox-check icon-tick-white"></span><span class="visually-hidden">Filter by</span><span class="filter-label--line--inline">Joop</span><span class="filter-label--line--inline">&nbsp;(2)</span></a></label></div></li><li class="filter-option__container" id="Jungle Formula" data-auto="filter-option" data-auto-selected="false"><div class="checkbox" data-auto="checkbox"><input id="filter-option--Jungle-Formula-2763841" name="filter-option--Jungle-Formula-2763841" type="checkbox"><label class="checkbox-label" for="filter-option--Jungle-Formula-2763841" title="Jungle Formula"><a class="filter-option--link" href="https://www.tesco.com/groceries/en-GB/shop/health-and-beauty/all?brand=Jungle%20Formula&amp;viewAll=brand"><span class="checkbox-square checkbox-square-linked"></span><span class="checkbox-check icon-tick-white"></span><span class="visually-hidden">Filter by</span><span class="filter-label--line--inline">Jungle Formula</span><span class="filter-label--line--inline">&nbsp;(2)</span></a></label></div></li><li class="filter-option__container" id="Kind And Pure" data-auto="filter-option" data-auto-selected="false"><div class="checkbox" data-auto="checkbox"><input id="filter-option--Kind-And-Pure-9473847" name="filter-option--Kind-And-Pure-9473847" type="checkbox"><label class="checkbox-label" for="filter-option--Kind-And-Pure-9473847" title="Kind And Pure"><a class="filter-option--link" href="https://www.tesco.com/groceries/en-GB/shop/health-and-beauty/all?brand=Kind%20And%20Pure&amp;viewAll=brand"><span class="checkbox-square checkbox-square-linked"></span><span class="checkbox-check icon-tick-white"></span><span class="visually-hidden">Filter by</span><span class="filter-label--line--inline">Kind And Pure</span><span class="filter-label--line--inline">&nbsp;(2)</span></a></label></div></li><li class="filter-option__container" id="Knight &amp; Wilson" data-auto="filter-option" data-auto-selected="false"><div class="checkbox" data-auto="checkbox"><input id="filter-option--Knight-Wilson-1467660" name="filter-option--Knight-Wilson-1467660" type="checkbox"><label class="checkbox-label" for="filter-option--Knight-Wilson-1467660" title="Knight &amp; Wilson"><a class="filter-option--link" href="https://www.tesco.com/groceries/en-GB/shop/health-and-beauty/all?brand=Knight%20%26%20Wilson&amp;viewAll=brand"><span class="checkbox-square checkbox-square-linked"></span><span class="checkbox-check icon-tick-white"></span><span class="visually-hidden">Filter by</span><span class="filter-label--line--block">Knight &amp;</span><span class="filter-label--line--inline filter-label--line--truncate">Wilson</span><span class="filter-label--line--inline">&nbsp;(2)</span></a></label></div></li><li class="filter-option__container" id="Lift" data-auto="filter-option" data-auto-selected="false"><div class="checkbox" data-auto="checkbox"><input id="filter-option--Lift-8169205" name="filter-option--Lift-8169205" type="checkbox"><label class="checkbox-label" for="filter-option--Lift-8169205" title="Lift"><a class="filter-option--link" href="https://www.tesco.com/groceries/en-GB/shop/health-and-beauty/all?brand=Lift&amp;viewAll=brand"><span class="checkbox-square checkbox-square-linked"></span><span class="checkbox-check icon-tick-white"></span><span class="visually-hidden">Filter by</span><span class="filter-label--line--inline">Lift</span><span class="filter-label--line--inline">&nbsp;(2)</span></a></label></div></li><li class="filter-option__container" id="Macleans" data-auto="filter-option" data-auto-selected="false"><div class="checkbox" data-auto="checkbox"><input id="filter-option--Macleans-1563990" name="filter-option--Macleans-1563990" type="checkbox"><label class="checkbox-label" for="filter-option--Macleans-1563990" title="Macleans"><a class="filter-option--link" href="https://www.tesco.com/groceries/en-GB/shop/health-and-beauty/all?brand=Macleans&amp;viewAll=brand"><span class="checkbox-square checkbox-square-linked"></span><span class="checkbox-check icon-tick-white"></span><span class="visually-hidden">Filter by</span><span class="filter-label--line--inline">Macleans</span><span class="filter-label--line--inline">&nbsp;(2)</span></a></label></div></li><li class="filter-option__container" id="Marvel" data-auto="filter-option" data-auto-selected="false"><div class="checkbox" data-auto="checkbox"><input id="filter-option--Marvel-3498367" name="filter-option--Marvel-3498367" type="checkbox"><label class="checkbox-label" for="filter-option--Marvel-3498367" title="Marvel"><a class="filter-option--link" href="https://www.tesco.com/groceries/en-GB/shop/health-and-beauty/all?brand=Marvel&amp;viewAll=brand"><span class="checkbox-square checkbox-square-linked"></span><span class="checkbox-check icon-tick-white"></span><span class="visually-hidden">Filter by</span><span class="filter-label--line--inline">Marvel</span><span class="filter-label--line--inline">&nbsp;(2)</span></a></label></div></li><li class="filter-option__container" id="Method" data-auto="filter-option" data-auto-selected="false"><div class="checkbox" data-auto="checkbox"><input id="filter-option--Method-7556514" name="filter-option--Method-7556514" type="checkbox"><label class="checkbox-label" for="filter-option--Method-7556514" title="Method"><a class="filter-option--link" href="https://www.tesco.com/groceries/en-GB/shop/health-and-beauty/all?brand=Method&amp;viewAll=brand"><span class="checkbox-square checkbox-square-linked"></span><span class="checkbox-check icon-tick-white"></span><span class="visually-hidden">Filter by</span><span class="filter-label--line--inline">Method</span><span class="filter-label--line--inline">&nbsp;(2)</span></a></label></div></li><li class="filter-option__container" id="Moosehead" data-auto="filter-option" data-auto-selected="false"><div class="checkbox" data-auto="checkbox"><input id="filter-option--Moosehead-1036573" name="filter-option--Moosehead-1036573" type="checkbox"><label class="checkbox-label" for="filter-option--Moosehead-1036573" title="Moosehead"><a class="filter-option--link" href="https://www.tesco.com/groceries/en-GB/shop/health-and-beauty/all?brand=Moosehead&amp;viewAll=brand"><span class="checkbox-square checkbox-square-linked"></span><span class="checkbox-check icon-tick-white"></span><span class="visually-hidden">Filter by</span><span class="filter-label--line--inline">Moosehead</span><span class="filter-label--line--inline">&nbsp;(2)</span></a></label></div></li><li class="filter-option__container" id="Nails Hq" data-auto="filter-option" data-auto-selected="false"><div class="checkbox" data-auto="checkbox"><input id="filter-option--Nails-Hq-3295371" name="filter-option--Nails-Hq-3295371" type="checkbox"><label class="checkbox-label" for="filter-option--Nails-Hq-3295371" title="Nails Hq"><a class="filter-option--link" href="https://www.tesco.com/groceries/en-GB/shop/health-and-beauty/all?brand=Nails%20Hq&amp;viewAll=brand"><span class="checkbox-square checkbox-square-linked"></span><span class="checkbox-check icon-tick-white"></span><span class="visually-hidden">Filter by</span><span class="filter-label--line--inline">Nails Hq</span><span class="filter-label--line--inline">&nbsp;(2)</span></a></label></div></li><li class="filter-option__container" id="Natures Aid" data-auto="filter-option" data-auto-selected="false"><div class="checkbox" data-auto="checkbox"><input id="filter-option--Natures-Aid-1903898" name="filter-option--Natures-Aid-1903898" type="checkbox"><label class="checkbox-label" for="filter-option--Natures-Aid-1903898" title="Natures Aid"><a class="filter-option--link" href="https://www.tesco.com/groceries/en-GB/shop/health-and-beauty/all?brand=Natures%20Aid&amp;viewAll=brand"><span class="checkbox-square checkbox-square-linked"></span><span class="checkbox-check icon-tick-white"></span><span class="visually-hidden">Filter by</span><span class="filter-label--line--inline">Natures Aid</span><span class="filter-label--line--inline">&nbsp;(2)</span></a></label></div></li><li class="filter-option__container" id="Nerf" data-auto="filter-option" data-auto-selected="false"><div class="checkbox" data-auto="checkbox"><input id="filter-option--Nerf-8903374" name="filter-option--Nerf-8903374" type="checkbox"><label class="checkbox-label" for="filter-option--Nerf-8903374" title="Nerf"><a class="filter-option--link" href="https://www.tesco.com/groceries/en-GB/shop/health-and-beauty/all?brand=Nerf&amp;viewAll=brand"><span class="checkbox-square checkbox-square-linked"></span><span class="checkbox-check icon-tick-white"></span><span class="visually-hidden">Filter by</span><span class="filter-label--line--inline">Nerf</span><span class="filter-label--line--inline">&nbsp;(2)</span></a></label></div></li><li class="filter-option__container" id="Oh K" data-auto="filter-option" data-auto-selected="false"><div class="checkbox" data-auto="checkbox"><input id="filter-option--Oh-K-3241031" name="filter-option--Oh-K-3241031" type="checkbox"><label class="checkbox-label" for="filter-option--Oh-K-3241031" title="Oh K"><a class="filter-option--link" href="https://www.tesco.com/groceries/en-GB/shop/health-and-beauty/all?brand=Oh%20K&amp;viewAll=brand"><span class="checkbox-square checkbox-square-linked"></span><span class="checkbox-check icon-tick-white"></span><span class="visually-hidden">Filter by</span><span class="filter-label--line--inline">Oh K</span><span class="filter-label--line--inline">&nbsp;(2)</span></a></label></div></li><li class="filter-option__container" id="Olbas" data-auto="filter-option" data-auto-selected="false"><div class="checkbox" data-auto="checkbox"><input id="filter-option--Olbas-8716168" name="filter-option--Olbas-8716168" type="checkbox"><label class="checkbox-label" for="filter-option--Olbas-8716168" title="Olbas"><a class="filter-option--link" href="https://www.tesco.com/groceries/en-GB/shop/health-and-beauty/all?brand=Olbas&amp;viewAll=brand"><span class="checkbox-square checkbox-square-linked"></span><span class="checkbox-check icon-tick-white"></span><span class="visually-hidden">Filter by</span><span class="filter-label--line--inline">Olbas</span><span class="filter-label--line--inline">&nbsp;(2)</span></a></label></div></li><li class="filter-option__container" id="Omega Pharma" data-auto="filter-option" data-auto-selected="false"><div class="checkbox" data-auto="checkbox"><input id="filter-option--Omega-Pharma-3033671" name="filter-option--Omega-Pharma-3033671" type="checkbox"><label class="checkbox-label" for="filter-option--Omega-Pharma-3033671" title="Omega Pharma"><a class="filter-option--link" href="https://www.tesco.com/groceries/en-GB/shop/health-and-beauty/all?brand=Omega%20Pharma&amp;viewAll=brand"><span class="checkbox-square checkbox-square-linked"></span><span class="checkbox-check icon-tick-white"></span><span class="visually-hidden">Filter by</span><span class="filter-label--line--inline">Omega Pharma</span><span class="filter-label--line--inline">&nbsp;(2)</span></a></label></div></li><li class="filter-option__container" id="Optibac" data-auto="filter-option" data-auto-selected="false"><div class="checkbox" data-auto="checkbox"><input id="filter-option--Optibac-7555176" name="filter-option--Optibac-7555176" type="checkbox"><label class="checkbox-label" for="filter-option--Optibac-7555176" title="Optibac"><a class="filter-option--link" href="https://www.tesco.com/groceries/en-GB/shop/health-and-beauty/all?brand=Optibac&amp;viewAll=brand"><span class="checkbox-square checkbox-square-linked"></span><span class="checkbox-check icon-tick-white"></span><span class="visually-hidden">Filter by</span><span class="filter-label--line--inline">Optibac</span><span class="filter-label--line--inline">&nbsp;(2)</span></a></label></div></li><li class="filter-option__container" id="Optibac Probioti" data-auto="filter-option" data-auto-selected="false"><div class="checkbox" data-auto="checkbox"><input id="filter-option--Optibac-Probioti-4255674" name="filter-option--Optibac-Probioti-4255674" type="checkbox"><label class="checkbox-label" for="filter-option--Optibac-Probioti-4255674" title="Optibac Probioti"><a class="filter-option--link" href="https://www.tesco.com/groceries/en-GB/shop/health-and-beauty/all?brand=Optibac%20Probioti&amp;viewAll=brand"><span class="checkbox-square checkbox-square-linked"></span><span class="checkbox-check icon-tick-white"></span><span class="visually-hidden">Filter by</span><span class="filter-label--line--block">Optibac</span><span class="filter-label--line--inline filter-label--line--truncate">Probioti</span><span class="filter-label--line--inline">&nbsp;(2)</span></a></label></div></li><li class="filter-option__container" id="Organic" data-auto="filter-option" data-auto-selected="false"><div class="checkbox" data-auto="checkbox"><input id="filter-option--Organic-8307623" name="filter-option--Organic-8307623" type="checkbox"><label class="checkbox-label" for="filter-option--Organic-8307623" title="Organic"><a class="filter-option--link" href="https://www.tesco.com/groceries/en-GB/shop/health-and-beauty/all?brand=Organic&amp;viewAll=brand"><span class="checkbox-square checkbox-square-linked"></span><span class="checkbox-check icon-tick-white"></span><span class="visually-hidden">Filter by</span><span class="filter-label--line--inline">Organic</span><span class="filter-label--line--inline">&nbsp;(2)</span></a></label></div></li><li class="filter-option__container" id="Poligrip" data-auto="filter-option" data-auto-selected="false"><div class="checkbox" data-auto="checkbox"><input id="filter-option--Poligrip-5409556" name="filter-option--Poligrip-5409556" type="checkbox"><label class="checkbox-label" for="filter-option--Poligrip-5409556" title="Poligrip"><a class="filter-option--link" href="https://www.tesco.com/groceries/en-GB/shop/health-and-beauty/all?brand=Poligrip&amp;viewAll=brand"><span class="checkbox-square checkbox-square-linked"></span><span class="checkbox-check icon-tick-white"></span><span class="visually-hidden">Filter by</span><span class="filter-label--line--inline">Poligrip</span><span class="filter-label--line--inline">&nbsp;(2)</span></a></label></div></li><li class="filter-option__container" id="Potters" data-auto="filter-option" data-auto-selected="false"><div class="checkbox" data-auto="checkbox"><input id="filter-option--Potters-1618708" name="filter-option--Potters-1618708" type="checkbox"><label class="checkbox-label" for="filter-option--Potters-1618708" title="Potters"><a class="filter-option--link" href="https://www.tesco.com/groceries/en-GB/shop/health-and-beauty/all?brand=Potters&amp;viewAll=brand"><span class="checkbox-square checkbox-square-linked"></span><span class="checkbox-check icon-tick-white"></span><span class="visually-hidden">Filter by</span><span class="filter-label--line--inline">Potters</span><span class="filter-label--line--inline">&nbsp;(2)</span></a></label></div></li><li class="filter-option__container" id="Pro Plus" data-auto="filter-option" data-auto-selected="false"><div class="checkbox" data-auto="checkbox"><input id="filter-option--Pro-Plus-2318537" name="filter-option--Pro-Plus-2318537" type="checkbox"><label class="checkbox-label" for="filter-option--Pro-Plus-2318537" title="Pro Plus"><a class="filter-option--link" href="https://www.tesco.com/groceries/en-GB/shop/health-and-beauty/all?brand=Pro%20Plus&amp;viewAll=brand"><span class="checkbox-square checkbox-square-linked"></span><span class="checkbox-check icon-tick-white"></span><span class="visually-hidden">Filter by</span><span class="filter-label--line--inline">Pro Plus</span><span class="filter-label--line--inline">&nbsp;(2)</span></a></label></div></li><li class="filter-option__container" id="Protexin" data-auto="filter-option" data-auto-selected="false"><div class="checkbox" data-auto="checkbox"><input id="filter-option--Protexin-3086980" name="filter-option--Protexin-3086980" type="checkbox"><label class="checkbox-label" for="filter-option--Protexin-3086980" title="Protexin"><a class="filter-option--link" href="https://www.tesco.com/groceries/en-GB/shop/health-and-beauty/all?brand=Protexin&amp;viewAll=brand"><span class="checkbox-square checkbox-square-linked"></span><span class="checkbox-check icon-tick-white"></span><span class="visually-hidden">Filter by</span><span class="filter-label--line--inline">Protexin</span><span class="filter-label--line--inline">&nbsp;(2)</span></a></label></div></li><li class="filter-option__container" id="Rescue" data-auto="filter-option" data-auto-selected="false"><div class="checkbox" data-auto="checkbox"><input id="filter-option--Rescue-1436886" name="filter-option--Rescue-1436886" type="checkbox"><label class="checkbox-label" for="filter-option--Rescue-1436886" title="Rescue"><a class="filter-option--link" href="https://www.tesco.com/groceries/en-GB/shop/health-and-beauty/all?brand=Rescue&amp;viewAll=brand"><span class="checkbox-square checkbox-square-linked"></span><span class="checkbox-check icon-tick-white"></span><span class="visually-hidden">Filter by</span><span class="filter-label--line--inline">Rescue</span><span class="filter-label--line--inline">&nbsp;(2)</span></a></label></div></li><li class="filter-option__container" id="Safe And Sound" data-auto="filter-option" data-auto-selected="false"><div class="checkbox" data-auto="checkbox"><input id="filter-option--Safe-And-Sound-8963458" name="filter-option--Safe-And-Sound-8963458" type="checkbox"><label class="checkbox-label" for="filter-option--Safe-And-Sound-8963458" title="Safe And Sound"><a class="filter-option--link" href="https://www.tesco.com/groceries/en-GB/shop/health-and-beauty/all?brand=Safe%20And%20Sound&amp;viewAll=brand"><span class="checkbox-square checkbox-square-linked"></span><span class="checkbox-check icon-tick-white"></span><span class="visually-hidden">Filter by</span><span class="filter-label--line--inline">Safe And Sound</span><span class="filter-label--line--inline">&nbsp;(2)</span></a></label></div></li><li class="filter-option__container" id="Salus Haus" data-auto="filter-option" data-auto-selected="false"><div class="checkbox" data-auto="checkbox"><input id="filter-option--Salus-Haus-3985387" name="filter-option--Salus-Haus-3985387" type="checkbox"><label class="checkbox-label" for="filter-option--Salus-Haus-3985387" title="Salus Haus"><a class="filter-option--link" href="https://www.tesco.com/groceries/en-GB/shop/health-and-beauty/all?brand=Salus%20Haus&amp;viewAll=brand"><span class="checkbox-square checkbox-square-linked"></span><span class="checkbox-check icon-tick-white"></span><span class="visually-hidden">Filter by</span><span class="filter-label--line--inline">Salus Haus</span><span class="filter-label--line--inline">&nbsp;(2)</span></a></label></div></li><li class="filter-option__container" id="Sanatogen" data-auto="filter-option" data-auto-selected="false"><div class="checkbox" data-auto="checkbox"><input id="filter-option--Sanatogen-3769343" name="filter-option--Sanatogen-3769343" type="checkbox"><label class="checkbox-label" for="filter-option--Sanatogen-3769343" title="Sanatogen"><a class="filter-option--link" href="https://www.tesco.com/groceries/en-GB/shop/health-and-beauty/all?brand=Sanatogen&amp;viewAll=brand"><span class="checkbox-square checkbox-square-linked"></span><span class="checkbox-check icon-tick-white"></span><span class="visually-hidden">Filter by</span><span class="filter-label--line--inline">Sanatogen</span><span class="filter-label--line--inline">&nbsp;(2)</span></a></label></div></li><li class="filter-option__container" id="Sma" data-auto="filter-option" data-auto-selected="false"><div class="checkbox" data-auto="checkbox"><input id="filter-option--Sma-3309397" name="filter-option--Sma-3309397" type="checkbox"><label class="checkbox-label" for="filter-option--Sma-3309397" title="Sma"><a class="filter-option--link" href="https://www.tesco.com/groceries/en-GB/shop/health-and-beauty/all?brand=Sma&amp;viewAll=brand"><span class="checkbox-square checkbox-square-linked"></span><span class="checkbox-check icon-tick-white"></span><span class="visually-hidden">Filter by</span><span class="filter-label--line--inline">Sma</span><span class="filter-label--line--inline">&nbsp;(2)</span></a></label></div></li><li class="filter-option__container" id="Solpadeine" data-auto="filter-option" data-auto-selected="false"><div class="checkbox" data-auto="checkbox"><input id="filter-option--Solpadeine-9619901" name="filter-option--Solpadeine-9619901" type="checkbox"><label class="checkbox-label" for="filter-option--Solpadeine-9619901" title="Solpadeine"><a class="filter-option--link" href="https://www.tesco.com/groceries/en-GB/shop/health-and-beauty/all?brand=Solpadeine&amp;viewAll=brand"><span class="checkbox-square checkbox-square-linked"></span><span class="checkbox-check icon-tick-white"></span><span class="visually-hidden">Filter by</span><span class="filter-label--line--inline">Solpadeine</span><span class="filter-label--line--inline">&nbsp;(2)</span></a></label></div></li><li class="filter-option__container" id="St Ives" data-auto="filter-option" data-auto-selected="false"><div class="checkbox" data-auto="checkbox"><input id="filter-option--St-Ives-1449109" name="filter-option--St-Ives-1449109" type="checkbox"><label class="checkbox-label" for="filter-option--St-Ives-1449109" title="St Ives"><a class="filter-option--link" href="https://www.tesco.com/groceries/en-GB/shop/health-and-beauty/all?brand=St%20Ives&amp;viewAll=brand"><span class="checkbox-square checkbox-square-linked"></span><span class="checkbox-check icon-tick-white"></span><span class="visually-hidden">Filter by</span><span class="filter-label--line--inline">St Ives</span><span class="filter-label--line--inline">&nbsp;(2)</span></a></label></div></li><li class="filter-option__container" id="Steradent" data-auto="filter-option" data-auto-selected="false"><div class="checkbox" data-auto="checkbox"><input id="filter-option--Steradent-9962839" name="filter-option--Steradent-9962839" type="checkbox"><label class="checkbox-label" for="filter-option--Steradent-9962839" title="Steradent"><a class="filter-option--link" href="https://www.tesco.com/groceries/en-GB/shop/health-and-beauty/all?brand=Steradent&amp;viewAll=brand"><span class="checkbox-square checkbox-square-linked"></span><span class="checkbox-check icon-tick-white"></span><span class="visually-hidden">Filter by</span><span class="filter-label--line--inline">Steradent</span><span class="filter-label--line--inline">&nbsp;(2)</span></a></label></div></li><li class="filter-option__container" id="Stylpro" data-auto="filter-option" data-auto-selected="false"><div class="checkbox" data-auto="checkbox"><input id="filter-option--Stylpro-5303224" name="filter-option--Stylpro-5303224" type="checkbox"><label class="checkbox-label" for="filter-option--Stylpro-5303224" title="Stylpro"><a class="filter-option--link" href="https://www.tesco.com/groceries/en-GB/shop/health-and-beauty/all?brand=Stylpro&amp;viewAll=brand"><span class="checkbox-square checkbox-square-linked"></span><span class="checkbox-check icon-tick-white"></span><span class="visually-hidden">Filter by</span><span class="filter-label--line--inline">Stylpro</span><span class="filter-label--line--inline">&nbsp;(2)</span></a></label></div></li><li class="filter-option__container" id="Super Mario" data-auto="filter-option" data-auto-selected="false"><div class="checkbox" data-auto="checkbox"><input id="filter-option--Super-Mario-2971940" name="filter-option--Super-Mario-2971940" type="checkbox"><label class="checkbox-label" for="filter-option--Super-Mario-2971940" title="Super Mario"><a class="filter-option--link" href="https://www.tesco.com/groceries/en-GB/shop/health-and-beauty/all?brand=Super%20Mario&amp;viewAll=brand"><span class="checkbox-square checkbox-square-linked"></span><span class="checkbox-check icon-tick-white"></span><span class="visually-hidden">Filter by</span><span class="filter-label--line--inline">Super Mario</span><span class="filter-label--line--inline">&nbsp;(2)</span></a></label></div></li><li class="filter-option__container" id="Tepe" data-auto="filter-option" data-auto-selected="false"><div class="checkbox" data-auto="checkbox"><input id="filter-option--Tepe-7375368" name="filter-option--Tepe-7375368" type="checkbox"><label class="checkbox-label" for="filter-option--Tepe-7375368" title="Tepe"><a class="filter-option--link" href="https://www.tesco.com/groceries/en-GB/shop/health-and-beauty/all?brand=Tepe&amp;viewAll=brand"><span class="checkbox-square checkbox-square-linked"></span><span class="checkbox-check icon-tick-white"></span><span class="visually-hidden">Filter by</span><span class="filter-label--line--inline">Tepe</span><span class="filter-label--line--inline">&nbsp;(2)</span></a></label></div></li><li class="filter-option__container" id="Tesco Home" data-auto="filter-option" data-auto-selected="false"><div class="checkbox" data-auto="checkbox"><input id="filter-option--Tesco-Home-6918397" name="filter-option--Tesco-Home-6918397" type="checkbox"><label class="checkbox-label" for="filter-option--Tesco-Home-6918397" title="Tesco Home"><a class="filter-option--link" href="https://www.tesco.com/groceries/en-GB/shop/health-and-beauty/all?brand=Tesco%20Home&amp;viewAll=brand"><span class="checkbox-square checkbox-square-linked"></span><span class="checkbox-check icon-tick-white"></span><span class="visually-hidden">Filter by</span><span class="filter-label--line--inline">Tesco Home</span><span class="filter-label--line--inline">&nbsp;(2)</span></a></label></div></li><li class="filter-option__container" id="Tweezerman" data-auto="filter-option" data-auto-selected="false"><div class="checkbox" data-auto="checkbox"><input id="filter-option--Tweezerman-1033400" name="filter-option--Tweezerman-1033400" type="checkbox"><label class="checkbox-label" for="filter-option--Tweezerman-1033400" title="Tweezerman"><a class="filter-option--link" href="https://www.tesco.com/groceries/en-GB/shop/health-and-beauty/all?brand=Tweezerman&amp;viewAll=brand"><span class="checkbox-square checkbox-square-linked"></span><span class="checkbox-check icon-tick-white"></span><span class="visually-hidden">Filter by</span><span class="filter-label--line--inline">Tweezerman</span><span class="filter-label--line--inline">&nbsp;(2)</span></a></label></div></li><li class="filter-option__container" id="Ultra Chlorasept" data-auto="filter-option" data-auto-selected="false"><div class="checkbox" data-auto="checkbox"><input id="filter-option--Ultra-Chlorasept-4138701" name="filter-option--Ultra-Chlorasept-4138701" type="checkbox"><label class="checkbox-label" for="filter-option--Ultra-Chlorasept-4138701" title="Ultra Chlorasept"><a class="filter-option--link" href="https://www.tesco.com/groceries/en-GB/shop/health-and-beauty/all?brand=Ultra%20Chlorasept&amp;viewAll=brand"><span class="checkbox-square checkbox-square-linked"></span><span class="checkbox-check icon-tick-white"></span><span class="visually-hidden">Filter by</span><span class="filter-label--line--block">Ultra</span><span class="filter-label--line--inline filter-label--line--truncate">Chlorasept</span><span class="filter-label--line--inline">&nbsp;(2)</span></a></label></div></li><li class="filter-option__container" id="V05" data-auto="filter-option" data-auto-selected="false"><div class="checkbox" data-auto="checkbox"><input id="filter-option--V05-582706" name="filter-option--V05-582706" type="checkbox"><label class="checkbox-label" for="filter-option--V05-582706" title="V05"><a class="filter-option--link" href="https://www.tesco.com/groceries/en-GB/shop/health-and-beauty/all?brand=V05&amp;viewAll=brand"><span class="checkbox-square checkbox-square-linked"></span><span class="checkbox-check icon-tick-white"></span><span class="visually-hidden">Filter by</span><span class="filter-label--line--inline">V05</span><span class="filter-label--line--inline">&nbsp;(2)</span></a></label></div></li><li class="filter-option__container" id="Vera Wang" data-auto="filter-option" data-auto-selected="false"><div class="checkbox" data-auto="checkbox"><input id="filter-option--Vera-Wang-1687042" name="filter-option--Vera-Wang-1687042" type="checkbox"><label class="checkbox-label" for="filter-option--Vera-Wang-1687042" title="Vera Wang"><a class="filter-option--link" href="https://www.tesco.com/groceries/en-GB/shop/health-and-beauty/all?brand=Vera%20Wang&amp;viewAll=brand"><span class="checkbox-square checkbox-square-linked"></span><span class="checkbox-check icon-tick-white"></span><span class="visually-hidden">Filter by</span><span class="filter-label--line--inline">Vera Wang</span><span class="filter-label--line--inline">&nbsp;(2)</span></a></label></div></li><li class="filter-option__container" id="Vosene" data-auto="filter-option" data-auto-selected="false"><div class="checkbox" data-auto="checkbox"><input id="filter-option--Vosene-6005451" name="filter-option--Vosene-6005451" type="checkbox"><label class="checkbox-label" for="filter-option--Vosene-6005451" title="Vosene"><a class="filter-option--link" href="https://www.tesco.com/groceries/en-GB/shop/health-and-beauty/all?brand=Vosene&amp;viewAll=brand"><span class="checkbox-square checkbox-square-linked"></span><span class="checkbox-check icon-tick-white"></span><span class="visually-hidden">Filter by</span><span class="filter-label--line--inline">Vosene</span><span class="filter-label--line--inline">&nbsp;(2)</span></a></label></div></li><li class="filter-option__container" id="Westlab" data-auto="filter-option" data-auto-selected="false"><div class="checkbox" data-auto="checkbox"><input id="filter-option--Westlab-89628" name="filter-option--Westlab-89628" type="checkbox"><label class="checkbox-label" for="filter-option--Westlab-89628" title="Westlab"><a class="filter-option--link" href="https://www.tesco.com/groceries/en-GB/shop/health-and-beauty/all?brand=Westlab&amp;viewAll=brand"><span class="checkbox-square checkbox-square-linked"></span><span class="checkbox-check icon-tick-white"></span><span class="visually-hidden">Filter by</span><span class="filter-label--line--inline">Westlab</span><span class="filter-label--line--inline">&nbsp;(2)</span></a></label></div></li><li class="filter-option__container" id="Zovirax" data-auto="filter-option" data-auto-selected="false"><div class="checkbox" data-auto="checkbox"><input id="filter-option--Zovirax-602161" name="filter-option--Zovirax-602161" type="checkbox"><label class="checkbox-label" for="filter-option--Zovirax-602161" title="Zovirax"><a class="filter-option--link" href="https://www.tesco.com/groceries/en-GB/shop/health-and-beauty/all?brand=Zovirax&amp;viewAll=brand"><span class="checkbox-square checkbox-square-linked"></span><span class="checkbox-check icon-tick-white"></span><span class="visually-hidden">Filter by</span><span class="filter-label--line--inline">Zovirax</span><span class="filter-label--line--inline">&nbsp;(2)</span></a></label></div></li><li class="filter-option__container" id="10 Motives" data-auto="filter-option" data-auto-selected="false"><div class="checkbox" data-auto="checkbox"><input id="filter-option--10-Motives-7263260" name="filter-option--10-Motives-7263260" type="checkbox"><label class="checkbox-label" for="filter-option--10-Motives-7263260" title="10 Motives"><a class="filter-option--link" href="https://www.tesco.com/groceries/en-GB/shop/health-and-beauty/all?brand=10%20Motives&amp;viewAll=brand"><span class="checkbox-square checkbox-square-linked"></span><span class="checkbox-check icon-tick-white"></span><span class="visually-hidden">Filter by</span><span class="filter-label--line--inline">10 Motives</span><span class="filter-label--line--inline">&nbsp;(1)</span></a></label></div></li><li class="filter-option__container" id="4Head" data-auto="filter-option" data-auto-selected="false"><div class="checkbox" data-auto="checkbox"><input id="filter-option--4Head-879950" name="filter-option--4Head-879950" type="checkbox"><label class="checkbox-label" for="filter-option--4Head-879950" title="4Head"><a class="filter-option--link" href="https://www.tesco.com/groceries/en-GB/shop/health-and-beauty/all?brand=4Head&amp;viewAll=brand"><span class="checkbox-square checkbox-square-linked"></span><span class="checkbox-check icon-tick-white"></span><span class="visually-hidden">Filter by</span><span class="filter-label--line--inline">4Head</span><span class="filter-label--line--inline">&nbsp;(1)</span></a></label></div></li><li class="filter-option__container" id="Afb" data-auto="filter-option" data-auto-selected="false"><div class="checkbox" data-auto="checkbox"><input id="filter-option--Afb-653673" name="filter-option--Afb-653673" type="checkbox"><label class="checkbox-label" for="filter-option--Afb-653673" title="Afb"><a class="filter-option--link" href="https://www.tesco.com/groceries/en-GB/shop/health-and-beauty/all?brand=Afb&amp;viewAll=brand"><span class="checkbox-square checkbox-square-linked"></span><span class="checkbox-check icon-tick-white"></span><span class="visually-hidden">Filter by</span><span class="filter-label--line--inline">Afb</span><span class="filter-label--line--inline">&nbsp;(1)</span></a></label></div></li><li class="filter-option__container" id="After Bite" data-auto="filter-option" data-auto-selected="false"><div class="checkbox" data-auto="checkbox"><input id="filter-option--After-Bite-8933182" name="filter-option--After-Bite-8933182" type="checkbox"><label class="checkbox-label" for="filter-option--After-Bite-8933182" title="After Bite"><a class="filter-option--link" href="https://www.tesco.com/groceries/en-GB/shop/health-and-beauty/all?brand=After%20Bite&amp;viewAll=brand"><span class="checkbox-square checkbox-square-linked"></span><span class="checkbox-check icon-tick-white"></span><span class="visually-hidden">Filter by</span><span class="filter-label--line--inline">After Bite</span><span class="filter-label--line--inline">&nbsp;(1)</span></a></label></div></li><li class="filter-option__container" id="Alka Seltzer" data-auto="filter-option" data-auto-selected="false"><div class="checkbox" data-auto="checkbox"><input id="filter-option--Alka-Seltzer-5166411" name="filter-option--Alka-Seltzer-5166411" type="checkbox"><label class="checkbox-label" for="filter-option--Alka-Seltzer-5166411" title="Alka Seltzer"><a class="filter-option--link" href="https://www.tesco.com/groceries/en-GB/shop/health-and-beauty/all?brand=Alka%20Seltzer&amp;viewAll=brand"><span class="checkbox-square checkbox-square-linked"></span><span class="checkbox-check icon-tick-white"></span><span class="visually-hidden">Filter by</span><span class="filter-label--line--inline">Alka Seltzer</span><span class="filter-label--line--inline">&nbsp;(1)</span></a></label></div></li><li class="filter-option__container" id="Andrews" data-auto="filter-option" data-auto-selected="false"><div class="checkbox" data-auto="checkbox"><input id="filter-option--Andrews-3043888" name="filter-option--Andrews-3043888" type="checkbox"><label class="checkbox-label" for="filter-option--Andrews-3043888" title="Andrews"><a class="filter-option--link" href="https://www.tesco.com/groceries/en-GB/shop/health-and-beauty/all?brand=Andrews&amp;viewAll=brand"><span class="checkbox-square checkbox-square-linked"></span><span class="checkbox-check icon-tick-white"></span><span class="visually-hidden">Filter by</span><span class="filter-label--line--inline">Andrews</span><span class="filter-label--line--inline">&nbsp;(1)</span></a></label></div></li><li class="filter-option__container" id="Anthisan" data-auto="filter-option" data-auto-selected="false"><div class="checkbox" data-auto="checkbox"><input id="filter-option--Anthisan-2527964" name="filter-option--Anthisan-2527964" type="checkbox"><label class="checkbox-label" for="filter-option--Anthisan-2527964" title="Anthisan"><a class="filter-option--link" href="https://www.tesco.com/groceries/en-GB/shop/health-and-beauty/all?brand=Anthisan&amp;viewAll=brand"><span class="checkbox-square checkbox-square-linked"></span><span class="checkbox-check icon-tick-white"></span><span class="visually-hidden">Filter by</span><span class="filter-label--line--inline">Anthisan</span><span class="filter-label--line--inline">&nbsp;(1)</span></a></label></div></li><li class="filter-option__container" id="Astax" data-auto="filter-option" data-auto-selected="false"><div class="checkbox" data-auto="checkbox"><input id="filter-option--Astax-3356336" name="filter-option--Astax-3356336" type="checkbox"><label class="checkbox-label" for="filter-option--Astax-3356336" title="Astax"><a class="filter-option--link" href="https://www.tesco.com/groceries/en-GB/shop/health-and-beauty/all?brand=Astax&amp;viewAll=brand"><span class="checkbox-square checkbox-square-linked"></span><span class="checkbox-check icon-tick-white"></span><span class="visually-hidden">Filter by</span><span class="filter-label--line--inline">Astax</span><span class="filter-label--line--inline">&nbsp;(1)</span></a></label></div></li><li class="filter-option__container" id="Ayuuri" data-auto="filter-option" data-auto-selected="false"><div class="checkbox" data-auto="checkbox"><input id="filter-option--Ayuuri-7137523" name="filter-option--Ayuuri-7137523" type="checkbox"><label class="checkbox-label" for="filter-option--Ayuuri-7137523" title="Ayuuri"><a class="filter-option--link" href="https://www.tesco.com/groceries/en-GB/shop/health-and-beauty/all?brand=Ayuuri&amp;viewAll=brand"><span class="checkbox-square checkbox-square-linked"></span><span class="checkbox-check icon-tick-white"></span><span class="visually-hidden">Filter by</span><span class="filter-label--line--inline">Ayuuri</span><span class="filter-label--line--inline">&nbsp;(1)</span></a></label></div></li><li class="filter-option__container" id="Banana Boat" data-auto="filter-option" data-auto-selected="false"><div class="checkbox" data-auto="checkbox"><input id="filter-option--Banana-Boat-8863081" name="filter-option--Banana-Boat-8863081" type="checkbox"><label class="checkbox-label" for="filter-option--Banana-Boat-8863081" title="Banana Boat"><a class="filter-option--link" href="https://www.tesco.com/groceries/en-GB/shop/health-and-beauty/all?brand=Banana%20Boat&amp;viewAll=brand"><span class="checkbox-square checkbox-square-linked"></span><span class="checkbox-check icon-tick-white"></span><span class="visually-hidden">Filter by</span><span class="filter-label--line--inline">Banana Boat</span><span class="filter-label--line--inline">&nbsp;(1)</span></a></label></div></li><li class="filter-option__container" id="Bathtime Buddies" data-auto="filter-option" data-auto-selected="false"><div class="checkbox" data-auto="checkbox"><input id="filter-option--Bathtime-Buddies-8664644" name="filter-option--Bathtime-Buddies-8664644" type="checkbox"><label class="checkbox-label" for="filter-option--Bathtime-Buddies-8664644" title="Bathtime Buddies"><a class="filter-option--link" href="https://www.tesco.com/groceries/en-GB/shop/health-and-beauty/all?brand=Bathtime%20Buddies&amp;viewAll=brand"><span class="checkbox-square checkbox-square-linked"></span><span class="checkbox-check icon-tick-white"></span><span class="visually-hidden">Filter by</span><span class="filter-label--line--block">Bathtime</span><span class="filter-label--line--inline filter-label--line--truncate">Buddies</span><span class="filter-label--line--inline">&nbsp;(1)</span></a></label></div></li><li class="filter-option__container" id="Bcrush" data-auto="filter-option" data-auto-selected="false"><div class="checkbox" data-auto="checkbox"><input id="filter-option--Bcrush-702435" name="filter-option--Bcrush-702435" type="checkbox"><label class="checkbox-label" for="filter-option--Bcrush-702435" title="Bcrush"><a class="filter-option--link" href="https://www.tesco.com/groceries/en-GB/shop/health-and-beauty/all?brand=Bcrush&amp;viewAll=brand"><span class="checkbox-square checkbox-square-linked"></span><span class="checkbox-check icon-tick-white"></span><span class="visually-hidden">Filter by</span><span class="filter-label--line--inline">Bcrush</span><span class="filter-label--line--inline">&nbsp;(1)</span></a></label></div></li><li class="filter-option__container" id="Be You" data-auto="filter-option" data-auto-selected="false"><div class="checkbox" data-auto="checkbox"><input id="filter-option--Be-You-4436464" name="filter-option--Be-You-4436464" type="checkbox"><label class="checkbox-label" for="filter-option--Be-You-4436464" title="Be You"><a class="filter-option--link" href="https://www.tesco.com/groceries/en-GB/shop/health-and-beauty/all?brand=Be%20You&amp;viewAll=brand"><span class="checkbox-square checkbox-square-linked"></span><span class="checkbox-check icon-tick-white"></span><span class="visually-hidden">Filter by</span><span class="filter-label--line--inline">Be You</span><span class="filter-label--line--inline">&nbsp;(1)</span></a></label></div></li><li class="filter-option__container" id="Beckham" data-auto="filter-option" data-auto-selected="false"><div class="checkbox" data-auto="checkbox"><input id="filter-option--Beckham-7338409" name="filter-option--Beckham-7338409" type="checkbox"><label class="checkbox-label" for="filter-option--Beckham-7338409" title="Beckham"><a class="filter-option--link" href="https://www.tesco.com/groceries/en-GB/shop/health-and-beauty/all?brand=Beckham&amp;viewAll=brand"><span class="checkbox-square checkbox-square-linked"></span><span class="checkbox-check icon-tick-white"></span><span class="visually-hidden">Filter by</span><span class="filter-label--line--inline">Beckham</span><span class="filter-label--line--inline">&nbsp;(1)</span></a></label></div></li><li class="filter-option__container" id="Becodefence" data-auto="filter-option" data-auto-selected="false"><div class="checkbox" data-auto="checkbox"><input id="filter-option--Becodefence-1478281" name="filter-option--Becodefence-1478281" type="checkbox"><label class="checkbox-label" for="filter-option--Becodefence-1478281" title="Becodefence"><a class="filter-option--link" href="https://www.tesco.com/groceries/en-GB/shop/health-and-beauty/all?brand=Becodefence&amp;viewAll=brand"><span class="checkbox-square checkbox-square-linked"></span><span class="checkbox-check icon-tick-white"></span><span class="visually-hidden">Filter by</span><span class="filter-label--line--inline">Becodefence</span><span class="filter-label--line--inline">&nbsp;(1)</span></a></label></div></li><li class="filter-option__container" id="Becodefence Plus" data-auto="filter-option" data-auto-selected="false"><div class="checkbox" data-auto="checkbox"><input id="filter-option--Becodefence-Plus-9310688" name="filter-option--Becodefence-Plus-9310688" type="checkbox"><label class="checkbox-label" for="filter-option--Becodefence-Plus-9310688" title="Becodefence Plus"><a class="filter-option--link" href="https://www.tesco.com/groceries/en-GB/shop/health-and-beauty/all?brand=Becodefence%20Plus&amp;viewAll=brand"><span class="checkbox-square checkbox-square-linked"></span><span class="checkbox-check icon-tick-white"></span><span class="visually-hidden">Filter by</span><span class="filter-label--line--block">Becodefence</span><span class="filter-label--line--inline filter-label--line--truncate">Plus</span><span class="filter-label--line--inline">&nbsp;(1)</span></a></label></div></li><li class="filter-option__container" id="Benacort" data-auto="filter-option" data-auto-selected="false"><div class="checkbox" data-auto="checkbox"><input id="filter-option--Benacort-6471700" name="filter-option--Benacort-6471700" type="checkbox"><label class="checkbox-label" for="filter-option--Benacort-6471700" title="Benacort"><a class="filter-option--link" href="https://www.tesco.com/groceries/en-GB/shop/health-and-beauty/all?brand=Benacort&amp;viewAll=brand"><span class="checkbox-square checkbox-square-linked"></span><span class="checkbox-check icon-tick-white"></span><span class="visually-hidden">Filter by</span><span class="filter-label--line--inline">Benacort</span><span class="filter-label--line--inline">&nbsp;(1)</span></a></label></div></li><li class="filter-option__container" id="Bepanthen" data-auto="filter-option" data-auto-selected="false"><div class="checkbox" data-auto="checkbox"><input id="filter-option--Bepanthen-2878084" name="filter-option--Bepanthen-2878084" type="checkbox"><label class="checkbox-label" for="filter-option--Bepanthen-2878084" title="Bepanthen"><a class="filter-option--link" href="https://www.tesco.com/groceries/en-GB/shop/health-and-beauty/all?brand=Bepanthen&amp;viewAll=brand"><span class="checkbox-square checkbox-square-linked"></span><span class="checkbox-check icon-tick-white"></span><span class="visually-hidden">Filter by</span><span class="filter-label--line--inline">Bepanthen</span><span class="filter-label--line--inline">&nbsp;(1)</span></a></label></div></li><li class="filter-option__container" id="Bio-Kult" data-auto="filter-option" data-auto-selected="false"><div class="checkbox" data-auto="checkbox"><input id="filter-option--Bio-Kult-2042026" name="filter-option--Bio-Kult-2042026" type="checkbox"><label class="checkbox-label" for="filter-option--Bio-Kult-2042026" title="Bio-Kult"><a class="filter-option--link" href="https://www.tesco.com/groceries/en-GB/shop/health-and-beauty/all?brand=Bio-Kult&amp;viewAll=brand"><span class="checkbox-square checkbox-square-linked"></span><span class="checkbox-check icon-tick-white"></span><span class="visually-hidden">Filter by</span><span class="filter-label--line--inline">Bio-Kult</span><span class="filter-label--line--inline">&nbsp;(1)</span></a></label></div></li><li class="filter-option__container" id="Bio-Oil" data-auto="filter-option" data-auto-selected="false"><div class="checkbox" data-auto="checkbox"><input id="filter-option--Bio-Oil-9795148" name="filter-option--Bio-Oil-9795148" type="checkbox"><label class="checkbox-label" for="filter-option--Bio-Oil-9795148" title="Bio-Oil"><a class="filter-option--link" href="https://www.tesco.com/groceries/en-GB/shop/health-and-beauty/all?brand=Bio-Oil&amp;viewAll=brand"><span class="checkbox-square checkbox-square-linked"></span><span class="checkbox-check icon-tick-white"></span><span class="visually-hidden">Filter by</span><span class="filter-label--line--inline">Bio-Oil</span><span class="filter-label--line--inline">&nbsp;(1)</span></a></label></div></li><li class="filter-option__container" id="Bioglan" data-auto="filter-option" data-auto-selected="false"><div class="checkbox" data-auto="checkbox"><input id="filter-option--Bioglan-4638711" name="filter-option--Bioglan-4638711" type="checkbox"><label class="checkbox-label" for="filter-option--Bioglan-4638711" title="Bioglan"><a class="filter-option--link" href="https://www.tesco.com/groceries/en-GB/shop/health-and-beauty/all?brand=Bioglan&amp;viewAll=brand"><span class="checkbox-square checkbox-square-linked"></span><span class="checkbox-check icon-tick-white"></span><span class="visually-hidden">Filter by</span><span class="filter-label--line--inline">Bioglan</span><span class="filter-label--line--inline">&nbsp;(1)</span></a></label></div></li><li class="filter-option__container" id="Breathe Right" data-auto="filter-option" data-auto-selected="false"><div class="checkbox" data-auto="checkbox"><input id="filter-option--Breathe-Right-6587737" name="filter-option--Breathe-Right-6587737" type="checkbox"><label class="checkbox-label" for="filter-option--Breathe-Right-6587737" title="Breathe Right"><a class="filter-option--link" href="https://www.tesco.com/groceries/en-GB/shop/health-and-beauty/all?brand=Breathe%20Right&amp;viewAll=brand"><span class="checkbox-square checkbox-square-linked"></span><span class="checkbox-check icon-tick-white"></span><span class="visually-hidden">Filter by</span><span class="filter-label--line--inline">Breathe Right</span><span class="filter-label--line--inline">&nbsp;(1)</span></a></label></div></li><li class="filter-option__container" id="Bronchostop" data-auto="filter-option" data-auto-selected="false"><div class="checkbox" data-auto="checkbox"><input id="filter-option--Bronchostop-9373734" name="filter-option--Bronchostop-9373734" type="checkbox"><label class="checkbox-label" for="filter-option--Bronchostop-9373734" title="Bronchostop"><a class="filter-option--link" href="https://www.tesco.com/groceries/en-GB/shop/health-and-beauty/all?brand=Bronchostop&amp;viewAll=brand"><span class="checkbox-square checkbox-square-linked"></span><span class="checkbox-check icon-tick-white"></span><span class="visually-hidden">Filter by</span><span class="filter-label--line--inline">Bronchostop</span><span class="filter-label--line--inline">&nbsp;(1)</span></a></label></div></li><li class="filter-option__container" id="Buscopan" data-auto="filter-option" data-auto-selected="false"><div class="checkbox" data-auto="checkbox"><input id="filter-option--Buscopan-9543770" name="filter-option--Buscopan-9543770" type="checkbox"><label class="checkbox-label" for="filter-option--Buscopan-9543770" title="Buscopan"><a class="filter-option--link" href="https://www.tesco.com/groceries/en-GB/shop/health-and-beauty/all?brand=Buscopan&amp;viewAll=brand"><span class="checkbox-square checkbox-square-linked"></span><span class="checkbox-check icon-tick-white"></span><span class="visually-hidden">Filter by</span><span class="filter-label--line--inline">Buscopan</span><span class="filter-label--line--inline">&nbsp;(1)</span></a></label></div></li><li class="filter-option__container" id="Butter London" data-auto="filter-option" data-auto-selected="false"><div class="checkbox" data-auto="checkbox"><input id="filter-option--Butter-London-6706094" name="filter-option--Butter-London-6706094" type="checkbox"><label class="checkbox-label" for="filter-option--Butter-London-6706094" title="Butter London"><a class="filter-option--link" href="https://www.tesco.com/groceries/en-GB/shop/health-and-beauty/all?brand=Butter%20London&amp;viewAll=brand"><span class="checkbox-square checkbox-square-linked"></span><span class="checkbox-check icon-tick-white"></span><span class="visually-hidden">Filter by</span><span class="filter-label--line--inline">Butter London</span><span class="filter-label--line--inline">&nbsp;(1)</span></a></label></div></li><li class="filter-option__container" id="Buttercup" data-auto="filter-option" data-auto-selected="false"><div class="checkbox" data-auto="checkbox"><input id="filter-option--Buttercup-5308455" name="filter-option--Buttercup-5308455" type="checkbox"><label class="checkbox-label" for="filter-option--Buttercup-5308455" title="Buttercup"><a class="filter-option--link" href="https://www.tesco.com/groceries/en-GB/shop/health-and-beauty/all?brand=Buttercup&amp;viewAll=brand"><span class="checkbox-square checkbox-square-linked"></span><span class="checkbox-check icon-tick-white"></span><span class="visually-hidden">Filter by</span><span class="filter-label--line--inline">Buttercup</span><span class="filter-label--line--inline">&nbsp;(1)</span></a></label></div></li><li class="filter-option__container" id="Calcough" data-auto="filter-option" data-auto-selected="false"><div class="checkbox" data-auto="checkbox"><input id="filter-option--Calcough-8308271" name="filter-option--Calcough-8308271" type="checkbox"><label class="checkbox-label" for="filter-option--Calcough-8308271" title="Calcough"><a class="filter-option--link" href="https://www.tesco.com/groceries/en-GB/shop/health-and-beauty/all?brand=Calcough&amp;viewAll=brand"><span class="checkbox-square checkbox-square-linked"></span><span class="checkbox-check icon-tick-white"></span><span class="visually-hidden">Filter by</span><span class="filter-label--line--inline">Calcough</span><span class="filter-label--line--inline">&nbsp;(1)</span></a></label></div></li><li class="filter-option__container" id="Califig" data-auto="filter-option" data-auto-selected="false"><div class="checkbox" data-auto="checkbox"><input id="filter-option--Califig-6008600" name="filter-option--Califig-6008600" type="checkbox"><label class="checkbox-label" for="filter-option--Califig-6008600" title="Califig"><a class="filter-option--link" href="https://www.tesco.com/groceries/en-GB/shop/health-and-beauty/all?brand=Califig&amp;viewAll=brand"><span class="checkbox-square checkbox-square-linked"></span><span class="checkbox-check icon-tick-white"></span><span class="visually-hidden">Filter by</span><span class="filter-label--line--inline">Califig</span><span class="filter-label--line--inline">&nbsp;(1)</span></a></label></div></li><li class="filter-option__container" id="Calprofen" data-auto="filter-option" data-auto-selected="false"><div class="checkbox" data-auto="checkbox"><input id="filter-option--Calprofen-5291749" name="filter-option--Calprofen-5291749" type="checkbox"><label class="checkbox-label" for="filter-option--Calprofen-5291749" title="Calprofen"><a class="filter-option--link" href="https://www.tesco.com/groceries/en-GB/shop/health-and-beauty/all?brand=Calprofen&amp;viewAll=brand"><span class="checkbox-square checkbox-square-linked"></span><span class="checkbox-check icon-tick-white"></span><span class="visually-hidden">Filter by</span><span class="filter-label--line--inline">Calprofen</span><span class="filter-label--line--inline">&nbsp;(1)</span></a></label></div></li><li class="filter-option__container" id="Canescool" data-auto="filter-option" data-auto-selected="false"><div class="checkbox" data-auto="checkbox"><input id="filter-option--Canescool-6572660" name="filter-option--Canescool-6572660" type="checkbox"><label class="checkbox-label" for="filter-option--Canescool-6572660" title="Canescool"><a class="filter-option--link" href="https://www.tesco.com/groceries/en-GB/shop/health-and-beauty/all?brand=Canescool&amp;viewAll=brand"><span class="checkbox-square checkbox-square-linked"></span><span class="checkbox-check icon-tick-white"></span><span class="visually-hidden">Filter by</span><span class="filter-label--line--inline">Canescool</span><span class="filter-label--line--inline">&nbsp;(1)</span></a></label></div></li><li class="filter-option__container" id="Canesfresh" data-auto="filter-option" data-auto-selected="false"><div class="checkbox" data-auto="checkbox"><input id="filter-option--Canesfresh-7187297" name="filter-option--Canesfresh-7187297" type="checkbox"><label class="checkbox-label" for="filter-option--Canesfresh-7187297" title="Canesfresh"><a class="filter-option--link" href="https://www.tesco.com/groceries/en-GB/shop/health-and-beauty/all?brand=Canesfresh&amp;viewAll=brand"><span class="checkbox-square checkbox-square-linked"></span><span class="checkbox-check icon-tick-white"></span><span class="visually-hidden">Filter by</span><span class="filter-label--line--inline">Canesfresh</span><span class="filter-label--line--inline">&nbsp;(1)</span></a></label></div></li><li class="filter-option__container" id="Canesoasis" data-auto="filter-option" data-auto-selected="false"><div class="checkbox" data-auto="checkbox"><input id="filter-option--Canesoasis-7470480" name="filter-option--Canesoasis-7470480" type="checkbox"><label class="checkbox-label" for="filter-option--Canesoasis-7470480" title="Canesoasis"><a class="filter-option--link" href="https://www.tesco.com/groceries/en-GB/shop/health-and-beauty/all?brand=Canesoasis&amp;viewAll=brand"><span class="checkbox-square checkbox-square-linked"></span><span class="checkbox-check icon-tick-white"></span><span class="visually-hidden">Filter by</span><span class="filter-label--line--inline">Canesoasis</span><span class="filter-label--line--inline">&nbsp;(1)</span></a></label></div></li><li class="filter-option__container" id="Cedar" data-auto="filter-option" data-auto-selected="false"><div class="checkbox" data-auto="checkbox"><input id="filter-option--Cedar-1310182" name="filter-option--Cedar-1310182" type="checkbox"><label class="checkbox-label" for="filter-option--Cedar-1310182" title="Cedar"><a class="filter-option--link" href="https://www.tesco.com/groceries/en-GB/shop/health-and-beauty/all?brand=Cedar&amp;viewAll=brand"><span class="checkbox-square checkbox-square-linked"></span><span class="checkbox-check icon-tick-white"></span><span class="visually-hidden">Filter by</span><span class="filter-label--line--inline">Cedar</span><span class="filter-label--line--inline">&nbsp;(1)</span></a></label></div></li><li class="filter-option__container" id="Cgm" data-auto="filter-option" data-auto-selected="false"><div class="checkbox" data-auto="checkbox"><input id="filter-option--Cgm-3065456" name="filter-option--Cgm-3065456" type="checkbox"><label class="checkbox-label" for="filter-option--Cgm-3065456" title="Cgm"><a class="filter-option--link" href="https://www.tesco.com/groceries/en-GB/shop/health-and-beauty/all?brand=Cgm&amp;viewAll=brand"><span class="checkbox-square checkbox-square-linked"></span><span class="checkbox-check icon-tick-white"></span><span class="visually-hidden">Filter by</span><span class="filter-label--line--inline">Cgm</span><span class="filter-label--line--inline">&nbsp;(1)</span></a></label></div></li><li class="filter-option__container" id="Clearwipes" data-auto="filter-option" data-auto-selected="false"><div class="checkbox" data-auto="checkbox"><input id="filter-option--Clearwipes-8286057" name="filter-option--Clearwipes-8286057" type="checkbox"><label class="checkbox-label" for="filter-option--Clearwipes-8286057" title="Clearwipes"><a class="filter-option--link" href="https://www.tesco.com/groceries/en-GB/shop/health-and-beauty/all?brand=Clearwipes&amp;viewAll=brand"><span class="checkbox-square checkbox-square-linked"></span><span class="checkbox-check icon-tick-white"></span><span class="visually-hidden">Filter by</span><span class="filter-label--line--inline">Clearwipes</span><span class="filter-label--line--inline">&nbsp;(1)</span></a></label></div></li><li class="filter-option__container" id="Colpermin" data-auto="filter-option" data-auto-selected="false"><div class="checkbox" data-auto="checkbox"><input id="filter-option--Colpermin-1654623" name="filter-option--Colpermin-1654623" type="checkbox"><label class="checkbox-label" for="filter-option--Colpermin-1654623" title="Colpermin"><a class="filter-option--link" href="https://www.tesco.com/groceries/en-GB/shop/health-and-beauty/all?brand=Colpermin&amp;viewAll=brand"><span class="checkbox-square checkbox-square-linked"></span><span class="checkbox-check icon-tick-white"></span><span class="visually-hidden">Filter by</span><span class="filter-label--line--inline">Colpermin</span><span class="filter-label--line--inline">&nbsp;(1)</span></a></label></div></li><li class="filter-option__container" id="Cura Heat" data-auto="filter-option" data-auto-selected="false"><div class="checkbox" data-auto="checkbox"><input id="filter-option--Cura-Heat-7268651" name="filter-option--Cura-Heat-7268651" type="checkbox"><label class="checkbox-label" for="filter-option--Cura-Heat-7268651" title="Cura Heat"><a class="filter-option--link" href="https://www.tesco.com/groceries/en-GB/shop/health-and-beauty/all?brand=Cura%20Heat&amp;viewAll=brand"><span class="checkbox-square checkbox-square-linked"></span><span class="checkbox-check icon-tick-white"></span><span class="visually-hidden">Filter by</span><span class="filter-label--line--inline">Cura Heat</span><span class="filter-label--line--inline">&nbsp;(1)</span></a></label></div></li><li class="filter-option__container" id="Davidoff" data-auto="filter-option" data-auto-selected="false"><div class="checkbox" data-auto="checkbox"><input id="filter-option--Davidoff-8834572" name="filter-option--Davidoff-8834572" type="checkbox"><label class="checkbox-label" for="filter-option--Davidoff-8834572" title="Davidoff"><a class="filter-option--link" href="https://www.tesco.com/groceries/en-GB/shop/health-and-beauty/all?brand=Davidoff&amp;viewAll=brand"><span class="checkbox-square checkbox-square-linked"></span><span class="checkbox-check icon-tick-white"></span><span class="visually-hidden">Filter by</span><span class="filter-label--line--inline">Davidoff</span><span class="filter-label--line--inline">&nbsp;(1)</span></a></label></div></li><li class="filter-option__container" id="Dax" data-auto="filter-option" data-auto-selected="false"><div class="checkbox" data-auto="checkbox"><input id="filter-option--Dax-1772397" name="filter-option--Dax-1772397" type="checkbox"><label class="checkbox-label" for="filter-option--Dax-1772397" title="Dax"><a class="filter-option--link" href="https://www.tesco.com/groceries/en-GB/shop/health-and-beauty/all?brand=Dax&amp;viewAll=brand"><span class="checkbox-square checkbox-square-linked"></span><span class="checkbox-check icon-tick-white"></span><span class="visually-hidden">Filter by</span><span class="filter-label--line--inline">Dax</span><span class="filter-label--line--inline">&nbsp;(1)</span></a></label></div></li><li class="filter-option__container" id="Derma" data-auto="filter-option" data-auto-selected="false"><div class="checkbox" data-auto="checkbox"><input id="filter-option--Derma-4881117" name="filter-option--Derma-4881117" type="checkbox"><label class="checkbox-label" for="filter-option--Derma-4881117" title="Derma"><a class="filter-option--link" href="https://www.tesco.com/groceries/en-GB/shop/health-and-beauty/all?brand=Derma&amp;viewAll=brand"><span class="checkbox-square checkbox-square-linked"></span><span class="checkbox-check icon-tick-white"></span><span class="visually-hidden">Filter by</span><span class="filter-label--line--inline">Derma</span><span class="filter-label--line--inline">&nbsp;(1)</span></a></label></div></li><li class="filter-option__container" id="Derma Intensive+" data-auto="filter-option" data-auto-selected="false"><div class="checkbox" data-auto="checkbox"><input id="filter-option--Derma-Intensive+-732984" name="filter-option--Derma-Intensive+-732984" type="checkbox"><label class="checkbox-label" for="filter-option--Derma-Intensive+-732984" title="Derma Intensive+"><a class="filter-option--link" href="https://www.tesco.com/groceries/en-GB/shop/health-and-beauty/all?brand=Derma%20Intensive%2B&amp;viewAll=brand"><span class="checkbox-square checkbox-square-linked"></span><span class="checkbox-check icon-tick-white"></span><span class="visually-hidden">Filter by</span><span class="filter-label--line--block">Derma</span><span class="filter-label--line--inline filter-label--line--truncate">Intensive+</span><span class="filter-label--line--inline">&nbsp;(1)</span></a></label></div></li><li class="filter-option__container" id="Diprobase" data-auto="filter-option" data-auto-selected="false"><div class="checkbox" data-auto="checkbox"><input id="filter-option--Diprobase-6813212" name="filter-option--Diprobase-6813212" type="checkbox"><label class="checkbox-label" for="filter-option--Diprobase-6813212" title="Diprobase"><a class="filter-option--link" href="https://www.tesco.com/groceries/en-GB/shop/health-and-beauty/all?brand=Diprobase&amp;viewAll=brand"><span class="checkbox-square checkbox-square-linked"></span><span class="checkbox-check icon-tick-white"></span><span class="visually-hidden">Filter by</span><span class="filter-label--line--inline">Diprobase</span><span class="filter-label--line--inline">&nbsp;(1)</span></a></label></div></li><li class="filter-option__container" id="Dove Men+Care" data-auto="filter-option" data-auto-selected="false"><div class="checkbox" data-auto="checkbox"><input id="filter-option--Dove-Men+Care-4687276" name="filter-option--Dove-Men+Care-4687276" type="checkbox"><label class="checkbox-label" for="filter-option--Dove-Men+Care-4687276" title="Dove Men+Care"><a class="filter-option--link" href="https://www.tesco.com/groceries/en-GB/shop/health-and-beauty/all?brand=Dove%20Men%2BCare&amp;viewAll=brand"><span class="checkbox-square checkbox-square-linked"></span><span class="checkbox-check icon-tick-white"></span><span class="visually-hidden">Filter by</span><span class="filter-label--line--inline">Dove Men+Care</span><span class="filter-label--line--inline">&nbsp;(1)</span></a></label></div></li><li class="filter-option__container" id="Dr. Burn" data-auto="filter-option" data-auto-selected="false"><div class="checkbox" data-auto="checkbox"><input id="filter-option--Dr.-Burn-1642432" name="filter-option--Dr.-Burn-1642432" type="checkbox"><label class="checkbox-label" for="filter-option--Dr.-Burn-1642432" title="Dr. Burn"><a class="filter-option--link" href="https://www.tesco.com/groceries/en-GB/shop/health-and-beauty/all?brand=Dr.%20Burn&amp;viewAll=brand"><span class="checkbox-square checkbox-square-linked"></span><span class="checkbox-check icon-tick-white"></span><span class="visually-hidden">Filter by</span><span class="filter-label--line--inline">Dr. Burn</span><span class="filter-label--line--inline">&nbsp;(1)</span></a></label></div></li><li class="filter-option__container" id="Dulcolax" data-auto="filter-option" data-auto-selected="false"><div class="checkbox" data-auto="checkbox"><input id="filter-option--Dulcolax-6971273" name="filter-option--Dulcolax-6971273" type="checkbox"><label class="checkbox-label" for="filter-option--Dulcolax-6971273" title="Dulcolax"><a class="filter-option--link" href="https://www.tesco.com/groceries/en-GB/shop/health-and-beauty/all?brand=Dulcolax&amp;viewAll=brand"><span class="checkbox-square checkbox-square-linked"></span><span class="checkbox-check icon-tick-white"></span><span class="visually-hidden">Filter by</span><span class="filter-label--line--inline">Dulcolax</span><span class="filter-label--line--inline">&nbsp;(1)</span></a></label></div></li><li class="filter-option__container" id="Eco" data-auto="filter-option" data-auto-selected="false"><div class="checkbox" data-auto="checkbox"><input id="filter-option--Eco-599651" name="filter-option--Eco-599651" type="checkbox"><label class="checkbox-label" for="filter-option--Eco-599651" title="Eco"><a class="filter-option--link" href="https://www.tesco.com/groceries/en-GB/shop/health-and-beauty/all?brand=Eco&amp;viewAll=brand"><span class="checkbox-square checkbox-square-linked"></span><span class="checkbox-check icon-tick-white"></span><span class="visually-hidden">Filter by</span><span class="filter-label--line--inline">Eco</span><span class="filter-label--line--inline">&nbsp;(1)</span></a></label></div></li><li class="filter-option__container" id="Elizabeth Arden" data-auto="filter-option" data-auto-selected="false"><div class="checkbox" data-auto="checkbox"><input id="filter-option--Elizabeth-Arden-9600481" name="filter-option--Elizabeth-Arden-9600481" type="checkbox"><label class="checkbox-label" for="filter-option--Elizabeth-Arden-9600481" title="Elizabeth Arden"><a class="filter-option--link" href="https://www.tesco.com/groceries/en-GB/shop/health-and-beauty/all?brand=Elizabeth%20Arden&amp;viewAll=brand"><span class="checkbox-square checkbox-square-linked"></span><span class="checkbox-check icon-tick-white"></span><span class="visually-hidden">Filter by</span><span class="filter-label--line--block">Elizabeth</span><span class="filter-label--line--inline filter-label--line--truncate">Arden</span><span class="filter-label--line--inline">&nbsp;(1)</span></a></label></div></li><li class="filter-option__container" id="Feeling Beautifu" data-auto="filter-option" data-auto-selected="false"><div class="checkbox" data-auto="checkbox"><input id="filter-option--Feeling-Beautifu-5677587" name="filter-option--Feeling-Beautifu-5677587" type="checkbox"><label class="checkbox-label" for="filter-option--Feeling-Beautifu-5677587" title="Feeling Beautifu"><a class="filter-option--link" href="https://www.tesco.com/groceries/en-GB/shop/health-and-beauty/all?brand=Feeling%20Beautifu&amp;viewAll=brand"><span class="checkbox-square checkbox-square-linked"></span><span class="checkbox-check icon-tick-white"></span><span class="visually-hidden">Filter by</span><span class="filter-label--line--block">Feeling</span><span class="filter-label--line--inline filter-label--line--truncate">Beautifu</span><span class="filter-label--line--inline">&nbsp;(1)</span></a></label></div></li><li class="filter-option__container" id="Feminax" data-auto="filter-option" data-auto-selected="false"><div class="checkbox" data-auto="checkbox"><input id="filter-option--Feminax-7319198" name="filter-option--Feminax-7319198" type="checkbox"><label class="checkbox-label" for="filter-option--Feminax-7319198" title="Feminax"><a class="filter-option--link" href="https://www.tesco.com/groceries/en-GB/shop/health-and-beauty/all?brand=Feminax&amp;viewAll=brand"><span class="checkbox-square checkbox-square-linked"></span><span class="checkbox-check icon-tick-white"></span><span class="visually-hidden">Filter by</span><span class="filter-label--line--inline">Feminax</span><span class="filter-label--line--inline">&nbsp;(1)</span></a></label></div></li><li class="filter-option__container" id="Feroglobin" data-auto="filter-option" data-auto-selected="false"><div class="checkbox" data-auto="checkbox"><input id="filter-option--Feroglobin-863965" name="filter-option--Feroglobin-863965" type="checkbox"><label class="checkbox-label" for="filter-option--Feroglobin-863965" title="Feroglobin"><a class="filter-option--link" href="https://www.tesco.com/groceries/en-GB/shop/health-and-beauty/all?brand=Feroglobin&amp;viewAll=brand"><span class="checkbox-square checkbox-square-linked"></span><span class="checkbox-check icon-tick-white"></span><span class="visually-hidden">Filter by</span><span class="filter-label--line--inline">Feroglobin</span><span class="filter-label--line--inline">&nbsp;(1)</span></a></label></div></li><li class="filter-option__container" id="Flarin" data-auto="filter-option" data-auto-selected="false"><div class="checkbox" data-auto="checkbox"><input id="filter-option--Flarin-8744284" name="filter-option--Flarin-8744284" type="checkbox"><label class="checkbox-label" for="filter-option--Flarin-8744284" title="Flarin"><a class="filter-option--link" href="https://www.tesco.com/groceries/en-GB/shop/health-and-beauty/all?brand=Flarin&amp;viewAll=brand"><span class="checkbox-square checkbox-square-linked"></span><span class="checkbox-check icon-tick-white"></span><span class="visually-hidden">Filter by</span><span class="filter-label--line--inline">Flarin</span><span class="filter-label--line--inline">&nbsp;(1)</span></a></label></div></li><li class="filter-option__container" id="Fox &amp; Ivy" data-auto="filter-option" data-auto-selected="false"><div class="checkbox" data-auto="checkbox"><input id="filter-option--Fox-Ivy-6996579" name="filter-option--Fox-Ivy-6996579" type="checkbox"><label class="checkbox-label" for="filter-option--Fox-Ivy-6996579" title="Fox &amp; Ivy"><a class="filter-option--link" href="https://www.tesco.com/groceries/en-GB/shop/health-and-beauty/all?brand=Fox%20%26%20Ivy&amp;viewAll=brand"><span class="checkbox-square checkbox-square-linked"></span><span class="checkbox-check icon-tick-white"></span><span class="visually-hidden">Filter by</span><span class="filter-label--line--inline">Fox &amp; Ivy</span><span class="filter-label--line--inline">&nbsp;(1)</span></a></label></div></li><li class="filter-option__container" id="Fred &amp; Flo" data-auto="filter-option" data-auto-selected="false"><div class="checkbox" data-auto="checkbox"><input id="filter-option--Fred-Flo-8928281" name="filter-option--Fred-Flo-8928281" type="checkbox"><label class="checkbox-label" for="filter-option--Fred-Flo-8928281" title="Fred &amp; Flo"><a class="filter-option--link" href="https://www.tesco.com/groceries/en-GB/shop/health-and-beauty/all?brand=Fred%20%26%20Flo&amp;viewAll=brand"><span class="checkbox-square checkbox-square-linked"></span><span class="checkbox-check icon-tick-white"></span><span class="visually-hidden">Filter by</span><span class="filter-label--line--inline">Fred &amp; Flo</span><span class="filter-label--line--inline">&nbsp;(1)</span></a></label></div></li><li class="filter-option__container" id="Full Marks" data-auto="filter-option" data-auto-selected="false"><div class="checkbox" data-auto="checkbox"><input id="filter-option--Full-Marks-586003" name="filter-option--Full-Marks-586003" type="checkbox"><label class="checkbox-label" for="filter-option--Full-Marks-586003" title="Full Marks"><a class="filter-option--link" href="https://www.tesco.com/groceries/en-GB/shop/health-and-beauty/all?brand=Full%20Marks&amp;viewAll=brand"><span class="checkbox-square checkbox-square-linked"></span><span class="checkbox-check icon-tick-white"></span><span class="visually-hidden">Filter by</span><span class="filter-label--line--inline">Full Marks</span><span class="filter-label--line--inline">&nbsp;(1)</span></a></label></div></li><li class="filter-option__container" id="Funky Farm" data-auto="filter-option" data-auto-selected="false"><div class="checkbox" data-auto="checkbox"><input id="filter-option--Funky-Farm-9746564" name="filter-option--Funky-Farm-9746564" type="checkbox"><label class="checkbox-label" for="filter-option--Funky-Farm-9746564" title="Funky Farm"><a class="filter-option--link" href="https://www.tesco.com/groceries/en-GB/shop/health-and-beauty/all?brand=Funky%20Farm&amp;viewAll=brand"><span class="checkbox-square checkbox-square-linked"></span><span class="checkbox-check icon-tick-white"></span><span class="visually-hidden">Filter by</span><span class="filter-label--line--inline">Funky Farm</span><span class="filter-label--line--inline">&nbsp;(1)</span></a></label></div></li><li class="filter-option__container" id="Germolene" data-auto="filter-option" data-auto-selected="false"><div class="checkbox" data-auto="checkbox"><input id="filter-option--Germolene-8955853" name="filter-option--Germolene-8955853" type="checkbox"><label class="checkbox-label" for="filter-option--Germolene-8955853" title="Germolene"><a class="filter-option--link" href="https://www.tesco.com/groceries/en-GB/shop/health-and-beauty/all?brand=Germolene&amp;viewAll=brand"><span class="checkbox-square checkbox-square-linked"></span><span class="checkbox-check icon-tick-white"></span><span class="visually-hidden">Filter by</span><span class="filter-label--line--inline">Germolene</span><span class="filter-label--line--inline">&nbsp;(1)</span></a></label></div></li><li class="filter-option__container" id="Gopo" data-auto="filter-option" data-auto-selected="false"><div class="checkbox" data-auto="checkbox"><input id="filter-option--Gopo-8960115" name="filter-option--Gopo-8960115" type="checkbox"><label class="checkbox-label" for="filter-option--Gopo-8960115" title="Gopo"><a class="filter-option--link" href="https://www.tesco.com/groceries/en-GB/shop/health-and-beauty/all?brand=Gopo&amp;viewAll=brand"><span class="checkbox-square checkbox-square-linked"></span><span class="checkbox-check icon-tick-white"></span><span class="visually-hidden">Filter by</span><span class="filter-label--line--inline">Gopo</span><span class="filter-label--line--inline">&nbsp;(1)</span></a></label></div></li><li class="filter-option__container" id="Guardium" data-auto="filter-option" data-auto-selected="false"><div class="checkbox" data-auto="checkbox"><input id="filter-option--Guardium-1297770" name="filter-option--Guardium-1297770" type="checkbox"><label class="checkbox-label" for="filter-option--Guardium-1297770" title="Guardium"><a class="filter-option--link" href="https://www.tesco.com/groceries/en-GB/shop/health-and-beauty/all?brand=Guardium&amp;viewAll=brand"><span class="checkbox-square checkbox-square-linked"></span><span class="checkbox-check icon-tick-white"></span><span class="visually-hidden">Filter by</span><span class="filter-label--line--inline">Guardium</span><span class="filter-label--line--inline">&nbsp;(1)</span></a></label></div></li><li class="filter-option__container" id="Hairburst" data-auto="filter-option" data-auto-selected="false"><div class="checkbox" data-auto="checkbox"><input id="filter-option--Hairburst-6289901" name="filter-option--Hairburst-6289901" type="checkbox"><label class="checkbox-label" for="filter-option--Hairburst-6289901" title="Hairburst"><a class="filter-option--link" href="https://www.tesco.com/groceries/en-GB/shop/health-and-beauty/all?brand=Hairburst&amp;viewAll=brand"><span class="checkbox-square checkbox-square-linked"></span><span class="checkbox-check icon-tick-white"></span><span class="visually-hidden">Filter by</span><span class="filter-label--line--inline">Hairburst</span><span class="filter-label--line--inline">&nbsp;(1)</span></a></label></div></li><li class="filter-option__container" id="Heal" data-auto="filter-option" data-auto-selected="false"><div class="checkbox" data-auto="checkbox"><input id="filter-option--Heal-5945915" name="filter-option--Heal-5945915" type="checkbox"><label class="checkbox-label" for="filter-option--Heal-5945915" title="Heal"><a class="filter-option--link" href="https://www.tesco.com/groceries/en-GB/shop/health-and-beauty/all?brand=Heal&amp;viewAll=brand"><span class="checkbox-square checkbox-square-linked"></span><span class="checkbox-check icon-tick-white"></span><span class="visually-hidden">Filter by</span><span class="filter-label--line--inline">Heal</span><span class="filter-label--line--inline">&nbsp;(1)</span></a></label></div></li><li class="filter-option__container" id="Hilltop Honey" data-auto="filter-option" data-auto-selected="false"><div class="checkbox" data-auto="checkbox"><input id="filter-option--Hilltop-Honey-1257661" name="filter-option--Hilltop-Honey-1257661" type="checkbox"><label class="checkbox-label" for="filter-option--Hilltop-Honey-1257661" title="Hilltop Honey"><a class="filter-option--link" href="https://www.tesco.com/groceries/en-GB/shop/health-and-beauty/all?brand=Hilltop%20Honey&amp;viewAll=brand"><span class="checkbox-square checkbox-square-linked"></span><span class="checkbox-check icon-tick-white"></span><span class="visually-hidden">Filter by</span><span class="filter-label--line--inline">Hilltop Honey</span><span class="filter-label--line--inline">&nbsp;(1)</span></a></label></div></li><li class="filter-option__container" id="Ibuleve" data-auto="filter-option" data-auto-selected="false"><div class="checkbox" data-auto="checkbox"><input id="filter-option--Ibuleve-5799171" name="filter-option--Ibuleve-5799171" type="checkbox"><label class="checkbox-label" for="filter-option--Ibuleve-5799171" title="Ibuleve"><a class="filter-option--link" href="https://www.tesco.com/groceries/en-GB/shop/health-and-beauty/all?brand=Ibuleve&amp;viewAll=brand"><span class="checkbox-square checkbox-square-linked"></span><span class="checkbox-check icon-tick-white"></span><span class="visually-hidden">Filter by</span><span class="filter-label--line--inline">Ibuleve</span><span class="filter-label--line--inline">&nbsp;(1)</span></a></label></div></li><li class="filter-option__container" id="Jimmy Choo" data-auto="filter-option" data-auto-selected="false"><div class="checkbox" data-auto="checkbox"><input id="filter-option--Jimmy-Choo-2280524" name="filter-option--Jimmy-Choo-2280524" type="checkbox"><label class="checkbox-label" for="filter-option--Jimmy-Choo-2280524" title="Jimmy Choo"><a class="filter-option--link" href="https://www.tesco.com/groceries/en-GB/shop/health-and-beauty/all?brand=Jimmy%20Choo&amp;viewAll=brand"><span class="checkbox-square checkbox-square-linked"></span><span class="checkbox-check icon-tick-white"></span><span class="visually-hidden">Filter by</span><span class="filter-label--line--inline">Jimmy Choo</span><span class="filter-label--line--inline">&nbsp;(1)</span></a></label></div></li><li class="filter-option__container" id="Katy Perry" data-auto="filter-option" data-auto-selected="false"><div class="checkbox" data-auto="checkbox"><input id="filter-option--Katy-Perry-2556668" name="filter-option--Katy-Perry-2556668" type="checkbox"><label class="checkbox-label" for="filter-option--Katy-Perry-2556668" title="Katy Perry"><a class="filter-option--link" href="https://www.tesco.com/groceries/en-GB/shop/health-and-beauty/all?brand=Katy%20Perry&amp;viewAll=brand"><span class="checkbox-square checkbox-square-linked"></span><span class="checkbox-check icon-tick-white"></span><span class="visually-hidden">Filter by</span><span class="filter-label--line--inline">Katy Perry</span><span class="filter-label--line--inline">&nbsp;(1)</span></a></label></div></li><li class="filter-option__container" id="Keronics" data-auto="filter-option" data-auto-selected="false"><div class="checkbox" data-auto="checkbox"><input id="filter-option--Keronics-7820718" name="filter-option--Keronics-7820718" type="checkbox"><label class="checkbox-label" for="filter-option--Keronics-7820718" title="Keronics"><a class="filter-option--link" href="https://www.tesco.com/groceries/en-GB/shop/health-and-beauty/all?brand=Keronics&amp;viewAll=brand"><span class="checkbox-square checkbox-square-linked"></span><span class="checkbox-check icon-tick-white"></span><span class="visually-hidden">Filter by</span><span class="filter-label--line--inline">Keronics</span><span class="filter-label--line--inline">&nbsp;(1)</span></a></label></div></li><li class="filter-option__container" id="Kool&#39;n&#39;soothe" data-auto="filter-option" data-auto-selected="false"><div class="checkbox" data-auto="checkbox"><input id="filter-option--Kool&#39;n&#39;soothe-7658127" name="filter-option--Kool&#39;n&#39;soothe-7658127" type="checkbox"><label class="checkbox-label" for="filter-option--Kool&#39;n&#39;soothe-7658127" title="Kool&#39;n&#39;soothe"><a class="filter-option--link" href="https://www.tesco.com/groceries/en-GB/shop/health-and-beauty/all?brand=Kool%27n%27soothe&amp;viewAll=brand"><span class="checkbox-square checkbox-square-linked"></span><span class="checkbox-check icon-tick-white"></span><span class="visually-hidden">Filter by</span><span class="filter-label--line--inline">Kool'n'soothe</span><span class="filter-label--line--inline">&nbsp;(1)</span></a></label></div></li><li class="filter-option__container" id="Ky" data-auto="filter-option" data-auto-selected="false"><div class="checkbox" data-auto="checkbox"><input id="filter-option--Ky-2823332" name="filter-option--Ky-2823332" type="checkbox"><label class="checkbox-label" for="filter-option--Ky-2823332" title="Ky"><a class="filter-option--link" href="https://www.tesco.com/groceries/en-GB/shop/health-and-beauty/all?brand=Ky&amp;viewAll=brand"><span class="checkbox-square checkbox-square-linked"></span><span class="checkbox-check icon-tick-white"></span><span class="visually-hidden">Filter by</span><span class="filter-label--line--inline">Ky</span><span class="filter-label--line--inline">&nbsp;(1)</span></a></label></div></li><li class="filter-option__container" id="Lamisil" data-auto="filter-option" data-auto-selected="false"><div class="checkbox" data-auto="checkbox"><input id="filter-option--Lamisil-122642" name="filter-option--Lamisil-122642" type="checkbox"><label class="checkbox-label" for="filter-option--Lamisil-122642" title="Lamisil"><a class="filter-option--link" href="https://www.tesco.com/groceries/en-GB/shop/health-and-beauty/all?brand=Lamisil&amp;viewAll=brand"><span class="checkbox-square checkbox-square-linked"></span><span class="checkbox-check icon-tick-white"></span><span class="visually-hidden">Filter by</span><span class="filter-label--line--inline">Lamisil</span><span class="filter-label--line--inline">&nbsp;(1)</span></a></label></div></li><li class="filter-option__container" id="Lanacane" data-auto="filter-option" data-auto-selected="false"><div class="checkbox" data-auto="checkbox"><input id="filter-option--Lanacane-753782" name="filter-option--Lanacane-753782" type="checkbox"><label class="checkbox-label" for="filter-option--Lanacane-753782" title="Lanacane"><a class="filter-option--link" href="https://www.tesco.com/groceries/en-GB/shop/health-and-beauty/all?brand=Lanacane&amp;viewAll=brand"><span class="checkbox-square checkbox-square-linked"></span><span class="checkbox-check icon-tick-white"></span><span class="visually-hidden">Filter by</span><span class="filter-label--line--inline">Lanacane</span><span class="filter-label--line--inline">&nbsp;(1)</span></a></label></div></li><li class="filter-option__container" id="Lanes" data-auto="filter-option" data-auto-selected="false"><div class="checkbox" data-auto="checkbox"><input id="filter-option--Lanes-495529" name="filter-option--Lanes-495529" type="checkbox"><label class="checkbox-label" for="filter-option--Lanes-495529" title="Lanes"><a class="filter-option--link" href="https://www.tesco.com/groceries/en-GB/shop/health-and-beauty/all?brand=Lanes&amp;viewAll=brand"><span class="checkbox-square checkbox-square-linked"></span><span class="checkbox-check icon-tick-white"></span><span class="visually-hidden">Filter by</span><span class="filter-label--line--inline">Lanes</span><span class="filter-label--line--inline">&nbsp;(1)</span></a></label></div></li><li class="filter-option__container" id="Loritax" data-auto="filter-option" data-auto-selected="false"><div class="checkbox" data-auto="checkbox"><input id="filter-option--Loritax-1327789" name="filter-option--Loritax-1327789" type="checkbox"><label class="checkbox-label" for="filter-option--Loritax-1327789" title="Loritax"><a class="filter-option--link" href="https://www.tesco.com/groceries/en-GB/shop/health-and-beauty/all?brand=Loritax&amp;viewAll=brand"><span class="checkbox-square checkbox-square-linked"></span><span class="checkbox-check icon-tick-white"></span><span class="visually-hidden">Filter by</span><span class="filter-label--line--inline">Loritax</span><span class="filter-label--line--inline">&nbsp;(1)</span></a></label></div></li><li class="filter-option__container" id="Lornamead" data-auto="filter-option" data-auto-selected="false"><div class="checkbox" data-auto="checkbox"><input id="filter-option--Lornamead-3309545" name="filter-option--Lornamead-3309545" type="checkbox"><label class="checkbox-label" for="filter-option--Lornamead-3309545" title="Lornamead"><a class="filter-option--link" href="https://www.tesco.com/groceries/en-GB/shop/health-and-beauty/all?brand=Lornamead&amp;viewAll=brand"><span class="checkbox-square checkbox-square-linked"></span><span class="checkbox-check icon-tick-white"></span><span class="visually-hidden">Filter by</span><span class="filter-label--line--inline">Lornamead</span><span class="filter-label--line--inline">&nbsp;(1)</span></a></label></div></li><li class="filter-option__container" id="Lyclear" data-auto="filter-option" data-auto-selected="false"><div class="checkbox" data-auto="checkbox"><input id="filter-option--Lyclear-1219168" name="filter-option--Lyclear-1219168" type="checkbox"><label class="checkbox-label" for="filter-option--Lyclear-1219168" title="Lyclear"><a class="filter-option--link" href="https://www.tesco.com/groceries/en-GB/shop/health-and-beauty/all?brand=Lyclear&amp;viewAll=brand"><span class="checkbox-square checkbox-square-linked"></span><span class="checkbox-check icon-tick-white"></span><span class="visually-hidden">Filter by</span><span class="filter-label--line--inline">Lyclear</span><span class="filter-label--line--inline">&nbsp;(1)</span></a></label></div></li><li class="filter-option__container" id="Megsmenopause" data-auto="filter-option" data-auto-selected="false"><div class="checkbox" data-auto="checkbox"><input id="filter-option--Megsmenopause-1121960" name="filter-option--Megsmenopause-1121960" type="checkbox"><label class="checkbox-label" for="filter-option--Megsmenopause-1121960" title="Megsmenopause"><a class="filter-option--link" href="https://www.tesco.com/groceries/en-GB/shop/health-and-beauty/all?brand=Megsmenopause&amp;viewAll=brand"><span class="checkbox-square checkbox-square-linked"></span><span class="checkbox-check icon-tick-white"></span><span class="visually-hidden">Filter by</span><span class="filter-label--line--inline">Megsmenopause</span><span class="filter-label--line--inline">&nbsp;(1)</span></a></label></div></li><li class="filter-option__container" id="Mendurance" data-auto="filter-option" data-auto-selected="false"><div class="checkbox" data-auto="checkbox"><input id="filter-option--Mendurance-3875895" name="filter-option--Mendurance-3875895" type="checkbox"><label class="checkbox-label" for="filter-option--Mendurance-3875895" title="Mendurance"><a class="filter-option--link" href="https://www.tesco.com/groceries/en-GB/shop/health-and-beauty/all?brand=Mendurance&amp;viewAll=brand"><span class="checkbox-square checkbox-square-linked"></span><span class="checkbox-check icon-tick-white"></span><span class="visually-hidden">Filter by</span><span class="filter-label--line--inline">Mendurance</span><span class="filter-label--line--inline">&nbsp;(1)</span></a></label></div></li><li class="filter-option__container" id="Milkaid" data-auto="filter-option" data-auto-selected="false"><div class="checkbox" data-auto="checkbox"><input id="filter-option--Milkaid-3296296" name="filter-option--Milkaid-3296296" type="checkbox"><label class="checkbox-label" for="filter-option--Milkaid-3296296" title="Milkaid"><a class="filter-option--link" href="https://www.tesco.com/groceries/en-GB/shop/health-and-beauty/all?brand=Milkaid&amp;viewAll=brand"><span class="checkbox-square checkbox-square-linked"></span><span class="checkbox-check icon-tick-white"></span><span class="visually-hidden">Filter by</span><span class="filter-label--line--inline">Milkaid</span><span class="filter-label--line--inline">&nbsp;(1)</span></a></label></div></li><li class="filter-option__container" id="Millet" data-auto="filter-option" data-auto-selected="false"><div class="checkbox" data-auto="checkbox"><input id="filter-option--Millet-5297564" name="filter-option--Millet-5297564" type="checkbox"><label class="checkbox-label" for="filter-option--Millet-5297564" title="Millet"><a class="filter-option--link" href="https://www.tesco.com/groceries/en-GB/shop/health-and-beauty/all?brand=Millet&amp;viewAll=brand"><span class="checkbox-square checkbox-square-linked"></span><span class="checkbox-check icon-tick-white"></span><span class="visually-hidden">Filter by</span><span class="filter-label--line--inline">Millet</span><span class="filter-label--line--inline">&nbsp;(1)</span></a></label></div></li><li class="filter-option__container" id="Nailner" data-auto="filter-option" data-auto-selected="false"><div class="checkbox" data-auto="checkbox"><input id="filter-option--Nailner-6140107" name="filter-option--Nailner-6140107" type="checkbox"><label class="checkbox-label" for="filter-option--Nailner-6140107" title="Nailner"><a class="filter-option--link" href="https://www.tesco.com/groceries/en-GB/shop/health-and-beauty/all?brand=Nailner&amp;viewAll=brand"><span class="checkbox-square checkbox-square-linked"></span><span class="checkbox-check icon-tick-white"></span><span class="visually-hidden">Filter by</span><span class="filter-label--line--inline">Nailner</span><span class="filter-label--line--inline">&nbsp;(1)</span></a></label></div></li><li class="filter-option__container" id="Nasofed" data-auto="filter-option" data-auto-selected="false"><div class="checkbox" data-auto="checkbox"><input id="filter-option--Nasofed-8684909" name="filter-option--Nasofed-8684909" type="checkbox"><label class="checkbox-label" for="filter-option--Nasofed-8684909" title="Nasofed"><a class="filter-option--link" href="https://www.tesco.com/groceries/en-GB/shop/health-and-beauty/all?brand=Nasofed&amp;viewAll=brand"><span class="checkbox-square checkbox-square-linked"></span><span class="checkbox-check icon-tick-white"></span><span class="visually-hidden">Filter by</span><span class="filter-label--line--inline">Nasofed</span><span class="filter-label--line--inline">&nbsp;(1)</span></a></label></div></li><li class="filter-option__container" id="Natural Extracts" data-auto="filter-option" data-auto-selected="false"><div class="checkbox" data-auto="checkbox"><input id="filter-option--Natural-Extracts-8618180" name="filter-option--Natural-Extracts-8618180" type="checkbox"><label class="checkbox-label" for="filter-option--Natural-Extracts-8618180" title="Natural Extracts"><a class="filter-option--link" href="https://www.tesco.com/groceries/en-GB/shop/health-and-beauty/all?brand=Natural%20Extracts&amp;viewAll=brand"><span class="checkbox-square checkbox-square-linked"></span><span class="checkbox-check icon-tick-white"></span><span class="visually-hidden">Filter by</span><span class="filter-label--line--block">Natural</span><span class="filter-label--line--inline filter-label--line--truncate">Extracts</span><span class="filter-label--line--inline">&nbsp;(1)</span></a></label></div></li><li class="filter-option__container" id="Nitty Gritty" data-auto="filter-option" data-auto-selected="false"><div class="checkbox" data-auto="checkbox"><input id="filter-option--Nitty-Gritty-3937287" name="filter-option--Nitty-Gritty-3937287" type="checkbox"><label class="checkbox-label" for="filter-option--Nitty-Gritty-3937287" title="Nitty Gritty"><a class="filter-option--link" href="https://www.tesco.com/groceries/en-GB/shop/health-and-beauty/all?brand=Nitty%20Gritty&amp;viewAll=brand"><span class="checkbox-square checkbox-square-linked"></span><span class="checkbox-check icon-tick-white"></span><span class="visually-hidden">Filter by</span><span class="filter-label--line--inline">Nitty Gritty</span><span class="filter-label--line--inline">&nbsp;(1)</span></a></label></div></li><li class="filter-option__container" id="Nuromol" data-auto="filter-option" data-auto-selected="false"><div class="checkbox" data-auto="checkbox"><input id="filter-option--Nuromol-6140663" name="filter-option--Nuromol-6140663" type="checkbox"><label class="checkbox-label" for="filter-option--Nuromol-6140663" title="Nuromol"><a class="filter-option--link" href="https://www.tesco.com/groceries/en-GB/shop/health-and-beauty/all?brand=Nuromol&amp;viewAll=brand"><span class="checkbox-square checkbox-square-linked"></span><span class="checkbox-check icon-tick-white"></span><span class="visually-hidden">Filter by</span><span class="filter-label--line--inline">Nuromol</span><span class="filter-label--line--inline">&nbsp;(1)</span></a></label></div></li><li class="filter-option__container" id="O Hara" data-auto="filter-option" data-auto-selected="false"><div class="checkbox" data-auto="checkbox"><input id="filter-option--O-Hara-786680" name="filter-option--O-Hara-786680" type="checkbox"><label class="checkbox-label" for="filter-option--O-Hara-786680" title="O Hara"><a class="filter-option--link" href="https://www.tesco.com/groceries/en-GB/shop/health-and-beauty/all?brand=O%20Hara&amp;viewAll=brand"><span class="checkbox-square checkbox-square-linked"></span><span class="checkbox-check icon-tick-white"></span><span class="visually-hidden">Filter by</span><span class="filter-label--line--inline">O Hara</span><span class="filter-label--line--inline">&nbsp;(1)</span></a></label></div></li><li class="filter-option__container" id="O Keeffes" data-auto="filter-option" data-auto-selected="false"><div class="checkbox" data-auto="checkbox"><input id="filter-option--O-Keeffes-8464084" name="filter-option--O-Keeffes-8464084" type="checkbox"><label class="checkbox-label" for="filter-option--O-Keeffes-8464084" title="O Keeffes"><a class="filter-option--link" href="https://www.tesco.com/groceries/en-GB/shop/health-and-beauty/all?brand=O%20Keeffes&amp;viewAll=brand"><span class="checkbox-square checkbox-square-linked"></span><span class="checkbox-check icon-tick-white"></span><span class="visually-hidden">Filter by</span><span class="filter-label--line--inline">O Keeffes</span><span class="filter-label--line--inline">&nbsp;(1)</span></a></label></div></li><li class="filter-option__container" id="Oilatum" data-auto="filter-option" data-auto-selected="false"><div class="checkbox" data-auto="checkbox"><input id="filter-option--Oilatum-8698869" name="filter-option--Oilatum-8698869" type="checkbox"><label class="checkbox-label" for="filter-option--Oilatum-8698869" title="Oilatum"><a class="filter-option--link" href="https://www.tesco.com/groceries/en-GB/shop/health-and-beauty/all?brand=Oilatum&amp;viewAll=brand"><span class="checkbox-square checkbox-square-linked"></span><span class="checkbox-check icon-tick-white"></span><span class="visually-hidden">Filter by</span><span class="filter-label--line--inline">Oilatum</span><span class="filter-label--line--inline">&nbsp;(1)</span></a></label></div></li><li class="filter-option__container" id="Opti-Free" data-auto="filter-option" data-auto-selected="false"><div class="checkbox" data-auto="checkbox"><input id="filter-option--Opti-Free-9151055" name="filter-option--Opti-Free-9151055" type="checkbox"><label class="checkbox-label" for="filter-option--Opti-Free-9151055" title="Opti-Free"><a class="filter-option--link" href="https://www.tesco.com/groceries/en-GB/shop/health-and-beauty/all?brand=Opti-Free&amp;viewAll=brand"><span class="checkbox-square checkbox-square-linked"></span><span class="checkbox-check icon-tick-white"></span><span class="visually-hidden">Filter by</span><span class="filter-label--line--inline">Opti-Free</span><span class="filter-label--line--inline">&nbsp;(1)</span></a></label></div></li><li class="filter-option__container" id="Opticrom" data-auto="filter-option" data-auto-selected="false"><div class="checkbox" data-auto="checkbox"><input id="filter-option--Opticrom-3263840" name="filter-option--Opticrom-3263840" type="checkbox"><label class="checkbox-label" for="filter-option--Opticrom-3263840" title="Opticrom"><a class="filter-option--link" href="https://www.tesco.com/groceries/en-GB/shop/health-and-beauty/all?brand=Opticrom&amp;viewAll=brand"><span class="checkbox-square checkbox-square-linked"></span><span class="checkbox-check icon-tick-white"></span><span class="visually-hidden">Filter by</span><span class="filter-label--line--inline">Opticrom</span><span class="filter-label--line--inline">&nbsp;(1)</span></a></label></div></li><li class="filter-option__container" id="Oragel" data-auto="filter-option" data-auto-selected="false"><div class="checkbox" data-auto="checkbox"><input id="filter-option--Oragel-4000798" name="filter-option--Oragel-4000798" type="checkbox"><label class="checkbox-label" for="filter-option--Oragel-4000798" title="Oragel"><a class="filter-option--link" href="https://www.tesco.com/groceries/en-GB/shop/health-and-beauty/all?brand=Oragel&amp;viewAll=brand"><span class="checkbox-square checkbox-square-linked"></span><span class="checkbox-check icon-tick-white"></span><span class="visually-hidden">Filter by</span><span class="filter-label--line--inline">Oragel</span><span class="filter-label--line--inline">&nbsp;(1)</span></a></label></div></li><li class="filter-option__container" id="P20" data-auto="filter-option" data-auto-selected="false"><div class="checkbox" data-auto="checkbox"><input id="filter-option--P20-864258" name="filter-option--P20-864258" type="checkbox"><label class="checkbox-label" for="filter-option--P20-864258" title="P20"><a class="filter-option--link" href="https://www.tesco.com/groceries/en-GB/shop/health-and-beauty/all?brand=P20&amp;viewAll=brand"><span class="checkbox-square checkbox-square-linked"></span><span class="checkbox-check icon-tick-white"></span><span class="visually-hidden">Filter by</span><span class="filter-label--line--inline">P20</span><span class="filter-label--line--inline">&nbsp;(1)</span></a></label></div></li><li class="filter-option__container" id="Paco Rabanne" data-auto="filter-option" data-auto-selected="false"><div class="checkbox" data-auto="checkbox"><input id="filter-option--Paco-Rabanne-2934714" name="filter-option--Paco-Rabanne-2934714" type="checkbox"><label class="checkbox-label" for="filter-option--Paco-Rabanne-2934714" title="Paco Rabanne"><a class="filter-option--link" href="https://www.tesco.com/groceries/en-GB/shop/health-and-beauty/all?brand=Paco%20Rabanne&amp;viewAll=brand"><span class="checkbox-square checkbox-square-linked"></span><span class="checkbox-check icon-tick-white"></span><span class="visually-hidden">Filter by</span><span class="filter-label--line--inline">Paco Rabanne</span><span class="filter-label--line--inline">&nbsp;(1)</span></a></label></div></li><li class="filter-option__container" id="Paks" data-auto="filter-option" data-auto-selected="false"><div class="checkbox" data-auto="checkbox"><input id="filter-option--Paks-3021524" name="filter-option--Paks-3021524" type="checkbox"><label class="checkbox-label" for="filter-option--Paks-3021524" title="Paks"><a class="filter-option--link" href="https://www.tesco.com/groceries/en-GB/shop/health-and-beauty/all?brand=Paks&amp;viewAll=brand"><span class="checkbox-square checkbox-square-linked"></span><span class="checkbox-check icon-tick-white"></span><span class="visually-hidden">Filter by</span><span class="filter-label--line--inline">Paks</span><span class="filter-label--line--inline">&nbsp;(1)</span></a></label></div></li><li class="filter-option__container" id="Peppa Pig" data-auto="filter-option" data-auto-selected="false"><div class="checkbox" data-auto="checkbox"><input id="filter-option--Peppa-Pig-8536626" name="filter-option--Peppa-Pig-8536626" type="checkbox"><label class="checkbox-label" for="filter-option--Peppa-Pig-8536626" title="Peppa Pig"><a class="filter-option--link" href="https://www.tesco.com/groceries/en-GB/shop/health-and-beauty/all?brand=Peppa%20Pig&amp;viewAll=brand"><span class="checkbox-square checkbox-square-linked"></span><span class="checkbox-check icon-tick-white"></span><span class="visually-hidden">Filter by</span><span class="filter-label--line--inline">Peppa Pig</span><span class="filter-label--line--inline">&nbsp;(1)</span></a></label></div></li><li class="filter-option__container" id="Perfectil" data-auto="filter-option" data-auto-selected="false"><div class="checkbox" data-auto="checkbox"><input id="filter-option--Perfectil-4510021" name="filter-option--Perfectil-4510021" type="checkbox"><label class="checkbox-label" for="filter-option--Perfectil-4510021" title="Perfectil"><a class="filter-option--link" href="https://www.tesco.com/groceries/en-GB/shop/health-and-beauty/all?brand=Perfectil&amp;viewAll=brand"><span class="checkbox-square checkbox-square-linked"></span><span class="checkbox-check icon-tick-white"></span><span class="visually-hidden">Filter by</span><span class="filter-label--line--inline">Perfectil</span><span class="filter-label--line--inline">&nbsp;(1)</span></a></label></div></li><li class="filter-option__container" id="Perspirex" data-auto="filter-option" data-auto-selected="false"><div class="checkbox" data-auto="checkbox"><input id="filter-option--Perspirex-9042389" name="filter-option--Perspirex-9042389" type="checkbox"><label class="checkbox-label" for="filter-option--Perspirex-9042389" title="Perspirex"><a class="filter-option--link" href="https://www.tesco.com/groceries/en-GB/shop/health-and-beauty/all?brand=Perspirex&amp;viewAll=brand"><span class="checkbox-square checkbox-square-linked"></span><span class="checkbox-check icon-tick-white"></span><span class="visually-hidden">Filter by</span><span class="filter-label--line--inline">Perspirex</span><span class="filter-label--line--inline">&nbsp;(1)</span></a></label></div></li><li class="filter-option__container" id="Pirinase" data-auto="filter-option" data-auto-selected="false"><div class="checkbox" data-auto="checkbox"><input id="filter-option--Pirinase-9431273" name="filter-option--Pirinase-9431273" type="checkbox"><label class="checkbox-label" for="filter-option--Pirinase-9431273" title="Pirinase"><a class="filter-option--link" href="https://www.tesco.com/groceries/en-GB/shop/health-and-beauty/all?brand=Pirinase&amp;viewAll=brand"><span class="checkbox-square checkbox-square-linked"></span><span class="checkbox-check icon-tick-white"></span><span class="visually-hidden">Filter by</span><span class="filter-label--line--inline">Pirinase</span><span class="filter-label--line--inline">&nbsp;(1)</span></a></label></div></li><li class="filter-option__container" id="Pirinatural" data-auto="filter-option" data-auto-selected="false"><div class="checkbox" data-auto="checkbox"><input id="filter-option--Pirinatural-3781589" name="filter-option--Pirinatural-3781589" type="checkbox"><label class="checkbox-label" for="filter-option--Pirinatural-3781589" title="Pirinatural"><a class="filter-option--link" href="https://www.tesco.com/groceries/en-GB/shop/health-and-beauty/all?brand=Pirinatural&amp;viewAll=brand"><span class="checkbox-square checkbox-square-linked"></span><span class="checkbox-check icon-tick-white"></span><span class="visually-hidden">Filter by</span><span class="filter-label--line--inline">Pirinatural</span><span class="filter-label--line--inline">&nbsp;(1)</span></a></label></div></li><li class="filter-option__container" id="Prebio 7" data-auto="filter-option" data-auto-selected="false"><div class="checkbox" data-auto="checkbox"><input id="filter-option--Prebio-7-6812594" name="filter-option--Prebio-7-6812594" type="checkbox"><label class="checkbox-label" for="filter-option--Prebio-7-6812594" title="Prebio 7"><a class="filter-option--link" href="https://www.tesco.com/groceries/en-GB/shop/health-and-beauty/all?brand=Prebio%207&amp;viewAll=brand"><span class="checkbox-square checkbox-square-linked"></span><span class="checkbox-check icon-tick-white"></span><span class="visually-hidden">Filter by</span><span class="filter-label--line--inline">Prebio 7</span><span class="filter-label--line--inline">&nbsp;(1)</span></a></label></div></li><li class="filter-option__container" id="Preparation H" data-auto="filter-option" data-auto-selected="false"><div class="checkbox" data-auto="checkbox"><input id="filter-option--Preparation-H-2644888" name="filter-option--Preparation-H-2644888" type="checkbox"><label class="checkbox-label" for="filter-option--Preparation-H-2644888" title="Preparation H"><a class="filter-option--link" href="https://www.tesco.com/groceries/en-GB/shop/health-and-beauty/all?brand=Preparation%20H&amp;viewAll=brand"><span class="checkbox-square checkbox-square-linked"></span><span class="checkbox-check icon-tick-white"></span><span class="visually-hidden">Filter by</span><span class="filter-label--line--inline">Preparation H</span><span class="filter-label--line--inline">&nbsp;(1)</span></a></label></div></li><li class="filter-option__container" id="Pz Cussons" data-auto="filter-option" data-auto-selected="false"><div class="checkbox" data-auto="checkbox"><input id="filter-option--Pz-Cussons-213929" name="filter-option--Pz-Cussons-213929" type="checkbox"><label class="checkbox-label" for="filter-option--Pz-Cussons-213929" title="Pz Cussons"><a class="filter-option--link" href="https://www.tesco.com/groceries/en-GB/shop/health-and-beauty/all?brand=Pz%20Cussons&amp;viewAll=brand"><span class="checkbox-square checkbox-square-linked"></span><span class="checkbox-check icon-tick-white"></span><span class="visually-hidden">Filter by</span><span class="filter-label--line--inline">Pz Cussons</span><span class="filter-label--line--inline">&nbsp;(1)</span></a></label></div></li><li class="filter-option__container" id="Redoxon" data-auto="filter-option" data-auto-selected="false"><div class="checkbox" data-auto="checkbox"><input id="filter-option--Redoxon-4236386" name="filter-option--Redoxon-4236386" type="checkbox"><label class="checkbox-label" for="filter-option--Redoxon-4236386" title="Redoxon"><a class="filter-option--link" href="https://www.tesco.com/groceries/en-GB/shop/health-and-beauty/all?brand=Redoxon&amp;viewAll=brand"><span class="checkbox-square checkbox-square-linked"></span><span class="checkbox-check icon-tick-white"></span><span class="visually-hidden">Filter by</span><span class="filter-label--line--inline">Redoxon</span><span class="filter-label--line--inline">&nbsp;(1)</span></a></label></div></li><li class="filter-option__container" id="Revlon" data-auto="filter-option" data-auto-selected="false"><div class="checkbox" data-auto="checkbox"><input id="filter-option--Revlon-311556" name="filter-option--Revlon-311556" type="checkbox"><label class="checkbox-label" for="filter-option--Revlon-311556" title="Revlon"><a class="filter-option--link" href="https://www.tesco.com/groceries/en-GB/shop/health-and-beauty/all?brand=Revlon&amp;viewAll=brand"><span class="checkbox-square checkbox-square-linked"></span><span class="checkbox-check icon-tick-white"></span><span class="visually-hidden">Filter by</span><span class="filter-label--line--inline">Revlon</span><span class="filter-label--line--inline">&nbsp;(1)</span></a></label></div></li><li class="filter-option__container" id="Ricola" data-auto="filter-option" data-auto-selected="false"><div class="checkbox" data-auto="checkbox"><input id="filter-option--Ricola-3319792" name="filter-option--Ricola-3319792" type="checkbox"><label class="checkbox-label" for="filter-option--Ricola-3319792" title="Ricola"><a class="filter-option--link" href="https://www.tesco.com/groceries/en-GB/shop/health-and-beauty/all?brand=Ricola&amp;viewAll=brand"><span class="checkbox-square checkbox-square-linked"></span><span class="checkbox-check icon-tick-white"></span><span class="visually-hidden">Filter by</span><span class="filter-label--line--inline">Ricola</span><span class="filter-label--line--inline">&nbsp;(1)</span></a></label></div></li><li class="filter-option__container" id="Russell Hobbs" data-auto="filter-option" data-auto-selected="false"><div class="checkbox" data-auto="checkbox"><input id="filter-option--Russell-Hobbs-2666077" name="filter-option--Russell-Hobbs-2666077" type="checkbox"><label class="checkbox-label" for="filter-option--Russell-Hobbs-2666077" title="Russell Hobbs"><a class="filter-option--link" href="https://www.tesco.com/groceries/en-GB/shop/health-and-beauty/all?brand=Russell%20Hobbs&amp;viewAll=brand"><span class="checkbox-square checkbox-square-linked"></span><span class="checkbox-check icon-tick-white"></span><span class="visually-hidden">Filter by</span><span class="filter-label--line--inline">Russell Hobbs</span><span class="filter-label--line--inline">&nbsp;(1)</span></a></label></div></li><li class="filter-option__container" id="Sanihands" data-auto="filter-option" data-auto-selected="false"><div class="checkbox" data-auto="checkbox"><input id="filter-option--Sanihands-5350168" name="filter-option--Sanihands-5350168" type="checkbox"><label class="checkbox-label" for="filter-option--Sanihands-5350168" title="Sanihands"><a class="filter-option--link" href="https://www.tesco.com/groceries/en-GB/shop/health-and-beauty/all?brand=Sanihands&amp;viewAll=brand"><span class="checkbox-square checkbox-square-linked"></span><span class="checkbox-check icon-tick-white"></span><span class="visually-hidden">Filter by</span><span class="filter-label--line--inline">Sanihands</span><span class="filter-label--line--inline">&nbsp;(1)</span></a></label></div></li><li class="filter-option__container" id="Savlon" data-auto="filter-option" data-auto-selected="false"><div class="checkbox" data-auto="checkbox"><input id="filter-option--Savlon-3729660" name="filter-option--Savlon-3729660" type="checkbox"><label class="checkbox-label" for="filter-option--Savlon-3729660" title="Savlon"><a class="filter-option--link" href="https://www.tesco.com/groceries/en-GB/shop/health-and-beauty/all?brand=Savlon&amp;viewAll=brand"><span class="checkbox-square checkbox-square-linked"></span><span class="checkbox-check icon-tick-white"></span><span class="visually-hidden">Filter by</span><span class="filter-label--line--inline">Savlon</span><span class="filter-label--line--inline">&nbsp;(1)</span></a></label></div></li><li class="filter-option__container" id="Senokot" data-auto="filter-option" data-auto-selected="false"><div class="checkbox" data-auto="checkbox"><input id="filter-option--Senokot-4185167" name="filter-option--Senokot-4185167" type="checkbox"><label class="checkbox-label" for="filter-option--Senokot-4185167" title="Senokot"><a class="filter-option--link" href="https://www.tesco.com/groceries/en-GB/shop/health-and-beauty/all?brand=Senokot&amp;viewAll=brand"><span class="checkbox-square checkbox-square-linked"></span><span class="checkbox-check icon-tick-white"></span><span class="visually-hidden">Filter by</span><span class="filter-label--line--inline">Senokot</span><span class="filter-label--line--inline">&nbsp;(1)</span></a></label></div></li><li class="filter-option__container" id="Shield" data-auto="filter-option" data-auto-selected="false"><div class="checkbox" data-auto="checkbox"><input id="filter-option--Shield-9914459" name="filter-option--Shield-9914459" type="checkbox"><label class="checkbox-label" for="filter-option--Shield-9914459" title="Shield"><a class="filter-option--link" href="https://www.tesco.com/groceries/en-GB/shop/health-and-beauty/all?brand=Shield&amp;viewAll=brand"><span class="checkbox-square checkbox-square-linked"></span><span class="checkbox-check icon-tick-white"></span><span class="visually-hidden">Filter by</span><span class="filter-label--line--inline">Shield</span><span class="filter-label--line--inline">&nbsp;(1)</span></a></label></div></li><li class="filter-option__container" id="Sjp" data-auto="filter-option" data-auto-selected="false"><div class="checkbox" data-auto="checkbox"><input id="filter-option--Sjp-8129088" name="filter-option--Sjp-8129088" type="checkbox"><label class="checkbox-label" for="filter-option--Sjp-8129088" title="Sjp"><a class="filter-option--link" href="https://www.tesco.com/groceries/en-GB/shop/health-and-beauty/all?brand=Sjp&amp;viewAll=brand"><span class="checkbox-square checkbox-square-linked"></span><span class="checkbox-check icon-tick-white"></span><span class="visually-hidden">Filter by</span><span class="filter-label--line--inline">Sjp</span><span class="filter-label--line--inline">&nbsp;(1)</span></a></label></div></li><li class="filter-option__container" id="Skin Academy" data-auto="filter-option" data-auto-selected="false"><div class="checkbox" data-auto="checkbox"><input id="filter-option--Skin-Academy-498080" name="filter-option--Skin-Academy-498080" type="checkbox"><label class="checkbox-label" for="filter-option--Skin-Academy-498080" title="Skin Academy"><a class="filter-option--link" href="https://www.tesco.com/groceries/en-GB/shop/health-and-beauty/all?brand=Skin%20Academy&amp;viewAll=brand"><span class="checkbox-square checkbox-square-linked"></span><span class="checkbox-check icon-tick-white"></span><span class="visually-hidden">Filter by</span><span class="filter-label--line--inline">Skin Academy</span><span class="filter-label--line--inline">&nbsp;(1)</span></a></label></div></li><li class="filter-option__container" id="Skin Republic" data-auto="filter-option" data-auto-selected="false"><div class="checkbox" data-auto="checkbox"><input id="filter-option--Skin-Republic-4114265" name="filter-option--Skin-Republic-4114265" type="checkbox"><label class="checkbox-label" for="filter-option--Skin-Republic-4114265" title="Skin Republic"><a class="filter-option--link" href="https://www.tesco.com/groceries/en-GB/shop/health-and-beauty/all?brand=Skin%20Republic&amp;viewAll=brand"><span class="checkbox-square checkbox-square-linked"></span><span class="checkbox-check icon-tick-white"></span><span class="visually-hidden">Filter by</span><span class="filter-label--line--inline">Skin Republic</span><span class="filter-label--line--inline">&nbsp;(1)</span></a></label></div></li><li class="filter-option__container" id="Snoreeze" data-auto="filter-option" data-auto-selected="false"><div class="checkbox" data-auto="checkbox"><input id="filter-option--Snoreeze-814561" name="filter-option--Snoreeze-814561" type="checkbox"><label class="checkbox-label" for="filter-option--Snoreeze-814561" title="Snoreeze"><a class="filter-option--link" href="https://www.tesco.com/groceries/en-GB/shop/health-and-beauty/all?brand=Snoreeze&amp;viewAll=brand"><span class="checkbox-square checkbox-square-linked"></span><span class="checkbox-check icon-tick-white"></span><span class="visually-hidden">Filter by</span><span class="filter-label--line--inline">Snoreeze</span><span class="filter-label--line--inline">&nbsp;(1)</span></a></label></div></li><li class="filter-option__container" id="Solent" data-auto="filter-option" data-auto-selected="false"><div class="checkbox" data-auto="checkbox"><input id="filter-option--Solent-3627861" name="filter-option--Solent-3627861" type="checkbox"><label class="checkbox-label" for="filter-option--Solent-3627861" title="Solent"><a class="filter-option--link" href="https://www.tesco.com/groceries/en-GB/shop/health-and-beauty/all?brand=Solent&amp;viewAll=brand"><span class="checkbox-square checkbox-square-linked"></span><span class="checkbox-check icon-tick-white"></span><span class="visually-hidden">Filter by</span><span class="filter-label--line--inline">Solent</span><span class="filter-label--line--inline">&nbsp;(1)</span></a></label></div></li><li class="filter-option__container" id="Step Ahead" data-auto="filter-option" data-auto-selected="false"><div class="checkbox" data-auto="checkbox"><input id="filter-option--Step-Ahead-3780366" name="filter-option--Step-Ahead-3780366" type="checkbox"><label class="checkbox-label" for="filter-option--Step-Ahead-3780366" title="Step Ahead"><a class="filter-option--link" href="https://www.tesco.com/groceries/en-GB/shop/health-and-beauty/all?brand=Step%20Ahead&amp;viewAll=brand"><span class="checkbox-square checkbox-square-linked"></span><span class="checkbox-check icon-tick-white"></span><span class="visually-hidden">Filter by</span><span class="filter-label--line--inline">Step Ahead</span><span class="filter-label--line--inline">&nbsp;(1)</span></a></label></div></li><li class="filter-option__container" id="Stergene" data-auto="filter-option" data-auto-selected="false"><div class="checkbox" data-auto="checkbox"><input id="filter-option--Stergene-311293" name="filter-option--Stergene-311293" type="checkbox"><label class="checkbox-label" for="filter-option--Stergene-311293" title="Stergene"><a class="filter-option--link" href="https://www.tesco.com/groceries/en-GB/shop/health-and-beauty/all?brand=Stergene&amp;viewAll=brand"><span class="checkbox-square checkbox-square-linked"></span><span class="checkbox-check icon-tick-white"></span><span class="visually-hidden">Filter by</span><span class="filter-label--line--inline">Stergene</span><span class="filter-label--line--inline">&nbsp;(1)</span></a></label></div></li><li class="filter-option__container" id="Sterimar" data-auto="filter-option" data-auto-selected="false"><div class="checkbox" data-auto="checkbox"><input id="filter-option--Sterimar-5742708" name="filter-option--Sterimar-5742708" type="checkbox"><label class="checkbox-label" for="filter-option--Sterimar-5742708" title="Sterimar"><a class="filter-option--link" href="https://www.tesco.com/groceries/en-GB/shop/health-and-beauty/all?brand=Sterimar&amp;viewAll=brand"><span class="checkbox-square checkbox-square-linked"></span><span class="checkbox-check icon-tick-white"></span><span class="visually-hidden">Filter by</span><span class="filter-label--line--inline">Sterimar</span><span class="filter-label--line--inline">&nbsp;(1)</span></a></label></div></li><li class="filter-option__container" id="Systane" data-auto="filter-option" data-auto-selected="false"><div class="checkbox" data-auto="checkbox"><input id="filter-option--Systane-4209736" name="filter-option--Systane-4209736" type="checkbox"><label class="checkbox-label" for="filter-option--Systane-4209736" title="Systane"><a class="filter-option--link" href="https://www.tesco.com/groceries/en-GB/shop/health-and-beauty/all?brand=Systane&amp;viewAll=brand"><span class="checkbox-square checkbox-square-linked"></span><span class="checkbox-check icon-tick-white"></span><span class="visually-hidden">Filter by</span><span class="filter-label--line--inline">Systane</span><span class="filter-label--line--inline">&nbsp;(1)</span></a></label></div></li><li class="filter-option__container" id="Tcp" data-auto="filter-option" data-auto-selected="false"><div class="checkbox" data-auto="checkbox"><input id="filter-option--Tcp-355315" name="filter-option--Tcp-355315" type="checkbox"><label class="checkbox-label" for="filter-option--Tcp-355315" title="Tcp"><a class="filter-option--link" href="https://www.tesco.com/groceries/en-GB/shop/health-and-beauty/all?brand=Tcp&amp;viewAll=brand"><span class="checkbox-square checkbox-square-linked"></span><span class="checkbox-check icon-tick-white"></span><span class="visually-hidden">Filter by</span><span class="filter-label--line--inline">Tcp</span><span class="filter-label--line--inline">&nbsp;(1)</span></a></label></div></li><li class="filter-option__container" id="Tertiary" data-auto="filter-option" data-auto-selected="false"><div class="checkbox" data-auto="checkbox"><input id="filter-option--Tertiary-4151177" name="filter-option--Tertiary-4151177" type="checkbox"><label class="checkbox-label" for="filter-option--Tertiary-4151177" title="Tertiary"><a class="filter-option--link" href="https://www.tesco.com/groceries/en-GB/shop/health-and-beauty/all?brand=Tertiary&amp;viewAll=brand"><span class="checkbox-square checkbox-square-linked"></span><span class="checkbox-check icon-tick-white"></span><span class="visually-hidden">Filter by</span><span class="filter-label--line--inline">Tertiary</span><span class="filter-label--line--inline">&nbsp;(1)</span></a></label></div></li><li class="filter-option__container" id="Tesco Kids" data-auto="filter-option" data-auto-selected="false"><div class="checkbox" data-auto="checkbox"><input id="filter-option--Tesco-Kids-8260381" name="filter-option--Tesco-Kids-8260381" type="checkbox"><label class="checkbox-label" for="filter-option--Tesco-Kids-8260381" title="Tesco Kids"><a class="filter-option--link" href="https://www.tesco.com/groceries/en-GB/shop/health-and-beauty/all?brand=Tesco%20Kids&amp;viewAll=brand"><span class="checkbox-square checkbox-square-linked"></span><span class="checkbox-check icon-tick-white"></span><span class="visually-hidden">Filter by</span><span class="filter-label--line--inline">Tesco Kids</span><span class="filter-label--line--inline">&nbsp;(1)</span></a></label></div></li><li class="filter-option__container" id="Toni &amp; Guy" data-auto="filter-option" data-auto-selected="false"><div class="checkbox" data-auto="checkbox"><input id="filter-option--Toni-Guy-4420782" name="filter-option--Toni-Guy-4420782" type="checkbox"><label class="checkbox-label" for="filter-option--Toni-Guy-4420782" title="Toni &amp; Guy"><a class="filter-option--link" href="https://www.tesco.com/groceries/en-GB/shop/health-and-beauty/all?brand=Toni%20%26%20Guy&amp;viewAll=brand"><span class="checkbox-square checkbox-square-linked"></span><span class="checkbox-check icon-tick-white"></span><span class="visually-hidden">Filter by</span><span class="filter-label--line--inline">Toni &amp; Guy</span><span class="filter-label--line--inline">&nbsp;(1)</span></a></label></div></li><li class="filter-option__container" id="U Fit" data-auto="filter-option" data-auto-selected="false"><div class="checkbox" data-auto="checkbox"><input id="filter-option--U-Fit-560551" name="filter-option--U-Fit-560551" type="checkbox"><label class="checkbox-label" for="filter-option--U-Fit-560551" title="U Fit"><a class="filter-option--link" href="https://www.tesco.com/groceries/en-GB/shop/health-and-beauty/all?brand=U%20Fit&amp;viewAll=brand"><span class="checkbox-square checkbox-square-linked"></span><span class="checkbox-check icon-tick-white"></span><span class="visually-hidden">Filter by</span><span class="filter-label--line--inline">U Fit</span><span class="filter-label--line--inline">&nbsp;(1)</span></a></label></div></li><li class="filter-option__container" id="Ultradex" data-auto="filter-option" data-auto-selected="false"><div class="checkbox" data-auto="checkbox"><input id="filter-option--Ultradex-5792158" name="filter-option--Ultradex-5792158" type="checkbox"><label class="checkbox-label" for="filter-option--Ultradex-5792158" title="Ultradex"><a class="filter-option--link" href="https://www.tesco.com/groceries/en-GB/shop/health-and-beauty/all?brand=Ultradex&amp;viewAll=brand"><span class="checkbox-square checkbox-square-linked"></span><span class="checkbox-check icon-tick-white"></span><span class="visually-hidden">Filter by</span><span class="filter-label--line--inline">Ultradex</span><span class="filter-label--line--inline">&nbsp;(1)</span></a></label></div></li><li class="filter-option__container" id="Velvotan" data-auto="filter-option" data-auto-selected="false"><div class="checkbox" data-auto="checkbox"><input id="filter-option--Velvotan-4273109" name="filter-option--Velvotan-4273109" type="checkbox"><label class="checkbox-label" for="filter-option--Velvotan-4273109" title="Velvotan"><a class="filter-option--link" href="https://www.tesco.com/groceries/en-GB/shop/health-and-beauty/all?brand=Velvotan&amp;viewAll=brand"><span class="checkbox-square checkbox-square-linked"></span><span class="checkbox-check icon-tick-white"></span><span class="visually-hidden">Filter by</span><span class="filter-label--line--inline">Velvotan</span><span class="filter-label--line--inline">&nbsp;(1)</span></a></label></div></li><li class="filter-option__container" id="Vizulize" data-auto="filter-option" data-auto-selected="false"><div class="checkbox" data-auto="checkbox"><input id="filter-option--Vizulize-3856558" name="filter-option--Vizulize-3856558" type="checkbox"><label class="checkbox-label" for="filter-option--Vizulize-3856558" title="Vizulize"><a class="filter-option--link" href="https://www.tesco.com/groceries/en-GB/shop/health-and-beauty/all?brand=Vizulize&amp;viewAll=brand"><span class="checkbox-square checkbox-square-linked"></span><span class="checkbox-check icon-tick-white"></span><span class="visually-hidden">Filter by</span><span class="filter-label--line--inline">Vizulize</span><span class="filter-label--line--inline">&nbsp;(1)</span></a></label></div></li><li class="filter-option__container" id="Wartie" data-auto="filter-option" data-auto-selected="false"><div class="checkbox" data-auto="checkbox"><input id="filter-option--Wartie-7794138" name="filter-option--Wartie-7794138" type="checkbox"><label class="checkbox-label" for="filter-option--Wartie-7794138" title="Wartie"><a class="filter-option--link" href="https://www.tesco.com/groceries/en-GB/shop/health-and-beauty/all?brand=Wartie&amp;viewAll=brand"><span class="checkbox-square checkbox-square-linked"></span><span class="checkbox-check icon-tick-white"></span><span class="visually-hidden">Filter by</span><span class="filter-label--line--inline">Wartie</span><span class="filter-label--line--inline">&nbsp;(1)</span></a></label></div></li><li class="filter-option__container" id="Wartner" data-auto="filter-option" data-auto-selected="false"><div class="checkbox" data-auto="checkbox"><input id="filter-option--Wartner-7011634" name="filter-option--Wartner-7011634" type="checkbox"><label class="checkbox-label" for="filter-option--Wartner-7011634" title="Wartner"><a class="filter-option--link" href="https://www.tesco.com/groceries/en-GB/shop/health-and-beauty/all?brand=Wartner&amp;viewAll=brand"><span class="checkbox-square checkbox-square-linked"></span><span class="checkbox-check icon-tick-white"></span><span class="visually-hidden">Filter by</span><span class="filter-label--line--inline">Wartner</span><span class="filter-label--line--inline">&nbsp;(1)</span></a></label></div></li><li class="filter-option__container" id="Wash &amp; Go" data-auto="filter-option" data-auto-selected="false"><div class="checkbox" data-auto="checkbox"><input id="filter-option--Wash-Go-4929264" name="filter-option--Wash-Go-4929264" type="checkbox"><label class="checkbox-label" for="filter-option--Wash-Go-4929264" title="Wash &amp; Go"><a class="filter-option--link" href="https://www.tesco.com/groceries/en-GB/shop/health-and-beauty/all?brand=Wash%20%26%20Go&amp;viewAll=brand"><span class="checkbox-square checkbox-square-linked"></span><span class="checkbox-check icon-tick-white"></span><span class="visually-hidden">Filter by</span><span class="filter-label--line--inline">Wash &amp; Go</span><span class="filter-label--line--inline">&nbsp;(1)</span></a></label></div></li><li class="filter-option__container" id="Wellbaby" data-auto="filter-option" data-auto-selected="false"><div class="checkbox" data-auto="checkbox"><input id="filter-option--Wellbaby-5254826" name="filter-option--Wellbaby-5254826" type="checkbox"><label class="checkbox-label" for="filter-option--Wellbaby-5254826" title="Wellbaby"><a class="filter-option--link" href="https://www.tesco.com/groceries/en-GB/shop/health-and-beauty/all?brand=Wellbaby&amp;viewAll=brand"><span class="checkbox-square checkbox-square-linked"></span><span class="checkbox-check icon-tick-white"></span><span class="visually-hidden">Filter by</span><span class="filter-label--line--inline">Wellbaby</span><span class="filter-label--line--inline">&nbsp;(1)</span></a></label></div></li><li class="filter-option__container" id="Wellman" data-auto="filter-option" data-auto-selected="false"><div class="checkbox" data-auto="checkbox"><input id="filter-option--Wellman-601785" name="filter-option--Wellman-601785" type="checkbox"><label class="checkbox-label" for="filter-option--Wellman-601785" title="Wellman"><a class="filter-option--link" href="https://www.tesco.com/groceries/en-GB/shop/health-and-beauty/all?brand=Wellman&amp;viewAll=brand"><span class="checkbox-square checkbox-square-linked"></span><span class="checkbox-check icon-tick-white"></span><span class="visually-hidden">Filter by</span><span class="filter-label--line--inline">Wellman</span><span class="filter-label--line--inline">&nbsp;(1)</span></a></label></div></li><li class="filter-option__container" id="Wellwoman" data-auto="filter-option" data-auto-selected="false"><div class="checkbox" data-auto="checkbox"><input id="filter-option--Wellwoman-893166" name="filter-option--Wellwoman-893166" type="checkbox"><label class="checkbox-label" for="filter-option--Wellwoman-893166" title="Wellwoman"><a class="filter-option--link" href="https://www.tesco.com/groceries/en-GB/shop/health-and-beauty/all?brand=Wellwoman&amp;viewAll=brand"><span class="checkbox-square checkbox-square-linked"></span><span class="checkbox-check icon-tick-white"></span><span class="visually-hidden">Filter by</span><span class="filter-label--line--inline">Wellwoman</span><span class="filter-label--line--inline">&nbsp;(1)</span></a></label></div></li><li class="filter-option__container" id="Wet Ones" data-auto="filter-option" data-auto-selected="false"><div class="checkbox" data-auto="checkbox"><input id="filter-option--Wet-Ones-8439321" name="filter-option--Wet-Ones-8439321" type="checkbox"><label class="checkbox-label" for="filter-option--Wet-Ones-8439321" title="Wet Ones"><a class="filter-option--link" href="https://www.tesco.com/groceries/en-GB/shop/health-and-beauty/all?brand=Wet%20Ones&amp;viewAll=brand"><span class="checkbox-square checkbox-square-linked"></span><span class="checkbox-check icon-tick-white"></span><span class="visually-hidden">Filter by</span><span class="filter-label--line--inline">Wet Ones</span><span class="filter-label--line--inline">&nbsp;(1)</span></a></label></div></li><li class="filter-option__container" id="Witch" data-auto="filter-option" data-auto-selected="false"><div class="checkbox" data-auto="checkbox"><input id="filter-option--Witch-3353862" name="filter-option--Witch-3353862" type="checkbox"><label class="checkbox-label" for="filter-option--Witch-3353862" title="Witch"><a class="filter-option--link" href="https://www.tesco.com/groceries/en-GB/shop/health-and-beauty/all?brand=Witch&amp;viewAll=brand"><span class="checkbox-square checkbox-square-linked"></span><span class="checkbox-check icon-tick-white"></span><span class="visually-hidden">Filter by</span><span class="filter-label--line--inline">Witch</span><span class="filter-label--line--inline">&nbsp;(1)</span></a></label></div></li><li class="filter-option__container" id="Wrights" data-auto="filter-option" data-auto-selected="false"><div class="checkbox" data-auto="checkbox"><input id="filter-option--Wrights-9457274" name="filter-option--Wrights-9457274" type="checkbox"><label class="checkbox-label" for="filter-option--Wrights-9457274" title="Wrights"><a class="filter-option--link" href="https://www.tesco.com/groceries/en-GB/shop/health-and-beauty/all?brand=Wrights&amp;viewAll=brand"><span class="checkbox-square checkbox-square-linked"></span><span class="checkbox-check icon-tick-white"></span><span class="visually-hidden">Filter by</span><span class="filter-label--line--inline">Wrights</span><span class="filter-label--line--inline">&nbsp;(1)</span></a></label></div></li><li class="more-filters--container hidden"><button class="button-text more-filters">More brands<span class="icon icon-header_down_triangle expand-icon"></span></button></li><li class="more-filters--container"><button class="button-text more-filters">Fewer brands<span class="icon icon-header_down_triangle contract-icon"></span></button></li></ul></li></ul></div></div></li><li data-auto="filter-lifestyle-and-dietary"><div class="filter-select__FilterSelectContainer-x4zufj-0 iRBCDW filter-select-container filter-lifestyle-and-dietary"><button aria-controls="filter-lifestyle-and-dietary" aria-expanded="false" class="button-text filter-select" data-auto="filter-lifestyle-and-dietary-select"><span class="filter-select--label specific-filter-label">Lifestyle &amp; Dietary</span><span class="icon icon-header_down_triangle"></span></button></div><div aria-hidden="true" class="filter-options-container last-child" id="filter-lifestyle-and-dietary" data-auto="filter-lifestyle-and-dietary-dropdown"><div class="filter-options">Filters should not be used as an alternative to medical advice. Always check the label.<ul aria-label="Lifestyle &amp; Dietary"><li class="current-filters" data-auto="dietary"><ul><li class="filter-option__container selected" id="all" data-auto="filter-option" data-auto-selected="true"><div class="radio" data-auto="radio-button"><a class="filter-option--link" href="https://www.tesco.com/groceries/en-GB/shop/health-and-beauty/all" title="All Lifestyle &amp; Dietary"><div class="radio-button radio-button--on"></div><div class="radio__label"><span class="visually-hidden">Filter by</span><span class="filter-label--line--block">All Lifestyle</span><span class="filter-label--line--inline filter-label--line--truncate">&amp; Dietary</span><span class="filter-label--line--inline">&nbsp;</span></div></a></div></li><li class="filter-option__container" id="No egg" data-auto="filter-option" data-auto-selected="false"><div class="radio" data-auto="radio-button"><a class="filter-option--link" href="https://www.tesco.com/groceries/en-GB/shop/health-and-beauty/all?dietary=No%20egg&amp;viewAll=dietary" title="No egg"><div class="radio-button radio-button--off"></div><div class="radio__label"><span class="visually-hidden">Filter by</span><span class="filter-label--line--inline">No egg</span><span class="filter-label--line--inline">&nbsp;(33)</span></div></a></div></li><li class="filter-option__container" id="Source of fibre" data-auto="filter-option" data-auto-selected="false"><div class="radio" data-auto="radio-button"><a class="filter-option--link" href="https://www.tesco.com/groceries/en-GB/shop/health-and-beauty/all?dietary=Source%20of%20fibre&amp;viewAll=dietary" title="Source of fibre"><div class="radio-button radio-button--off"></div><div class="radio__label"><span class="visually-hidden">Filter by</span><span class="filter-label--line--block">Source of</span><span class="filter-label--line--inline filter-label--line--truncate">fibre</span><span class="filter-label--line--inline">&nbsp;(32)</span></div></a></div></li><li class="filter-option__container" id="Halal" data-auto="filter-option" data-auto-selected="false"><div class="radio" data-auto="radio-button"><a class="filter-option--link" href="https://www.tesco.com/groceries/en-GB/shop/health-and-beauty/all?dietary=Halal&amp;viewAll=dietary" title="Halal"><div class="radio-button radio-button--off"></div><div class="radio__label"><span class="visually-hidden">Filter by</span><span class="filter-label--line--inline">Halal</span><span class="filter-label--line--inline">&nbsp;(29)</span></div></a></div></li><li class="filter-option__container" id="No gluten" data-auto="filter-option" data-auto-selected="false"><div class="radio" data-auto="radio-button"><a class="filter-option--link" href="https://www.tesco.com/groceries/en-GB/shop/health-and-beauty/all?dietary=No%20gluten&amp;viewAll=dietary" title="No gluten"><div class="radio-button radio-button--off"></div><div class="radio__label"><span class="visually-hidden">Filter by</span><span class="filter-label--line--inline">No gluten</span><span class="filter-label--line--inline">&nbsp;(29)</span></div></a></div></li><li class="filter-option__container" id="Pescetarian" data-auto="filter-option" data-auto-selected="false"><div class="radio" data-auto="radio-button"><a class="filter-option--link" href="https://www.tesco.com/groceries/en-GB/shop/health-and-beauty/all?dietary=Pescetarian&amp;viewAll=dietary" title="Pescetarian"><div class="radio-button radio-button--off"></div><div class="radio__label"><span class="visually-hidden">Filter by</span><span class="filter-label--line--inline">Pescetarian</span><span class="filter-label--line--inline">&nbsp;(29)</span></div></a></div></li><li class="filter-option__container" id="Vegetarian" data-auto="filter-option" data-auto-selected="false"><div class="radio" data-auto="radio-button"><a class="filter-option--link" href="https://www.tesco.com/groceries/en-GB/shop/health-and-beauty/all?dietary=Vegetarian&amp;viewAll=dietary" title="Vegetarian"><div class="radio-button radio-button--off"></div><div class="radio__label"><span class="visually-hidden">Filter by</span><span class="filter-label--line--inline">Vegetarian</span><span class="filter-label--line--inline">&nbsp;(29)</span></div></a></div></li><li class="filter-option__container" id="No soya" data-auto="filter-option" data-auto-selected="false"><div class="radio" data-auto="radio-button"><a class="filter-option--link" href="https://www.tesco.com/groceries/en-GB/shop/health-and-beauty/all?dietary=No%20soya&amp;viewAll=dietary" title="No soya"><div class="radio-button radio-button--off"></div><div class="radio__label"><span class="visually-hidden">Filter by</span><span class="filter-label--line--inline">No soya</span><span class="filter-label--line--inline">&nbsp;(24)</span></div></a></div></li><li class="filter-option__container" id="Low sugar" data-auto="filter-option" data-auto-selected="false"><div class="radio" data-auto="radio-button"><a class="filter-option--link" href="https://www.tesco.com/groceries/en-GB/shop/health-and-beauty/all?dietary=Low%20sugar&amp;viewAll=dietary" title="Low sugar"><div class="radio-button radio-button--off"></div><div class="radio__label"><span class="visually-hidden">Filter by</span><span class="filter-label--line--inline">Low sugar</span><span class="filter-label--line--inline">&nbsp;(23)</span></div></a></div></li><li class="filter-option__container" id="Lacto-vegetarian" data-auto="filter-option" data-auto-selected="false"><div class="radio" data-auto="radio-button"><a class="filter-option--link" href="https://www.tesco.com/groceries/en-GB/shop/health-and-beauty/all?dietary=Lacto-vegetarian&amp;viewAll=dietary" title="Lacto-vegetarian"><div class="radio-button radio-button--off"></div><div class="radio__label"><span class="visually-hidden">Filter by</span><span class="filter-label--line--inline filter-label--line--truncate">Lacto-vegetari</span><span class="filter-label--line--inline">&nbsp;(21)</span></div></a></div></li><li class="filter-option__container" id="Low salt" data-auto="filter-option" data-auto-selected="false"><div class="radio" data-auto="radio-button"><a class="filter-option--link" href="https://www.tesco.com/groceries/en-GB/shop/health-and-beauty/all?dietary=Low%20salt&amp;viewAll=dietary" title="Low salt"><div class="radio-button radio-button--off"></div><div class="radio__label"><span class="visually-hidden">Filter by</span><span class="filter-label--line--inline">Low salt</span><span class="filter-label--line--inline">&nbsp;(21)</span></div></a></div></li><li class="filter-option__container" id="Low saturated fat" data-auto="filter-option" data-auto-selected="false"><div class="radio" data-auto="radio-button"><a class="filter-option--link" href="https://www.tesco.com/groceries/en-GB/shop/health-and-beauty/all?dietary=Low%20saturated%20fat&amp;viewAll=dietary" title="Low saturated fat"><div class="radio-button radio-button--off"></div><div class="radio__label"><span class="visually-hidden">Filter by</span><span class="filter-label--line--block">Low saturated</span><span class="filter-label--line--inline filter-label--line--truncate">fat</span><span class="filter-label--line--inline">&nbsp;(14)</span></div></a></div></li><li class="more-filters--container"><button class="button-text more-filters">More Lifestyle &amp; Dietary<span class="icon icon-header_down_triangle expand-icon"></span></button></li><li class="more-filters--container hidden"><button class="button-text more-filters">Fewer Lifestyle &amp; Dietary<span class="icon icon-header_down_triangle contract-icon"></span></button></li></ul></li></ul><div class="filter-options-footer"><span><span>In partnership with SpoonGuru.&nbsp;<a href="https://www.tesco.com/help/terms-and-conditions/#Dietary" class="filter-options-footer--lifestyle-and-dietary-link" target="_blank" rel="noopener">Find out more about each filter<span class="icon icon-chevron_right"></span></a></span></span></div></div></div></li></ul></div><div class="sort-control-container"><label class="instructions-label" for="sort-by">Sort by: </label><ul class="selects-row grid"><li><div class="filter-select-container"><select class="filter-select sort-control" id="sort-by"><option value="relevance">Relevance</option><option value="price-ascending">Price: Low to High</option><option value="price-descending">Price: High to Low</option></select><span class="icon icon-header_down_triangle"></span></div></li></ul></div></div></div><div class="filter-by-mobile"><a data-auto="filter-by-mobile-button" class="button button-secondary small" href="https://www.tesco.com/groceries/en-GB/shop/health-and-beauty/all#sort-n-filter"><span>Sort and filter</span><span class="items-count" data-auto="items-count"> (4107)</span></a></div></div></div><div class="product-lists"><div class="product-lists-wrapper"><div><div class="overlay-spinner--overlay overlay-spinner--large" data-auto="overlay-spinner"></div></div><div class="category product-list--page product-list--current-page"><div class="list-page-1"><ul class="product-list grid" data-auto="product-list" data-auto-last-updated="1669295743920"><li class="product-list--list-item first"><div class="styles__StyledVerticalTileWrapper-dvv1wj-0 dtCNPH"><div data-auto="product-tile" data-auto-type="Quantity" data-auto-available="true" data-auto-is-restricted-disabled="false" data-auto-is-substitute="false" class="styles__StyledVerticalTile-dvv1wj-1 gSCsYK"><div class="styles__StyledTileContentWrapper-dvv1wj-2 bkNhNP beans"><div id="tile-301979435" data-auto-id="301979435" class="styles__StyledTiledContent-dvv1wj-3 bcglTg"><a href="https://www.tesco.com/groceries/en-GB/products/301979435" aria-hidden="true" class="product-image-wrapper" tabindex="1"><div class="product-image__container"><picture><img class="styled__Image-sjvkdn-0 bJErKA product-image beans-responsive-image__image" src="./tesco_html_brand_healthbeauty_files/4269c993-4d40-4db9-9b15-fc1bb119d9e0_970112601.jpeg" srcset="https://digitalcontent.api.tesco.com/v2/media/ghs/9ed7edd0-8b0e-4637-9ad2-f610cd7e9960/4269c993-4d40-4db9-9b15-fc1bb119d9e0_970112601.jpeg?h=225&amp;w=225 768w, https://digitalcontent.api.tesco.com/v2/media/ghs/9ed7edd0-8b0e-4637-9ad2-f610cd7e9960/4269c993-4d40-4db9-9b15-fc1bb119d9e0_970112601.jpeg?h=225&amp;w=225 4000w" alt="Kleenex Balsam Twin Pack Tissues 64S"></picture></div></a><div class="product-details--wrapper"><h3 class="styles__H3-oa5soe-0 bCKNNq"><a href="https://www.tesco.com/groceries/en-GB/products/301979435" class="styled__Anchor-sc-1xbujuz-0 csVOnh beans-link__anchor" data-auto="product-tile--title"><span class="styled__Text-sc-1xbujuz-1 ldbwMG beans-link__text">Kleenex Balsam Twin Pack Tissues 64S</span></a></h3><div class="styles__StyledPromotionsAboveMobile-dvv1wj-7 iPTMuo"></div><div class="styles__StyledProductDetailsContent-dvv1wj-5 ddRSrq"><a href="https://www.tesco.com/groceries/en-GB/reviews/submission/301979435?from=%2Fshop%2Fhealth-and-beauty%2Fall" aria-label="Write a review for Kleenex Balsam Twin Pack Tissues 64S" class="styled__Anchor-sc-1xbujuz-0 jSzuDt write-a-review-link beans-link__anchor" data-auto="review-link"><span class="styled__Text-sc-1xbujuz-1 fyDIEo beans-link__text">Write a review</span><span class="styled__IconContainer-sc-1xbujuz-2 bSauSL beans-link__icon-container"><svg aria-hidden="true" class="styled__SVG-xxa4wh-1 hQMCqc beans-link__icon beans-icon__svg" height="13.33" preserveAspectRatio="xMinYMax meet" viewBox="-1 0 12 20" width="8" xmlns="http://www.w3.org/2000/svg" color="currentColor"><path d="M1.312 1.348L10.276 10l-8.964 8.644" fill="none" stroke="currentColor"></path></svg></span></a><div><a href="https://www.tesco.com/groceries/en-GB/shop/household/facial-tissue-and-hand-wipes/balsam-and-allergy-tissues/balsam-tissues" class="styled__Anchor-sc-1xbujuz-0 jSzuDt rest-of-shelf-link beans-link__anchor" data-auto="rest-of-shelf-link"><span class="styled__Text-sc-1xbujuz-1 fyDIEo beans-link__text">Rest of <span class="visually-hidden">Balsam Tissues</span> shelf</span><span class="styled__IconContainer-sc-1xbujuz-2 bSauSL beans-link__icon-container"><svg aria-hidden="true" class="styled__SVG-xxa4wh-1 hQMCqc beans-link__icon beans-icon__svg" height="13.33" preserveAspectRatio="xMinYMax meet" viewBox="-1 0 12 20" width="8" xmlns="http://www.w3.org/2000/svg" color="currentColor"><path d="M1.312 1.348L10.276 10l-8.964 8.644" fill="none" stroke="currentColor"></path></svg></span></a></div><div class="product-info-message-section"><div class="product-info-message-list"><div class="styled__WhiteBackground-sc-9yzfq2-1 jthPIJ"><svg width="56" height="61" viewBox="0 0 56 61" fill="none" xmlns="http://www.w3.org/2000/svg"><path d="M30.8759 45.8182C40.0086 42.7996 46.6572 34.3312 46.9801 24.2629H47V23.502V22.7397H46.9801C46.5765 10.112 36.2237 0 23.4993 0C10.5209 0 0 10.5209 0 23.4993C0 33.8972 6.75323 42.7162 16.1109 45.8142L16.1294 42.8684C13.3741 41.8189 10.9007 40.1978 8.8508 38.1492C5.099 34.3961 2.78308 29.2256 2.78308 23.4993C2.78308 17.7744 5.10032 12.6039 8.8508 8.84947C12.6039 5.09768 17.7744 2.78175 23.5007 2.78175C29.2256 2.78175 34.3961 5.09768 38.1505 8.84947C41.9023 12.6026 44.2182 17.7731 44.2182 23.4993C44.2182 29.2256 41.901 34.3948 38.1505 38.1492C36.1033 40.1952 33.6338 41.815 30.8838 42.8644L30.8772 45.8182H30.8759Z" fill="#EE1C2E"></path><path d="M9.82217 16.0368C10.5434 14.6962 11.4566 13.472 12.5245 12.4041C15.3354 9.59453 19.2116 7.85825 23.4994 7.85825C27.7871 7.85825 31.6633 9.59453 34.4742 12.4041C35.5435 13.4734 36.4553 14.6962 37.1765 16.0368H38.6256C35.8995 10.4309 30.1507 6.56662 23.498 6.56662C16.8454 6.56662 11.0966 10.4309 8.37042 16.0368H9.81952H9.82217Z" fill="black"></path><path d="M38.2419 28.245C37.4743 30.5728 36.1694 32.6571 34.4742 34.3537C32.8385 35.9881 30.8428 37.2599 28.6142 38.038C28.605 38.0407 28.5825 38.0394 28.5878 38.0473C28.773 38.3278 28.7836 39.3429 28.7836 39.3429C33.9567 37.6318 38.0142 33.4763 39.593 28.245H38.2419Z" fill="black"></path><path d="M12.5245 34.3537C10.4322 32.2601 8.9355 29.5763 8.30822 26.5722H6.99409C8.14941 32.5791 12.4994 37.4491 18.2085 39.3416C18.2111 39.3416 18.2177 39.3482 18.2177 39.3442C18.2627 38.2286 18.3898 38.0394 18.3898 38.0394C18.3818 38.0367 18.3726 38.0341 18.3646 38.0301C16.144 37.2519 14.1536 35.9828 12.5232 34.3524L12.5245 34.3537Z" fill="black"></path><path d="M17.6645 15.8727H20.1062V16.8335H16.623V11.2289H17.6645V15.8727Z" fill="black"></path><path d="M20.527 13.6745C20.7031 13.3516 20.9532 13.0975 21.2761 12.9136C21.599 12.7296 21.9682 12.637 22.3851 12.637C22.8019 12.637 23.1712 12.7296 23.4941 12.9136C23.817 13.0975 24.0658 13.3516 24.2431 13.6745C24.4191 13.9974 24.5065 14.3614 24.5065 14.7676C24.5065 15.1739 24.4191 15.5379 24.2431 15.8608C24.0671 16.1837 23.817 16.4364 23.4941 16.6217C23.1712 16.8057 22.8019 16.897 22.3851 16.897C21.9682 16.897 21.599 16.8057 21.2761 16.6217C20.9532 16.4378 20.7031 16.1837 20.527 15.8608C20.351 15.5379 20.2637 15.1739 20.2637 14.7676C20.2637 14.3614 20.351 13.9974 20.527 13.6745ZM21.5805 15.6477C21.7856 15.8727 22.0542 15.9838 22.3851 15.9838C22.7159 15.9838 22.9846 15.8713 23.1897 15.6477C23.3948 15.424 23.498 15.1303 23.498 14.7676C23.498 14.405 23.3948 14.1112 23.1897 13.8876C22.9846 13.6639 22.7159 13.5515 22.3851 13.5515C22.0542 13.5515 21.7856 13.6639 21.5805 13.8876C21.3753 14.1112 21.2721 14.405 21.2721 14.7676C21.2721 15.1303 21.3753 15.424 21.5805 15.6477Z" fill="black"></path><path d="M29.1687 16.8334H28.208L27.5119 14.1271L26.8158 16.8334H25.855L24.566 12.7018H25.5347L26.3182 15.4082L27.0315 12.7018H27.9923L28.7056 15.4082L29.489 12.7018H30.4577L29.1687 16.8334Z" fill="black"></path><path d="M8.61654 18.931H5.58202V20.4026H8.01572V21.6042H5.58202V23.5377H8.71579V24.738H4.27981V17.7294H8.61654V18.931Z" fill="black"></path><path d="M8.73168 19.5715H9.9836L11.2051 23.0269L12.4266 19.5715H13.6785L11.7662 24.738H10.644L8.73168 19.5715Z" fill="black"></path><path d="M18.7126 22.5558H14.8973C14.9635 22.9369 15.121 23.2254 15.3684 23.4226C15.6159 23.6198 15.9163 23.7177 16.2697 23.7177C16.5635 23.7177 16.8083 23.6555 17.0055 23.5324C17.2027 23.4093 17.3906 23.2201 17.5719 22.966L18.6226 23.5377C18.3686 23.9519 18.047 24.2682 17.6566 24.4892C17.2662 24.7089 16.7805 24.8201 16.1995 24.8201C15.6517 24.8201 15.1832 24.6917 14.7928 24.435C14.4024 24.1782 14.1099 23.8461 13.9167 23.4385C13.7235 23.0322 13.6269 22.6047 13.6269 22.1574C13.6269 21.7101 13.7288 21.2827 13.9326 20.8764C14.1364 20.4688 14.4315 20.1366 14.8192 19.8799C15.207 19.6231 15.6636 19.4948 16.1916 19.4948C16.7196 19.4948 17.1828 19.6152 17.5626 19.8547C17.9438 20.0956 18.2296 20.4106 18.4241 20.801C18.6174 21.1914 18.714 21.6069 18.714 22.0476V22.5584L18.7126 22.5558ZM17.4409 21.5751C17.3945 21.2813 17.2582 21.0418 17.0346 20.8539C16.8109 20.6673 16.5291 20.5733 16.1889 20.5733C15.9018 20.5733 15.645 20.662 15.4174 20.838C15.1911 21.0153 15.0336 21.2602 14.9463 21.5738H17.4395L17.4409 21.5751Z" fill="black"></path><path d="M19.3849 19.5715H20.6263V20.3523C20.7732 20.0718 20.9809 19.8587 21.2469 19.7118C21.5142 19.5649 21.8107 19.4921 22.1376 19.4921C22.4644 19.4921 22.745 19.5689 22.9382 19.7224L22.5174 20.7732C22.344 20.6805 22.1601 20.6329 21.9668 20.6329C21.5791 20.6329 21.2588 20.7996 21.0061 21.1331C20.752 21.4666 20.6249 21.9814 20.6249 22.6749V24.738H19.3836V19.5715H19.3849Z" fill="black"></path><path d="M24.8518 24.4178L22.9792 19.5715H24.2312L25.4434 22.8562L26.5841 19.5715H27.8255L25.1827 26.7813H23.981L24.8518 24.4178Z" fill="black"></path><path d="M28.8074 24.4786C28.4607 24.251 28.1881 23.9347 27.9909 23.5271C27.7937 23.1195 27.6958 22.663 27.6958 22.1548C27.6958 21.6466 27.7911 21.1821 27.9816 20.7785C28.1722 20.3748 28.4369 20.0585 28.7783 19.8322C29.1184 19.6059 29.5088 19.4921 29.9495 19.4921C30.2962 19.4921 30.6006 19.5543 30.86 19.6774C31.1207 19.8005 31.3205 19.9765 31.4608 20.2028V17.65H32.7021V24.7393H31.4608V24.1187C31.3139 24.3251 31.1141 24.4945 30.86 24.6242C30.6059 24.7539 30.3055 24.8201 29.9588 24.8201C29.5379 24.8201 29.1541 24.7063 28.8074 24.48V24.4786ZM31.1763 23.2664C31.4198 22.9925 31.5415 22.6219 31.5415 22.1548C31.5415 21.6876 31.4198 21.3171 31.1763 21.0431C30.9328 20.7692 30.6271 20.6329 30.2605 20.6329C29.8939 20.6329 29.5882 20.7705 29.3447 21.0431C29.1012 21.3171 28.9795 21.6876 28.9795 22.1548C28.9795 22.6219 29.1012 22.9925 29.3447 23.2664C29.5882 23.5404 29.8939 23.6767 30.2605 23.6767C30.6271 23.6767 30.9328 23.5404 31.1763 23.2664Z" fill="black"></path><path d="M34.2624 24.6388C33.9951 24.5183 33.782 24.3437 33.6219 24.1134C33.4618 23.8831 33.3824 23.6079 33.3824 23.2876C33.3824 22.7807 33.5729 22.3718 33.9527 22.0608C34.3339 21.7511 34.8473 21.595 35.4945 21.595H36.6061V21.415C36.6061 21.1543 36.5161 20.9465 36.3361 20.789C36.1562 20.6329 35.9127 20.5535 35.6056 20.5535C35.3582 20.5535 35.1345 20.6183 34.9347 20.7493C34.7349 20.879 34.584 21.0312 34.4834 21.2046L33.5319 20.6342C33.7119 20.3073 33.9792 20.0347 34.3325 19.8177C34.6859 19.6006 35.1094 19.4921 35.6043 19.4921C36.3123 19.4921 36.8629 19.6615 37.2559 20.003C37.6503 20.3431 37.8461 20.834 37.8461 21.4746V24.7393H36.8245L36.6538 24.079C36.487 24.3066 36.2753 24.4866 36.0172 24.6189C35.7605 24.7526 35.4574 24.8187 35.1107 24.8187C34.8103 24.8187 34.5271 24.7592 34.2598 24.6388H34.2624ZM36.2607 23.457C36.491 23.2572 36.6061 23.0097 36.6061 22.7159V22.5756H35.6255C35.3383 22.5756 35.1094 22.6312 34.94 22.741C34.7693 22.8509 34.6846 23.0031 34.6846 23.1963C34.6846 23.3763 34.7468 23.5152 34.8698 23.6118C34.9929 23.7084 35.1755 23.7574 35.4151 23.7574C35.7486 23.7574 36.0304 23.6568 36.2607 23.457V23.457Z" fill="black"></path><path d="M39.7571 24.4178L37.8845 19.5715H39.1364L40.3473 22.8562L41.4894 19.5715H42.7308L40.088 26.7813H38.8863L39.7571 24.4178Z" fill="black"></path><path d="M13.652 33.1164H12.6185V27.5515H14.6618C15.7985 27.5515 16.4589 28.3072 16.4589 29.2772C16.4589 30.2473 15.7985 31.0029 14.6618 31.0029H13.652V33.1177V33.1164ZM15.4095 29.2759C15.4095 28.7505 15.076 28.5044 14.5824 28.5044H13.652V30.0461H14.5824C15.0747 30.0461 15.4095 29.8 15.4095 29.2746V29.2759Z" fill="black"></path><path d="M17.0981 29.0139H18.084V29.6345C18.3222 29.1899 18.7682 28.9503 19.2843 28.9503C19.5464 28.9503 19.7687 29.0139 19.9209 29.133L19.5874 29.968C19.4524 29.8966 19.3095 29.8569 19.1507 29.8569C18.5856 29.8569 18.0854 30.3015 18.0854 31.4793V33.1177H17.0994V29.0152L17.0981 29.0139Z" fill="black"></path><path d="M20.9703 27.312C21.3356 27.312 21.6069 27.5899 21.6069 27.9485C21.6069 28.3072 21.3369 28.5851 20.9703 28.5851C20.6038 28.5851 20.3338 28.3072 20.3338 27.9485C20.3338 27.5899 20.6038 27.312 20.9703 27.312ZM21.4626 33.1164H20.4767V29.0139H21.4626V33.1164Z" fill="black"></path><path d="M22.2355 31.0651C22.2355 29.8251 23.0785 28.9503 24.3026 28.9503C25.1774 28.9503 25.8205 29.2997 26.1553 30.0713L25.2568 30.4762C25.0583 30.0792 24.7565 29.8555 24.3026 29.8555C23.6899 29.8555 23.2373 30.3399 23.2373 31.0638C23.2373 31.7877 23.6899 32.272 24.3026 32.272C24.7552 32.272 25.0583 32.0497 25.2568 31.6514L26.1553 32.0563C25.8219 32.8279 25.1774 33.1772 24.3026 33.1772C23.0785 33.1772 22.2355 32.3025 22.2355 31.0625V31.0651Z" fill="black"></path><path d="M30.5874 31.3827H27.5581C27.6693 32.0113 28.1153 32.3051 28.6473 32.3051C29.1316 32.3051 29.4109 32.0907 29.6808 31.7083L30.5159 32.1609C30.1348 32.7736 29.5617 33.1786 28.5917 33.1786C27.2167 33.1786 26.5484 32.0894 26.5484 31.0638C26.5484 30.0382 27.2723 28.949 28.5838 28.949C29.8952 28.949 30.5874 29.9667 30.5874 30.9765V31.3814V31.3827ZM29.5776 30.6033C29.5062 30.1586 29.1409 29.8079 28.5838 29.8079C28.1391 29.8079 27.7408 30.0938 27.5978 30.6033H29.5776V30.6033Z" fill="black"></path><path d="M31.0294 32.2416L31.7374 31.6448C31.9677 32.0577 32.2866 32.3051 32.7551 32.3051C33.0965 32.3051 33.3281 32.1463 33.3281 31.8922C33.3281 31.6381 33.0105 31.4952 32.4613 31.343C31.785 31.1604 31.253 30.7713 31.253 30.1507C31.253 29.4665 31.8975 28.9503 32.7154 28.9503C33.4472 28.9503 33.876 29.3156 34.1142 29.7139L33.4776 30.2631C33.2553 29.9058 32.9602 29.7933 32.7061 29.7933C32.3726 29.7933 32.1728 29.9442 32.1728 30.1189C32.1728 30.365 32.3951 30.4762 33.0634 30.6522C33.7397 30.8269 34.2796 31.1855 34.2796 31.8922C34.2796 32.5989 33.7225 33.1799 32.6902 33.1799C31.9028 33.1799 31.3311 32.8464 31.0281 32.2416H31.0294Z" fill="black"></path><path d="M23.5046 47.8549H24.2007C24.3979 47.8549 24.4045 47.8443 24.3609 47.6498C24.2643 47.2263 24.1796 46.8015 24.0724 46.382C24.0155 46.161 24.0287 46.0207 24.2391 45.8579C24.7473 45.4675 24.7658 44.7013 24.3212 44.2315C23.8792 43.7643 23.1288 43.763 22.6855 44.2275C22.2395 44.696 22.2514 45.4636 22.7609 45.854C22.9898 46.0286 22.9925 46.1822 22.9237 46.4018C22.9171 46.423 22.9118 46.4429 22.9078 46.464C22.8165 46.8743 22.7238 47.2859 22.6339 47.6961C22.6021 47.8443 22.614 47.8562 22.7715 47.8562C23.0163 47.8562 23.2611 47.8562 23.506 47.8562M23.4954 41.1361C24.2179 41.1361 24.9392 41.1334 25.6604 41.1374C25.7689 41.1374 25.8166 41.1096 25.8139 40.9932C25.8086 40.62 25.8139 40.2454 25.81 39.8723C25.806 39.5771 25.7517 39.29 25.634 39.0187C25.1602 37.9229 24.0406 37.3803 22.88 37.6807C22.0357 37.8991 21.329 38.668 21.2337 39.5374C21.1808 40.0139 21.2072 40.4982 21.1914 40.9786C21.1874 41.1056 21.235 41.1387 21.3568 41.1387C22.0701 41.1334 22.7834 41.1361 23.4967 41.1361M23.4967 50.6023C22.217 50.6023 20.9359 50.6023 19.6562 50.6023C18.6849 50.6023 17.9186 50.0041 17.699 49.0592C17.6619 48.903 17.654 48.735 17.654 48.5735C17.6513 46.7856 17.6566 44.9977 17.65 43.2112C17.6473 42.4899 17.9028 41.9037 18.4943 41.4815C18.8132 41.2539 19.1758 41.1427 19.5689 41.1374C19.7396 41.1348 19.7383 41.1321 19.7396 40.9627C19.7436 40.5035 19.7198 40.0403 19.7595 39.5851C19.9408 37.4822 21.7631 35.9683 23.862 36.1549C25.7584 36.3243 27.2578 37.96 27.2617 39.867C27.2617 40.2282 27.2617 40.5895 27.2617 40.9495C27.2617 41.1321 27.2617 41.1308 27.4457 41.1387C28.2159 41.1731 28.7796 41.5357 29.1436 42.212C29.3024 42.5071 29.3513 42.8274 29.3513 43.1595C29.3513 44.9779 29.3553 46.7949 29.3513 48.6132C29.3487 49.5965 28.732 50.3601 27.7845 50.5639C27.6429 50.5943 27.4946 50.6023 27.3491 50.6023C26.0641 50.6049 24.7804 50.6036 23.4954 50.6036" fill="black"></path></svg><p class="styled__StyledBodyText-sc-119w3hf-5 ggtTyf styled__DarkGreyBodyText-sc-9yzfq2-2 lmkdDf">Low Everyday Price</p></div></div></div></div><div class="styles__StyledBuyBoxWrapper-dvv1wj-4 dSvjUC"><div class="styles__StyledBuyBoxContainer-sc-1wx0qp6-0 erryje" data-auto="buybox-container"><div class="styles__SafeFormWrapper-jtpu2t-0 lcrYKS"><form action="https://www.tesco.com/groceries/en-GB/trolley/items/301979435?_method=PUT" method="POST"><input type="submit" class="hidden"><input name="id" type="hidden" value="301979435"><input name="identifier" type="hidden" value="Page"><input name="anchorId" type="hidden" value="#tile-301979435"><input name="returnUrl" type="hidden" value="/groceries/en-GB/shop/health-and-beauty/all?redirectIfUnavailable=true#tile-301979435"><input name="backToUrl" type="hidden" value="#"><input name="oldValue" type="hidden" value="0"><input name="oldUnitChoice" type="hidden" value="pcs"><input name="newUnitChoice" type="hidden" value="pcs"><div class="base-components__RootElement-sc-1mosoyj-1 styled__Container-sc-6nhkzi-0 jptQqM hSNpTb beans-buybox__container"><div class="base-components__BaseElement-sc-1mosoyj-0 styled__PriceAndActions-sc-6nhkzi-3 oznwo eEPLov beans-buybox__price-and-actions"><div class="base-components__RootElement-sc-1mosoyj-1 styled__Container-sc-8qlq5b-0 jptQqM bgZrjw styled__StyledPrice-sc-6nhkzi-5 iYHeik beans-buybox__price beans-price__container"><p class="styled__StyledHeading-sc-119w3hf-2 jWPEtj styled__Text-sc-8qlq5b-1 lnaeiZ beans-price__text">£3.50</p><p class="styled__StyledFootnote-sc-119w3hf-7 icrlVF styled__Subtext-sc-8qlq5b-2 bNJmdc beans-price__subtext">£2.74/100sht</p></div><div class="base-components__RootElement-sc-1mosoyj-1 styled__Container-vtxwzb-0 jptQqM bDFhXJ beans-buybox__actions beans-quantity-controls__container"><div class="base-components__RootElement-sc-1mosoyj-1 styled__Container-sc-16t2b2a-0 jptQqM PUfgZ styled__StyledFormGroup-vtxwzb-1 kzKuAr beans-quantity-controls__form-group beans-form-group__container"><label class="styled__StyledLabel-sc-1ttuvhr-0 izGEjV beans-form-group__label beans-label" for="quantity-controls-301979435">Quantity controls </label><div class="base-components__BaseElement-sc-1mosoyj-0 styled__Children-sc-16t2b2a-3 oznwo gdJvjO beans-form-group__children"><div class="styled__StyledQuantityControlWrapper-vtxwzb-6 LCxOg"><label id="quantity-controls-301979435-label" class="styled__VisuallyHiddenLabel-vtxwzb-7 gXlLiM">Quantity of Kleenex Balsam Twin Pack Tissues 64S</label><div class="component__Wrapper-sc-1kpmik-3 dReplG input-wrapper"><input class="base-components__RootElement-sc-1mosoyj-1 styled__StyledInput-sc-1jd5f57-0 component__StyledAsInput-sc-1kpmik-4 jptQqM eJLlow styled__StyledInput-vtxwzb-3 lwMHo beans-quantity-controls__input beans-input" data-auto="beans-quantity-controls-input" autocomplete="off" id="quantity-controls-301979435" maxlength="2" name="newValue" type="number" aria-labelledby="quantity-controls-301979435-label" value="1"></div></div><button class="styled__BaseButton-rsekm1-0 styled__PrimaryButton-rsekm1-2 jChbeY geeWOF styled__StyledButton-vtxwzb-5 japAxb beans-quantity-controls__add-button beans-button__container" type="submit" data-auto="beans-quantity-controls-add-button" aria-label="Quantity of Kleenex Balsam Twin Pack Tissues 64S"><span class="base-components__BaseElement-sc-1mosoyj-0 styled__InnerContainer-rsekm1-1 oznwo fuFres beans-button__inner-container"><span class="base-components__BaseElement-sc-1mosoyj-0 styled__TextSpan-rsekm1-4 oznwo GDiMp beans-button__text">Add</span></span></button></div></div></div></div></div><input name="_csrf" type="hidden" value="0WbpBJF9-cS-fAMl-ByHnl5hECj1JaZiBQ20"></form></div></div></div></div><div class="hidden-medium product-info-section-small"><div class="product-info-message-list"><div class="styled__WhiteBackground-sc-9yzfq2-1 jthPIJ"><svg width="56" height="61" viewBox="0 0 56 61" fill="none" xmlns="http://www.w3.org/2000/svg"><path d="M30.8759 45.8182C40.0086 42.7996 46.6572 34.3312 46.9801 24.2629H47V23.502V22.7397H46.9801C46.5765 10.112 36.2237 0 23.4993 0C10.5209 0 0 10.5209 0 23.4993C0 33.8972 6.75323 42.7162 16.1109 45.8142L16.1294 42.8684C13.3741 41.8189 10.9007 40.1978 8.8508 38.1492C5.099 34.3961 2.78308 29.2256 2.78308 23.4993C2.78308 17.7744 5.10032 12.6039 8.8508 8.84947C12.6039 5.09768 17.7744 2.78175 23.5007 2.78175C29.2256 2.78175 34.3961 5.09768 38.1505 8.84947C41.9023 12.6026 44.2182 17.7731 44.2182 23.4993C44.2182 29.2256 41.901 34.3948 38.1505 38.1492C36.1033 40.1952 33.6338 41.815 30.8838 42.8644L30.8772 45.8182H30.8759Z" fill="#EE1C2E"></path><path d="M9.82217 16.0368C10.5434 14.6962 11.4566 13.472 12.5245 12.4041C15.3354 9.59453 19.2116 7.85825 23.4994 7.85825C27.7871 7.85825 31.6633 9.59453 34.4742 12.4041C35.5435 13.4734 36.4553 14.6962 37.1765 16.0368H38.6256C35.8995 10.4309 30.1507 6.56662 23.498 6.56662C16.8454 6.56662 11.0966 10.4309 8.37042 16.0368H9.81952H9.82217Z" fill="black"></path><path d="M38.2419 28.245C37.4743 30.5728 36.1694 32.6571 34.4742 34.3537C32.8385 35.9881 30.8428 37.2599 28.6142 38.038C28.605 38.0407 28.5825 38.0394 28.5878 38.0473C28.773 38.3278 28.7836 39.3429 28.7836 39.3429C33.9567 37.6318 38.0142 33.4763 39.593 28.245H38.2419Z" fill="black"></path><path d="M12.5245 34.3537C10.4322 32.2601 8.9355 29.5763 8.30822 26.5722H6.99409C8.14941 32.5791 12.4994 37.4491 18.2085 39.3416C18.2111 39.3416 18.2177 39.3482 18.2177 39.3442C18.2627 38.2286 18.3898 38.0394 18.3898 38.0394C18.3818 38.0367 18.3726 38.0341 18.3646 38.0301C16.144 37.2519 14.1536 35.9828 12.5232 34.3524L12.5245 34.3537Z" fill="black"></path><path d="M17.6645 15.8727H20.1062V16.8335H16.623V11.2289H17.6645V15.8727Z" fill="black"></path><path d="M20.527 13.6745C20.7031 13.3516 20.9532 13.0975 21.2761 12.9136C21.599 12.7296 21.9682 12.637 22.3851 12.637C22.8019 12.637 23.1712 12.7296 23.4941 12.9136C23.817 13.0975 24.0658 13.3516 24.2431 13.6745C24.4191 13.9974 24.5065 14.3614 24.5065 14.7676C24.5065 15.1739 24.4191 15.5379 24.2431 15.8608C24.0671 16.1837 23.817 16.4364 23.4941 16.6217C23.1712 16.8057 22.8019 16.897 22.3851 16.897C21.9682 16.897 21.599 16.8057 21.2761 16.6217C20.9532 16.4378 20.7031 16.1837 20.527 15.8608C20.351 15.5379 20.2637 15.1739 20.2637 14.7676C20.2637 14.3614 20.351 13.9974 20.527 13.6745ZM21.5805 15.6477C21.7856 15.8727 22.0542 15.9838 22.3851 15.9838C22.7159 15.9838 22.9846 15.8713 23.1897 15.6477C23.3948 15.424 23.498 15.1303 23.498 14.7676C23.498 14.405 23.3948 14.1112 23.1897 13.8876C22.9846 13.6639 22.7159 13.5515 22.3851 13.5515C22.0542 13.5515 21.7856 13.6639 21.5805 13.8876C21.3753 14.1112 21.2721 14.405 21.2721 14.7676C21.2721 15.1303 21.3753 15.424 21.5805 15.6477Z" fill="black"></path><path d="M29.1687 16.8334H28.208L27.5119 14.1271L26.8158 16.8334H25.855L24.566 12.7018H25.5347L26.3182 15.4082L27.0315 12.7018H27.9923L28.7056 15.4082L29.489 12.7018H30.4577L29.1687 16.8334Z" fill="black"></path><path d="M8.61654 18.931H5.58202V20.4026H8.01572V21.6042H5.58202V23.5377H8.71579V24.738H4.27981V17.7294H8.61654V18.931Z" fill="black"></path><path d="M8.73168 19.5715H9.9836L11.2051 23.0269L12.4266 19.5715H13.6785L11.7662 24.738H10.644L8.73168 19.5715Z" fill="black"></path><path d="M18.7126 22.5558H14.8973C14.9635 22.9369 15.121 23.2254 15.3684 23.4226C15.6159 23.6198 15.9163 23.7177 16.2697 23.7177C16.5635 23.7177 16.8083 23.6555 17.0055 23.5324C17.2027 23.4093 17.3906 23.2201 17.5719 22.966L18.6226 23.5377C18.3686 23.9519 18.047 24.2682 17.6566 24.4892C17.2662 24.7089 16.7805 24.8201 16.1995 24.8201C15.6517 24.8201 15.1832 24.6917 14.7928 24.435C14.4024 24.1782 14.1099 23.8461 13.9167 23.4385C13.7235 23.0322 13.6269 22.6047 13.6269 22.1574C13.6269 21.7101 13.7288 21.2827 13.9326 20.8764C14.1364 20.4688 14.4315 20.1366 14.8192 19.8799C15.207 19.6231 15.6636 19.4948 16.1916 19.4948C16.7196 19.4948 17.1828 19.6152 17.5626 19.8547C17.9438 20.0956 18.2296 20.4106 18.4241 20.801C18.6174 21.1914 18.714 21.6069 18.714 22.0476V22.5584L18.7126 22.5558ZM17.4409 21.5751C17.3945 21.2813 17.2582 21.0418 17.0346 20.8539C16.8109 20.6673 16.5291 20.5733 16.1889 20.5733C15.9018 20.5733 15.645 20.662 15.4174 20.838C15.1911 21.0153 15.0336 21.2602 14.9463 21.5738H17.4395L17.4409 21.5751Z" fill="black"></path><path d="M19.3849 19.5715H20.6263V20.3523C20.7732 20.0718 20.9809 19.8587 21.2469 19.7118C21.5142 19.5649 21.8107 19.4921 22.1376 19.4921C22.4644 19.4921 22.745 19.5689 22.9382 19.7224L22.5174 20.7732C22.344 20.6805 22.1601 20.6329 21.9668 20.6329C21.5791 20.6329 21.2588 20.7996 21.0061 21.1331C20.752 21.4666 20.6249 21.9814 20.6249 22.6749V24.738H19.3836V19.5715H19.3849Z" fill="black"></path><path d="M24.8518 24.4178L22.9792 19.5715H24.2312L25.4434 22.8562L26.5841 19.5715H27.8255L25.1827 26.7813H23.981L24.8518 24.4178Z" fill="black"></path><path d="M28.8074 24.4786C28.4607 24.251 28.1881 23.9347 27.9909 23.5271C27.7937 23.1195 27.6958 22.663 27.6958 22.1548C27.6958 21.6466 27.7911 21.1821 27.9816 20.7785C28.1722 20.3748 28.4369 20.0585 28.7783 19.8322C29.1184 19.6059 29.5088 19.4921 29.9495 19.4921C30.2962 19.4921 30.6006 19.5543 30.86 19.6774C31.1207 19.8005 31.3205 19.9765 31.4608 20.2028V17.65H32.7021V24.7393H31.4608V24.1187C31.3139 24.3251 31.1141 24.4945 30.86 24.6242C30.6059 24.7539 30.3055 24.8201 29.9588 24.8201C29.5379 24.8201 29.1541 24.7063 28.8074 24.48V24.4786ZM31.1763 23.2664C31.4198 22.9925 31.5415 22.6219 31.5415 22.1548C31.5415 21.6876 31.4198 21.3171 31.1763 21.0431C30.9328 20.7692 30.6271 20.6329 30.2605 20.6329C29.8939 20.6329 29.5882 20.7705 29.3447 21.0431C29.1012 21.3171 28.9795 21.6876 28.9795 22.1548C28.9795 22.6219 29.1012 22.9925 29.3447 23.2664C29.5882 23.5404 29.8939 23.6767 30.2605 23.6767C30.6271 23.6767 30.9328 23.5404 31.1763 23.2664Z" fill="black"></path><path d="M34.2624 24.6388C33.9951 24.5183 33.782 24.3437 33.6219 24.1134C33.4618 23.8831 33.3824 23.6079 33.3824 23.2876C33.3824 22.7807 33.5729 22.3718 33.9527 22.0608C34.3339 21.7511 34.8473 21.595 35.4945 21.595H36.6061V21.415C36.6061 21.1543 36.5161 20.9465 36.3361 20.789C36.1562 20.6329 35.9127 20.5535 35.6056 20.5535C35.3582 20.5535 35.1345 20.6183 34.9347 20.7493C34.7349 20.879 34.584 21.0312 34.4834 21.2046L33.5319 20.6342C33.7119 20.3073 33.9792 20.0347 34.3325 19.8177C34.6859 19.6006 35.1094 19.4921 35.6043 19.4921C36.3123 19.4921 36.8629 19.6615 37.2559 20.003C37.6503 20.3431 37.8461 20.834 37.8461 21.4746V24.7393H36.8245L36.6538 24.079C36.487 24.3066 36.2753 24.4866 36.0172 24.6189C35.7605 24.7526 35.4574 24.8187 35.1107 24.8187C34.8103 24.8187 34.5271 24.7592 34.2598 24.6388H34.2624ZM36.2607 23.457C36.491 23.2572 36.6061 23.0097 36.6061 22.7159V22.5756H35.6255C35.3383 22.5756 35.1094 22.6312 34.94 22.741C34.7693 22.8509 34.6846 23.0031 34.6846 23.1963C34.6846 23.3763 34.7468 23.5152 34.8698 23.6118C34.9929 23.7084 35.1755 23.7574 35.4151 23.7574C35.7486 23.7574 36.0304 23.6568 36.2607 23.457V23.457Z" fill="black"></path><path d="M39.7571 24.4178L37.8845 19.5715H39.1364L40.3473 22.8562L41.4894 19.5715H42.7308L40.088 26.7813H38.8863L39.7571 24.4178Z" fill="black"></path><path d="M13.652 33.1164H12.6185V27.5515H14.6618C15.7985 27.5515 16.4589 28.3072 16.4589 29.2772C16.4589 30.2473 15.7985 31.0029 14.6618 31.0029H13.652V33.1177V33.1164ZM15.4095 29.2759C15.4095 28.7505 15.076 28.5044 14.5824 28.5044H13.652V30.0461H14.5824C15.0747 30.0461 15.4095 29.8 15.4095 29.2746V29.2759Z" fill="black"></path><path d="M17.0981 29.0139H18.084V29.6345C18.3222 29.1899 18.7682 28.9503 19.2843 28.9503C19.5464 28.9503 19.7687 29.0139 19.9209 29.133L19.5874 29.968C19.4524 29.8966 19.3095 29.8569 19.1507 29.8569C18.5856 29.8569 18.0854 30.3015 18.0854 31.4793V33.1177H17.0994V29.0152L17.0981 29.0139Z" fill="black"></path><path d="M20.9703 27.312C21.3356 27.312 21.6069 27.5899 21.6069 27.9485C21.6069 28.3072 21.3369 28.5851 20.9703 28.5851C20.6038 28.5851 20.3338 28.3072 20.3338 27.9485C20.3338 27.5899 20.6038 27.312 20.9703 27.312ZM21.4626 33.1164H20.4767V29.0139H21.4626V33.1164Z" fill="black"></path><path d="M22.2355 31.0651C22.2355 29.8251 23.0785 28.9503 24.3026 28.9503C25.1774 28.9503 25.8205 29.2997 26.1553 30.0713L25.2568 30.4762C25.0583 30.0792 24.7565 29.8555 24.3026 29.8555C23.6899 29.8555 23.2373 30.3399 23.2373 31.0638C23.2373 31.7877 23.6899 32.272 24.3026 32.272C24.7552 32.272 25.0583 32.0497 25.2568 31.6514L26.1553 32.0563C25.8219 32.8279 25.1774 33.1772 24.3026 33.1772C23.0785 33.1772 22.2355 32.3025 22.2355 31.0625V31.0651Z" fill="black"></path><path d="M30.5874 31.3827H27.5581C27.6693 32.0113 28.1153 32.3051 28.6473 32.3051C29.1316 32.3051 29.4109 32.0907 29.6808 31.7083L30.5159 32.1609C30.1348 32.7736 29.5617 33.1786 28.5917 33.1786C27.2167 33.1786 26.5484 32.0894 26.5484 31.0638C26.5484 30.0382 27.2723 28.949 28.5838 28.949C29.8952 28.949 30.5874 29.9667 30.5874 30.9765V31.3814V31.3827ZM29.5776 30.6033C29.5062 30.1586 29.1409 29.8079 28.5838 29.8079C28.1391 29.8079 27.7408 30.0938 27.5978 30.6033H29.5776V30.6033Z" fill="black"></path><path d="M31.0294 32.2416L31.7374 31.6448C31.9677 32.0577 32.2866 32.3051 32.7551 32.3051C33.0965 32.3051 33.3281 32.1463 33.3281 31.8922C33.3281 31.6381 33.0105 31.4952 32.4613 31.343C31.785 31.1604 31.253 30.7713 31.253 30.1507C31.253 29.4665 31.8975 28.9503 32.7154 28.9503C33.4472 28.9503 33.876 29.3156 34.1142 29.7139L33.4776 30.2631C33.2553 29.9058 32.9602 29.7933 32.7061 29.7933C32.3726 29.7933 32.1728 29.9442 32.1728 30.1189C32.1728 30.365 32.3951 30.4762 33.0634 30.6522C33.7397 30.8269 34.2796 31.1855 34.2796 31.8922C34.2796 32.5989 33.7225 33.1799 32.6902 33.1799C31.9028 33.1799 31.3311 32.8464 31.0281 32.2416H31.0294Z" fill="black"></path><path d="M23.5046 47.8549H24.2007C24.3979 47.8549 24.4045 47.8443 24.3609 47.6498C24.2643 47.2263 24.1796 46.8015 24.0724 46.382C24.0155 46.161 24.0287 46.0207 24.2391 45.8579C24.7473 45.4675 24.7658 44.7013 24.3212 44.2315C23.8792 43.7643 23.1288 43.763 22.6855 44.2275C22.2395 44.696 22.2514 45.4636 22.7609 45.854C22.9898 46.0286 22.9925 46.1822 22.9237 46.4018C22.9171 46.423 22.9118 46.4429 22.9078 46.464C22.8165 46.8743 22.7238 47.2859 22.6339 47.6961C22.6021 47.8443 22.614 47.8562 22.7715 47.8562C23.0163 47.8562 23.2611 47.8562 23.506 47.8562M23.4954 41.1361C24.2179 41.1361 24.9392 41.1334 25.6604 41.1374C25.7689 41.1374 25.8166 41.1096 25.8139 40.9932C25.8086 40.62 25.8139 40.2454 25.81 39.8723C25.806 39.5771 25.7517 39.29 25.634 39.0187C25.1602 37.9229 24.0406 37.3803 22.88 37.6807C22.0357 37.8991 21.329 38.668 21.2337 39.5374C21.1808 40.0139 21.2072 40.4982 21.1914 40.9786C21.1874 41.1056 21.235 41.1387 21.3568 41.1387C22.0701 41.1334 22.7834 41.1361 23.4967 41.1361M23.4967 50.6023C22.217 50.6023 20.9359 50.6023 19.6562 50.6023C18.6849 50.6023 17.9186 50.0041 17.699 49.0592C17.6619 48.903 17.654 48.735 17.654 48.5735C17.6513 46.7856 17.6566 44.9977 17.65 43.2112C17.6473 42.4899 17.9028 41.9037 18.4943 41.4815C18.8132 41.2539 19.1758 41.1427 19.5689 41.1374C19.7396 41.1348 19.7383 41.1321 19.7396 40.9627C19.7436 40.5035 19.7198 40.0403 19.7595 39.5851C19.9408 37.4822 21.7631 35.9683 23.862 36.1549C25.7584 36.3243 27.2578 37.96 27.2617 39.867C27.2617 40.2282 27.2617 40.5895 27.2617 40.9495C27.2617 41.1321 27.2617 41.1308 27.4457 41.1387C28.2159 41.1731 28.7796 41.5357 29.1436 42.212C29.3024 42.5071 29.3513 42.8274 29.3513 43.1595C29.3513 44.9779 29.3553 46.7949 29.3513 48.6132C29.3487 49.5965 28.732 50.3601 27.7845 50.5639C27.6429 50.5943 27.4946 50.6023 27.3491 50.6023C26.0641 50.6049 24.7804 50.6036 23.4954 50.6036" fill="black"></path></svg><p class="styled__StyledBodyText-sc-119w3hf-5 ggtTyf styled__DarkGreyBodyText-sc-9yzfq2-2 lmkdDf">Low Everyday Price</p></div></div></div></div></div></div></div></li><li class="product-list--list-item"><div class="styles__StyledVerticalTileWrapper-dvv1wj-0 dtCNPH"><div data-auto="product-tile" data-auto-type="Quantity" data-auto-available="true" data-auto-is-restricted-disabled="false" data-auto-is-substitute="false" class="styles__StyledVerticalTile-dvv1wj-1 gSCsYK"><div class="styles__StyledTileContentWrapper-dvv1wj-2 bkNhNP beans"><div id="tile-265019331" data-auto-id="265019331" class="styles__StyledTiledContent-dvv1wj-3 bcglTg"><a href="https://www.tesco.com/groceries/en-GB/products/265019331" aria-hidden="true" class="product-image-wrapper" tabindex="1"><div class="product-image__container"><picture><img class="styled__Image-sjvkdn-0 bJErKA product-image beans-responsive-image__image" src="./tesco_html_brand_healthbeauty_files/5ee98062-f84e-4366-be11-d3b687fe5f70_1882800791.jpeg" srcset="https://digitalcontent.api.tesco.com/v2/media/ghs/4c337900-6212-409a-91b0-976e9411e706/5ee98062-f84e-4366-be11-d3b687fe5f70_1882800791.jpeg?h=225&amp;w=225 768w, https://digitalcontent.api.tesco.com/v2/media/ghs/4c337900-6212-409a-91b0-976e9411e706/5ee98062-f84e-4366-be11-d3b687fe5f70_1882800791.jpeg?h=225&amp;w=225 4000w" alt="Tesco Large Oval Cotton Wool Pads Double Faced 50"></picture></div></a><div class="product-details--wrapper"><h3 class="styles__H3-oa5soe-0 bCKNNq"><a href="https://www.tesco.com/groceries/en-GB/products/265019331" class="styled__Anchor-sc-1xbujuz-0 csVOnh beans-link__anchor" data-auto="product-tile--title"><span class="styled__Text-sc-1xbujuz-1 ldbwMG beans-link__text">Tesco Large Oval Cotton Wool Pads Double Faced 50</span></a></h3><div class="styles__StyledPromotionsAboveMobile-dvv1wj-7 iPTMuo"></div><div class="styles__StyledProductDetailsContent-dvv1wj-5 ddRSrq"><a href="https://www.tesco.com/groceries/en-GB/reviews/submission/265019331?from=%2Fshop%2Fhealth-and-beauty%2Fall" aria-label="Write a review for Tesco Large Oval Cotton Wool Pads Double Faced 50" class="styled__Anchor-sc-1xbujuz-0 jSzuDt write-a-review-link beans-link__anchor" data-auto="review-link"><span class="styled__Text-sc-1xbujuz-1 fyDIEo beans-link__text">Write a review</span><span class="styled__IconContainer-sc-1xbujuz-2 bSauSL beans-link__icon-container"><svg aria-hidden="true" class="styled__SVG-xxa4wh-1 hQMCqc beans-link__icon beans-icon__svg" height="13.33" preserveAspectRatio="xMinYMax meet" viewBox="-1 0 12 20" width="8" xmlns="http://www.w3.org/2000/svg" color="currentColor"><path d="M1.312 1.348L10.276 10l-8.964 8.644" fill="none" stroke="currentColor"></path></svg></span></a><div><a href="https://www.tesco.com/groceries/en-GB/shop/health-and-beauty/face-skincare/make-up-remover/cotton-wool-pads" class="styled__Anchor-sc-1xbujuz-0 jSzuDt rest-of-shelf-link beans-link__anchor" data-auto="rest-of-shelf-link"><span class="styled__Text-sc-1xbujuz-1 fyDIEo beans-link__text">Rest of <span class="visually-hidden">Cotton Wool Pads</span> shelf</span><span class="styled__IconContainer-sc-1xbujuz-2 bSauSL beans-link__icon-container"><svg aria-hidden="true" class="styled__SVG-xxa4wh-1 hQMCqc beans-link__icon beans-icon__svg" height="13.33" preserveAspectRatio="xMinYMax meet" viewBox="-1 0 12 20" width="8" xmlns="http://www.w3.org/2000/svg" color="currentColor"><path d="M1.312 1.348L10.276 10l-8.964 8.644" fill="none" stroke="currentColor"></path></svg></span></a></div><div class="product-info-message-section"><div class="product-info-message-list"></div></div></div><div class="styles__StyledBuyBoxWrapper-dvv1wj-4 dSvjUC"><div class="styles__StyledBuyBoxContainer-sc-1wx0qp6-0 erryje" data-auto="buybox-container"><div class="styles__SafeFormWrapper-jtpu2t-0 lcrYKS"><form action="https://www.tesco.com/groceries/en-GB/trolley/items/265019331?_method=PUT" method="POST"><input type="submit" class="hidden"><input name="id" type="hidden" value="265019331"><input name="identifier" type="hidden" value="Page"><input name="anchorId" type="hidden" value="#tile-265019331"><input name="returnUrl" type="hidden" value="/groceries/en-GB/shop/health-and-beauty/all?redirectIfUnavailable=true#tile-265019331"><input name="backToUrl" type="hidden" value="#"><input name="oldValue" type="hidden" value="0"><input name="oldUnitChoice" type="hidden" value="pcs"><input name="newUnitChoice" type="hidden" value="pcs"><div class="base-components__RootElement-sc-1mosoyj-1 styled__Container-sc-6nhkzi-0 jptQqM hSNpTb beans-buybox__container"><div class="base-components__BaseElement-sc-1mosoyj-0 styled__PriceAndActions-sc-6nhkzi-3 oznwo eEPLov beans-buybox__price-and-actions"><div class="base-components__RootElement-sc-1mosoyj-1 styled__Container-sc-8qlq5b-0 jptQqM bgZrjw styled__StyledPrice-sc-6nhkzi-5 iYHeik beans-buybox__price beans-price__container"><p class="styled__StyledHeading-sc-119w3hf-2 jWPEtj styled__Text-sc-8qlq5b-1 lnaeiZ beans-price__text">£1.85</p><p class="styled__StyledFootnote-sc-119w3hf-7 icrlVF styled__Subtext-sc-8qlq5b-2 bNJmdc beans-price__subtext">£0.04/each</p></div><div class="base-components__RootElement-sc-1mosoyj-1 styled__Container-vtxwzb-0 jptQqM bDFhXJ beans-buybox__actions beans-quantity-controls__container"><div class="base-components__RootElement-sc-1mosoyj-1 styled__Container-sc-16t2b2a-0 jptQqM PUfgZ styled__StyledFormGroup-vtxwzb-1 kzKuAr beans-quantity-controls__form-group beans-form-group__container"><label class="styled__StyledLabel-sc-1ttuvhr-0 izGEjV beans-form-group__label beans-label" for="quantity-controls-265019331">Quantity controls </label><div class="base-components__BaseElement-sc-1mosoyj-0 styled__Children-sc-16t2b2a-3 oznwo gdJvjO beans-form-group__children"><div class="styled__StyledQuantityControlWrapper-vtxwzb-6 LCxOg"><label id="quantity-controls-265019331-label" class="styled__VisuallyHiddenLabel-vtxwzb-7 gXlLiM">Quantity of Tesco Large Oval Cotton Wool Pads Double Faced 50</label><div class="component__Wrapper-sc-1kpmik-3 dReplG input-wrapper"><input class="base-components__RootElement-sc-1mosoyj-1 styled__StyledInput-sc-1jd5f57-0 component__StyledAsInput-sc-1kpmik-4 jptQqM eJLlow styled__StyledInput-vtxwzb-3 lwMHo beans-quantity-controls__input beans-input" data-auto="beans-quantity-controls-input" autocomplete="off" id="quantity-controls-265019331" maxlength="2" name="newValue" type="number" aria-labelledby="quantity-controls-265019331-label" value="1"></div></div><button class="styled__BaseButton-rsekm1-0 styled__PrimaryButton-rsekm1-2 jChbeY geeWOF styled__StyledButton-vtxwzb-5 japAxb beans-quantity-controls__add-button beans-button__container" type="submit" data-auto="beans-quantity-controls-add-button" aria-label="Quantity of Tesco Large Oval Cotton Wool Pads Double Faced 50"><span class="base-components__BaseElement-sc-1mosoyj-0 styled__InnerContainer-rsekm1-1 oznwo fuFres beans-button__inner-container"><span class="base-components__BaseElement-sc-1mosoyj-0 styled__TextSpan-rsekm1-4 oznwo GDiMp beans-button__text">Add</span></span></button></div></div></div></div></div><input name="_csrf" type="hidden" value="0WbpBJF9-cS-fAMl-ByHnl5hECj1JaZiBQ20"></form></div></div></div></div><div class="hidden-medium product-info-section-small"><div class="product-info-message-list"></div></div></div></div></div></div></li><li class="product-list--list-item"><div class="styles__StyledVerticalTileWrapper-dvv1wj-0 dtCNPH"><p class="styled__FlashSashContent-sc-9znnul-0 dYgYXb"><strong class="styled__FlashSashText-sc-9znnul-1 ggeHk">New</strong></p><div data-auto="product-tile" data-auto-type="Quantity" data-auto-available="true" data-auto-is-restricted-disabled="false" data-auto-is-substitute="false" class="styles__StyledVerticalTile-dvv1wj-1 gSCsYK"><div class="styles__StyledTileContentWrapper-dvv1wj-2 bkNhNP beans"><div id="tile-311427331" data-auto-id="311427331" class="styles__StyledTiledContent-dvv1wj-3 bcglTg"><a href="https://www.tesco.com/groceries/en-GB/products/311427331" aria-hidden="true" class="product-image-wrapper" tabindex="1"><div class="product-image__container"><picture><img class="styled__Image-sjvkdn-0 bJErKA product-image beans-responsive-image__image" src="./tesco_html_brand_healthbeauty_files/9db3e24a-0393-4293-b711-19a07827fa51_54564973.jpeg" srcset="https://digitalcontent.api.tesco.com/v2/media/ghs/7512df78-fa55-42bf-a4f4-0177e5fe5336/9db3e24a-0393-4293-b711-19a07827fa51_54564973.jpeg?h=225&amp;w=225 768w, https://digitalcontent.api.tesco.com/v2/media/ghs/7512df78-fa55-42bf-a4f4-0177e5fe5336/9db3e24a-0393-4293-b711-19a07827fa51_54564973.jpeg?h=225&amp;w=225 4000w" alt="Sanex Biomeprotect Moisturising Shower Gel Refill 1000Ml"></picture></div></a><div class="product-details--wrapper"><h3 class="styles__H3-oa5soe-0 bCKNNq"><a href="https://www.tesco.com/groceries/en-GB/products/311427331" class="styled__Anchor-sc-1xbujuz-0 csVOnh beans-link__anchor" data-auto="product-tile--title"><span class="styled__Text-sc-1xbujuz-1 ldbwMG beans-link__text">Sanex Biomeprotect Moisturising Shower Gel Refill 1000Ml</span></a></h3><div class="styles__StyledPromotionsAboveMobile-dvv1wj-7 iPTMuo"></div><div class="styles__StyledProductDetailsContent-dvv1wj-5 ddRSrq"><a href="https://www.tesco.com/groceries/en-GB/reviews/submission/311427331?from=%2Fshop%2Fhealth-and-beauty%2Fall" aria-label="Write a review for Sanex Biomeprotect Moisturising Shower Gel Refill 1000Ml" class="styled__Anchor-sc-1xbujuz-0 jSzuDt write-a-review-link beans-link__anchor" data-auto="review-link"><span class="styled__Text-sc-1xbujuz-1 fyDIEo beans-link__text">Write a review</span><span class="styled__IconContainer-sc-1xbujuz-2 bSauSL beans-link__icon-container"><svg aria-hidden="true" class="styled__SVG-xxa4wh-1 hQMCqc beans-link__icon beans-icon__svg" height="13.33" preserveAspectRatio="xMinYMax meet" viewBox="-1 0 12 20" width="8" xmlns="http://www.w3.org/2000/svg" color="currentColor"><path d="M1.312 1.348L10.276 10l-8.964 8.644" fill="none" stroke="currentColor"></path></svg></span></a><div><a href="https://www.tesco.com/groceries/en-GB/shop/health-and-beauty/shower-bath-and-hand-hygiene/shower/shower-gel" class="styled__Anchor-sc-1xbujuz-0 jSzuDt rest-of-shelf-link beans-link__anchor" data-auto="rest-of-shelf-link"><span class="styled__Text-sc-1xbujuz-1 fyDIEo beans-link__text">Rest of <span class="visually-hidden">Shower Gel</span> shelf</span><span class="styled__IconContainer-sc-1xbujuz-2 bSauSL beans-link__icon-container"><svg aria-hidden="true" class="styled__SVG-xxa4wh-1 hQMCqc beans-link__icon beans-icon__svg" height="13.33" preserveAspectRatio="xMinYMax meet" viewBox="-1 0 12 20" width="8" xmlns="http://www.w3.org/2000/svg" color="currentColor"><path d="M1.312 1.348L10.276 10l-8.964 8.644" fill="none" stroke="currentColor"></path></svg></span></a></div><div class="product-info-message-section"><div class="product-info-message-list"></div></div></div><div class="styles__StyledBuyBoxWrapper-dvv1wj-4 dSvjUC"><div class="styles__StyledBuyBoxContainer-sc-1wx0qp6-0 erryje" data-auto="buybox-container"><div class="styles__SafeFormWrapper-jtpu2t-0 lcrYKS"><form action="https://www.tesco.com/groceries/en-GB/trolley/items/311427331?_method=PUT" method="POST"><input type="submit" class="hidden"><input name="id" type="hidden" value="311427331"><input name="identifier" type="hidden" value="Page"><input name="anchorId" type="hidden" value="#tile-311427331"><input name="returnUrl" type="hidden" value="/groceries/en-GB/shop/health-and-beauty/all?redirectIfUnavailable=true#tile-311427331"><input name="backToUrl" type="hidden" value="#"><input name="oldValue" type="hidden" value="0"><input name="oldUnitChoice" type="hidden" value="pcs"><input name="newUnitChoice" type="hidden" value="pcs"><div class="base-components__RootElement-sc-1mosoyj-1 styled__Container-sc-6nhkzi-0 jptQqM hSNpTb beans-buybox__container"><div class="base-components__BaseElement-sc-1mosoyj-0 styled__PriceAndActions-sc-6nhkzi-3 oznwo eEPLov beans-buybox__price-and-actions"><div class="base-components__RootElement-sc-1mosoyj-1 styled__Container-sc-8qlq5b-0 jptQqM bgZrjw styled__StyledPrice-sc-6nhkzi-5 iYHeik beans-buybox__price beans-price__container"><p class="styled__StyledHeading-sc-119w3hf-2 jWPEtj styled__Text-sc-8qlq5b-1 lnaeiZ beans-price__text">£3.50</p><p class="styled__StyledFootnote-sc-119w3hf-7 icrlVF styled__Subtext-sc-8qlq5b-2 bNJmdc beans-price__subtext">£0.35/100ml</p></div><div class="base-components__RootElement-sc-1mosoyj-1 styled__Container-vtxwzb-0 jptQqM bDFhXJ beans-buybox__actions beans-quantity-controls__container"><div class="base-components__RootElement-sc-1mosoyj-1 styled__Container-sc-16t2b2a-0 jptQqM PUfgZ styled__StyledFormGroup-vtxwzb-1 kzKuAr beans-quantity-controls__form-group beans-form-group__container"><label class="styled__StyledLabel-sc-1ttuvhr-0 izGEjV beans-form-group__label beans-label" for="quantity-controls-311427331">Quantity controls </label><div class="base-components__BaseElement-sc-1mosoyj-0 styled__Children-sc-16t2b2a-3 oznwo gdJvjO beans-form-group__children"><div class="styled__StyledQuantityControlWrapper-vtxwzb-6 LCxOg"><label id="quantity-controls-311427331-label" class="styled__VisuallyHiddenLabel-vtxwzb-7 gXlLiM">Quantity of Sanex Biomeprotect Moisturising Shower Gel Refill 1000Ml</label><div class="component__Wrapper-sc-1kpmik-3 dReplG input-wrapper"><input class="base-components__RootElement-sc-1mosoyj-1 styled__StyledInput-sc-1jd5f57-0 component__StyledAsInput-sc-1kpmik-4 jptQqM eJLlow styled__StyledInput-vtxwzb-3 lwMHo beans-quantity-controls__input beans-input" data-auto="beans-quantity-controls-input" autocomplete="off" id="quantity-controls-311427331" maxlength="2" name="newValue" type="number" aria-labelledby="quantity-controls-311427331-label" value="1"></div></div><button class="styled__BaseButton-rsekm1-0 styled__PrimaryButton-rsekm1-2 jChbeY geeWOF styled__StyledButton-vtxwzb-5 japAxb beans-quantity-controls__add-button beans-button__container" type="submit" data-auto="beans-quantity-controls-add-button" aria-label="Quantity of Sanex Biomeprotect Moisturising Shower Gel Refill 1000Ml"><span class="base-components__BaseElement-sc-1mosoyj-0 styled__InnerContainer-rsekm1-1 oznwo fuFres beans-button__inner-container"><span class="base-components__BaseElement-sc-1mosoyj-0 styled__TextSpan-rsekm1-4 oznwo GDiMp beans-button__text">Add</span></span></button></div></div></div></div></div><input name="_csrf" type="hidden" value="0WbpBJF9-cS-fAMl-ByHnl5hECj1JaZiBQ20"></form></div></div></div></div><div class="hidden-medium product-info-section-small"><div class="product-info-message-list"></div></div></div></div></div></div></li><li class="product-list--list-item"><div class="styles__StyledVerticalTileWrapper-dvv1wj-0 dtCNPH"><div data-auto="product-tile" data-auto-type="Quantity" data-auto-available="true" data-auto-is-restricted-disabled="false" data-auto-is-substitute="false" class="styles__StyledVerticalTile-dvv1wj-1 gSCsYK"><div class="styles__StyledTileContentWrapper-dvv1wj-2 bkNhNP beans"><div id="tile-272373959" data-auto-id="272373959" class="styles__StyledTiledContent-dvv1wj-3 bcglTg"><a href="https://www.tesco.com/groceries/en-GB/products/272373959" aria-hidden="true" class="product-image-wrapper" tabindex="1"><div class="product-image__container"><picture><img class="styled__Image-sjvkdn-0 bJErKA product-image beans-responsive-image__image" src="./tesco_html_brand_healthbeauty_files/e52b9d10-a09a-4421-b952-792d6dd84feb_1823336381.jpeg" srcset="https://digitalcontent.api.tesco.com/v2/media/ghs/d387bf82-b487-4b06-b859-1eb0b390beae/e52b9d10-a09a-4421-b952-792d6dd84feb_1823336381.jpeg?h=225&amp;w=225 768w, https://digitalcontent.api.tesco.com/v2/media/ghs/d387bf82-b487-4b06-b859-1eb0b390beae/e52b9d10-a09a-4421-b952-792d6dd84feb_1823336381.jpeg?h=225&amp;w=225 4000w" alt="Colgate Total Original Care Toothpaste 125Ml"></picture></div></a><div class="product-details--wrapper"><h3 class="styles__H3-oa5soe-0 bCKNNq"><a href="https://www.tesco.com/groceries/en-GB/products/272373959" class="styled__Anchor-sc-1xbujuz-0 csVOnh beans-link__anchor" data-auto="product-tile--title"><span class="styled__Text-sc-1xbujuz-1 ldbwMG beans-link__text">Colgate Total Original Care Toothpaste 125Ml</span></a></h3><div class="styles__StyledProductDetailsContent-dvv1wj-5 ddRSrq"><a href="https://www.tesco.com/groceries/en-GB/reviews/submission/272373959?from=%2Fshop%2Fhealth-and-beauty%2Fall" aria-label="Write a review for Colgate Total Original Care Toothpaste 125Ml" class="styled__Anchor-sc-1xbujuz-0 jSzuDt write-a-review-link beans-link__anchor" data-auto="review-link"><span class="styled__Text-sc-1xbujuz-1 fyDIEo beans-link__text">Write a review</span><span class="styled__IconContainer-sc-1xbujuz-2 bSauSL beans-link__icon-container"><svg aria-hidden="true" class="styled__SVG-xxa4wh-1 hQMCqc beans-link__icon beans-icon__svg" height="13.33" preserveAspectRatio="xMinYMax meet" viewBox="-1 0 12 20" width="8" xmlns="http://www.w3.org/2000/svg" color="currentColor"><path d="M1.312 1.348L10.276 10l-8.964 8.644" fill="none" stroke="currentColor"></path></svg></span></a><div><a href="https://www.tesco.com/groceries/en-GB/shop/health-and-beauty/toothpaste-mouthwash-and-toothbrush/toothpaste/regular-toothpaste" class="styled__Anchor-sc-1xbujuz-0 jSzuDt rest-of-shelf-link beans-link__anchor" data-auto="rest-of-shelf-link"><span class="styled__Text-sc-1xbujuz-1 fyDIEo beans-link__text">Rest of <span class="visually-hidden">Regular Toothpaste</span> shelf</span><span class="styled__IconContainer-sc-1xbujuz-2 bSauSL beans-link__icon-container"><svg aria-hidden="true" class="styled__SVG-xxa4wh-1 hQMCqc beans-link__icon beans-icon__svg" height="13.33" preserveAspectRatio="xMinYMax meet" viewBox="-1 0 12 20" width="8" xmlns="http://www.w3.org/2000/svg" color="currentColor"><path d="M1.312 1.348L10.276 10l-8.964 8.644" fill="none" stroke="currentColor"></path></svg></span></a></div><div class="product-info-message-section"><div class="product-info-message-list"></div></div></div><div class="styles__StyledPromotionsWithBuyBoxWrapper-dvv1wj-8 cZskDh"><div class="styles__StyledPromotionsAboveMobile-dvv1wj-7 iPTMuo"><div class="styles__StyledPromotionsWithClubcardPriceContainer-sc-1vdpoop-0 bsPFbn"><div class="styles__StyledClubcardLogo-sc-1vdpoop-2 elOZEB"><div class="styles__Wrapper-sc-1d2phhy-0 hgBuQG undefined special-offer-sash"><span class="styles__CircleWrapper-sc-1d2phhy-2 hCbzjm"><strong class="styles__TextWrapper-sc-1d2phhy-1 bLXNGg">Clubcard Price</strong></span></div></div><a href="https://www.tesco.com/groceries/en-GB/promotions/88565276"><div class="styles__ProductPromotionStyling-sc-1vdpoop-3 WGKAK"><div class="styles__StyledPromotionsOfferContent-sc-1vdpoop-1 cPSekc"><span class="offer-text">£2.50 Clubcard Price</span></div><span class="dates">Offer valid for delivery from 02/11/2022 until 13/12/2022</span></div></a></div></div><div class="styles__StyledBuyBoxWrapper-dvv1wj-4 dSvjUC"><div class="styles__StyledBuyBoxContainer-sc-1wx0qp6-0 erryje" data-auto="buybox-container"><div class="styles__SafeFormWrapper-jtpu2t-0 lcrYKS"><form action="https://www.tesco.com/groceries/en-GB/trolley/items/272373959?_method=PUT" method="POST"><input type="submit" class="hidden"><input name="id" type="hidden" value="272373959"><input name="identifier" type="hidden" value="Page"><input name="anchorId" type="hidden" value="#tile-272373959"><input name="returnUrl" type="hidden" value="/groceries/en-GB/shop/health-and-beauty/all?redirectIfUnavailable=true#tile-272373959"><input name="backToUrl" type="hidden" value="#"><input name="oldValue" type="hidden" value="0"><input name="oldUnitChoice" type="hidden" value="pcs"><input name="newUnitChoice" type="hidden" value="pcs"><div class="base-components__RootElement-sc-1mosoyj-1 styled__Container-sc-6nhkzi-0 jptQqM hSNpTb beans-buybox__container"><div class="base-components__BaseElement-sc-1mosoyj-0 styled__PriceAndActions-sc-6nhkzi-3 oznwo eEPLov beans-buybox__price-and-actions"><div class="base-components__RootElement-sc-1mosoyj-1 styled__Container-sc-8qlq5b-0 jptQqM bgZrjw styled__StyledPrice-sc-6nhkzi-5 iYHeik beans-buybox__price beans-price__container"><p class="styled__StyledHeading-sc-119w3hf-2 jWPEtj styled__Text-sc-8qlq5b-1 lnaeiZ beans-price__text">£3.00</p><p class="styled__StyledFootnote-sc-119w3hf-7 icrlVF styled__Subtext-sc-8qlq5b-2 bNJmdc beans-price__subtext">£2.40/100ml</p></div><div class="base-components__RootElement-sc-1mosoyj-1 styled__Container-vtxwzb-0 jptQqM bDFhXJ beans-buybox__actions beans-quantity-controls__container"><div class="base-components__RootElement-sc-1mosoyj-1 styled__Container-sc-16t2b2a-0 jptQqM PUfgZ styled__StyledFormGroup-vtxwzb-1 kzKuAr beans-quantity-controls__form-group beans-form-group__container"><label class="styled__StyledLabel-sc-1ttuvhr-0 izGEjV beans-form-group__label beans-label" for="quantity-controls-272373959">Quantity controls </label><div class="base-components__BaseElement-sc-1mosoyj-0 styled__Children-sc-16t2b2a-3 oznwo gdJvjO beans-form-group__children"><div class="styled__StyledQuantityControlWrapper-vtxwzb-6 LCxOg"><label id="quantity-controls-272373959-label" class="styled__VisuallyHiddenLabel-vtxwzb-7 gXlLiM">Quantity of Colgate Total Original Care Toothpaste 125Ml</label><div class="component__Wrapper-sc-1kpmik-3 dReplG input-wrapper"><input class="base-components__RootElement-sc-1mosoyj-1 styled__StyledInput-sc-1jd5f57-0 component__StyledAsInput-sc-1kpmik-4 jptQqM eJLlow styled__StyledInput-vtxwzb-3 lwMHo beans-quantity-controls__input beans-input" data-auto="beans-quantity-controls-input" autocomplete="off" id="quantity-controls-272373959" maxlength="2" name="newValue" type="number" aria-labelledby="quantity-controls-272373959-label" value="1"></div></div><button class="styled__BaseButton-rsekm1-0 styled__PrimaryButton-rsekm1-2 jChbeY geeWOF styled__StyledButton-vtxwzb-5 japAxb beans-quantity-controls__add-button beans-button__container" type="submit" data-auto="beans-quantity-controls-add-button" aria-label="Quantity of Colgate Total Original Care Toothpaste 125Ml"><span class="base-components__BaseElement-sc-1mosoyj-0 styled__InnerContainer-rsekm1-1 oznwo fuFres beans-button__inner-container"><span class="base-components__BaseElement-sc-1mosoyj-0 styled__TextSpan-rsekm1-4 oznwo GDiMp beans-button__text">Add</span></span></button></div></div></div></div></div><input name="_csrf" type="hidden" value="0WbpBJF9-cS-fAMl-ByHnl5hECj1JaZiBQ20"></form></div></div></div></div></div><div class="hidden-medium product-info-section-small"><div class="product-info-message-list"></div></div></div><div class="styles__StyledPromotionsMobile-dvv1wj-6 Bxaeb"><div><div class="styles__StyledPromotionsWithClubcardPriceContainer-sc-1vdpoop-0 bsPFbn"><div class="styles__StyledClubcardLogo-sc-1vdpoop-2 elOZEB"><div class="styles__Wrapper-sc-1d2phhy-0 hgBuQG undefined special-offer-sash"><span class="styles__CircleWrapper-sc-1d2phhy-2 hCbzjm"><strong class="styles__TextWrapper-sc-1d2phhy-1 bLXNGg">Clubcard Price</strong></span></div></div><a href="https://www.tesco.com/groceries/en-GB/promotions/88565276"><div class="styles__ProductPromotionStyling-sc-1vdpoop-3 WGKAK"><div class="styles__StyledPromotionsOfferContent-sc-1vdpoop-1 cPSekc"><span class="offer-text">£2.50 Clubcard Price</span></div><span class="dates">Offer valid for delivery from 02/11/2022 until 13/12/2022</span></div></a></div></div></div></div></div></div></li><li class="product-list--list-item"><div class="styles__StyledVerticalTileWrapper-dvv1wj-0 dtCNPH"><div data-auto="product-tile" data-auto-type="Quantity" data-auto-available="true" data-auto-is-restricted-disabled="false" data-auto-is-substitute="false" class="styles__StyledVerticalTile-dvv1wj-1 gSCsYK"><div class="styles__StyledTileContentWrapper-dvv1wj-2 bkNhNP beans"><div id="tile-291333322" data-auto-id="291333322" class="styles__StyledTiledContent-dvv1wj-3 bcglTg"><a href="https://www.tesco.com/groceries/en-GB/products/291333322" aria-hidden="true" class="product-image-wrapper" tabindex="1"><div class="product-image__container"><picture><img class="styled__Image-sjvkdn-0 bJErKA product-image beans-responsive-image__image" src="./tesco_html_brand_healthbeauty_files/ce0758b3-b68b-4f5a-b463-28a9563347a6_273195468.jpeg" srcset="https://digitalcontent.api.tesco.com/v2/media/ghs/1a2d7478-46e9-4ab2-abfc-d5967e1a80cc/ce0758b3-b68b-4f5a-b463-28a9563347a6_273195468.jpeg?h=225&amp;w=225 768w, https://digitalcontent.api.tesco.com/v2/media/ghs/1a2d7478-46e9-4ab2-abfc-d5967e1a80cc/ce0758b3-b68b-4f5a-b463-28a9563347a6_273195468.jpeg?h=225&amp;w=225 4000w" alt="Carex Handwash Original Refill 1 Litre"></picture></div></a><div class="product-details--wrapper"><h3 class="styles__H3-oa5soe-0 bCKNNq"><a href="https://www.tesco.com/groceries/en-GB/products/291333322" class="styled__Anchor-sc-1xbujuz-0 csVOnh beans-link__anchor" data-auto="product-tile--title"><span class="styled__Text-sc-1xbujuz-1 ldbwMG beans-link__text">Carex Handwash Original Refill 1 Litre</span></a></h3><div class="styles__StyledPromotionsAboveMobile-dvv1wj-7 iPTMuo"></div><div class="styles__StyledProductDetailsContent-dvv1wj-5 ddRSrq"><a href="https://www.tesco.com/groceries/en-GB/reviews/submission/291333322?from=%2Fshop%2Fhealth-and-beauty%2Fall" aria-label="Write a review for Carex Handwash Original Refill 1 Litre" class="styled__Anchor-sc-1xbujuz-0 jSzuDt write-a-review-link beans-link__anchor" data-auto="review-link"><span class="styled__Text-sc-1xbujuz-1 fyDIEo beans-link__text">Write a review</span><span class="styled__IconContainer-sc-1xbujuz-2 bSauSL beans-link__icon-container"><svg aria-hidden="true" class="styled__SVG-xxa4wh-1 hQMCqc beans-link__icon beans-icon__svg" height="13.33" preserveAspectRatio="xMinYMax meet" viewBox="-1 0 12 20" width="8" xmlns="http://www.w3.org/2000/svg" color="currentColor"><path d="M1.312 1.348L10.276 10l-8.964 8.644" fill="none" stroke="currentColor"></path></svg></span></a><div><a href="https://www.tesco.com/groceries/en-GB/shop/health-and-beauty/shower-bath-and-hand-hygiene/handwash/antibacterial-handwash" class="styled__Anchor-sc-1xbujuz-0 jSzuDt rest-of-shelf-link beans-link__anchor" data-auto="rest-of-shelf-link"><span class="styled__Text-sc-1xbujuz-1 fyDIEo beans-link__text">Rest of <span class="visually-hidden">Antibacterial Handwash</span> shelf</span><span class="styled__IconContainer-sc-1xbujuz-2 bSauSL beans-link__icon-container"><svg aria-hidden="true" class="styled__SVG-xxa4wh-1 hQMCqc beans-link__icon beans-icon__svg" height="13.33" preserveAspectRatio="xMinYMax meet" viewBox="-1 0 12 20" width="8" xmlns="http://www.w3.org/2000/svg" color="currentColor"><path d="M1.312 1.348L10.276 10l-8.964 8.644" fill="none" stroke="currentColor"></path></svg></span></a></div><div class="product-info-message-section"><div class="product-info-message-list"></div></div></div><div class="styles__StyledBuyBoxWrapper-dvv1wj-4 dSvjUC"><div class="styles__StyledBuyBoxContainer-sc-1wx0qp6-0 erryje" data-auto="buybox-container"><div class="styles__SafeFormWrapper-jtpu2t-0 lcrYKS"><form action="https://www.tesco.com/groceries/en-GB/trolley/items/291333322?_method=PUT" method="POST"><input type="submit" class="hidden"><input name="id" type="hidden" value="291333322"><input name="identifier" type="hidden" value="Page"><input name="anchorId" type="hidden" value="#tile-291333322"><input name="returnUrl" type="hidden" value="/groceries/en-GB/shop/health-and-beauty/all?redirectIfUnavailable=true#tile-291333322"><input name="backToUrl" type="hidden" value="#"><input name="oldValue" type="hidden" value="0"><input name="oldUnitChoice" type="hidden" value="pcs"><input name="newUnitChoice" type="hidden" value="pcs"><div class="base-components__RootElement-sc-1mosoyj-1 styled__Container-sc-6nhkzi-0 jptQqM hSNpTb beans-buybox__container"><div class="base-components__BaseElement-sc-1mosoyj-0 styled__PriceAndActions-sc-6nhkzi-3 oznwo eEPLov beans-buybox__price-and-actions"><div class="base-components__RootElement-sc-1mosoyj-1 styled__Container-sc-8qlq5b-0 jptQqM bgZrjw styled__StyledPrice-sc-6nhkzi-5 iYHeik beans-buybox__price beans-price__container"><p class="styled__StyledHeading-sc-119w3hf-2 jWPEtj styled__Text-sc-8qlq5b-1 lnaeiZ beans-price__text">£3.30</p><p class="styled__StyledFootnote-sc-119w3hf-7 icrlVF styled__Subtext-sc-8qlq5b-2 bNJmdc beans-price__subtext">£0.33/100ml</p></div><div class="base-components__RootElement-sc-1mosoyj-1 styled__Container-vtxwzb-0 jptQqM bDFhXJ beans-buybox__actions beans-quantity-controls__container"><div class="base-components__RootElement-sc-1mosoyj-1 styled__Container-sc-16t2b2a-0 jptQqM PUfgZ styled__StyledFormGroup-vtxwzb-1 kzKuAr beans-quantity-controls__form-group beans-form-group__container"><label class="styled__StyledLabel-sc-1ttuvhr-0 izGEjV beans-form-group__label beans-label" for="quantity-controls-291333322">Quantity controls </label><div class="base-components__BaseElement-sc-1mosoyj-0 styled__Children-sc-16t2b2a-3 oznwo gdJvjO beans-form-group__children"><div class="styled__StyledQuantityControlWrapper-vtxwzb-6 LCxOg"><label id="quantity-controls-291333322-label" class="styled__VisuallyHiddenLabel-vtxwzb-7 gXlLiM">Quantity of Carex Handwash Original Refill 1 Litre</label><div class="component__Wrapper-sc-1kpmik-3 dReplG input-wrapper"><input class="base-components__RootElement-sc-1mosoyj-1 styled__StyledInput-sc-1jd5f57-0 component__StyledAsInput-sc-1kpmik-4 jptQqM eJLlow styled__StyledInput-vtxwzb-3 lwMHo beans-quantity-controls__input beans-input" data-auto="beans-quantity-controls-input" autocomplete="off" id="quantity-controls-291333322" maxlength="2" name="newValue" type="number" aria-labelledby="quantity-controls-291333322-label" value="1"></div></div><button class="styled__BaseButton-rsekm1-0 styled__PrimaryButton-rsekm1-2 jChbeY geeWOF styled__StyledButton-vtxwzb-5 japAxb beans-quantity-controls__add-button beans-button__container" type="submit" data-auto="beans-quantity-controls-add-button" aria-label="Quantity of Carex Handwash Original Refill 1 Litre"><span class="base-components__BaseElement-sc-1mosoyj-0 styled__InnerContainer-rsekm1-1 oznwo fuFres beans-button__inner-container"><span class="base-components__BaseElement-sc-1mosoyj-0 styled__TextSpan-rsekm1-4 oznwo GDiMp beans-button__text">Add</span></span></button></div></div></div></div></div><input name="_csrf" type="hidden" value="0WbpBJF9-cS-fAMl-ByHnl5hECj1JaZiBQ20"></form></div></div></div></div><div class="hidden-medium product-info-section-small"><div class="product-info-message-list"></div></div></div></div></div></div></li><li class="product-list--list-item"><div class="styles__StyledVerticalTileWrapper-dvv1wj-0 dtCNPH"><div data-auto="product-tile" data-auto-type="Quantity" data-auto-available="true" data-auto-is-restricted-disabled="false" data-auto-is-substitute="false" class="styles__StyledVerticalTile-dvv1wj-1 gSCsYK"><div class="styles__StyledTileContentWrapper-dvv1wj-2 bkNhNP beans"><div id="tile-264422839" data-auto-id="264422839" class="styles__StyledTiledContent-dvv1wj-3 bcglTg"><a href="https://www.tesco.com/groceries/en-GB/products/264422839" aria-hidden="true" class="product-image-wrapper" tabindex="1"><div class="product-image__container"><picture><img class="styled__Image-sjvkdn-0 bJErKA product-image beans-responsive-image__image" src="./tesco_html_brand_healthbeauty_files/99439ef9-35bd-4a47-be5c-98569643c9ef_2006186854.jpeg" srcset="https://digitalcontent.api.tesco.com/v2/media/ghs/854f3423-558f-4f3a-b5cd-2cfd346d5d4e/99439ef9-35bd-4a47-be5c-98569643c9ef_2006186854.jpeg?h=225&amp;w=225 768w, https://digitalcontent.api.tesco.com/v2/media/ghs/854f3423-558f-4f3a-b5cd-2cfd346d5d4e/99439ef9-35bd-4a47-be5c-98569643c9ef_2006186854.jpeg?h=225&amp;w=225 4000w" alt="Tesco Cotton Wool Double Faced Pads 100"></picture></div></a><div class="product-details--wrapper"><h3 class="styles__H3-oa5soe-0 bCKNNq"><a href="https://www.tesco.com/groceries/en-GB/products/264422839" class="styled__Anchor-sc-1xbujuz-0 csVOnh beans-link__anchor" data-auto="product-tile--title"><span class="styled__Text-sc-1xbujuz-1 ldbwMG beans-link__text">Tesco Cotton Wool Double Faced Pads 100</span></a></h3><div class="styles__StyledPromotionsAboveMobile-dvv1wj-7 iPTMuo"></div><div class="styles__StyledProductDetailsContent-dvv1wj-5 ddRSrq"><a href="https://www.tesco.com/groceries/en-GB/reviews/submission/264422839?from=%2Fshop%2Fhealth-and-beauty%2Fall" aria-label="Write a review for Tesco Cotton Wool Double Faced Pads 100" class="styled__Anchor-sc-1xbujuz-0 jSzuDt write-a-review-link beans-link__anchor" data-auto="review-link"><span class="styled__Text-sc-1xbujuz-1 fyDIEo beans-link__text">Write a review</span><span class="styled__IconContainer-sc-1xbujuz-2 bSauSL beans-link__icon-container"><svg aria-hidden="true" class="styled__SVG-xxa4wh-1 hQMCqc beans-link__icon beans-icon__svg" height="13.33" preserveAspectRatio="xMinYMax meet" viewBox="-1 0 12 20" width="8" xmlns="http://www.w3.org/2000/svg" color="currentColor"><path d="M1.312 1.348L10.276 10l-8.964 8.644" fill="none" stroke="currentColor"></path></svg></span></a><div><a href="https://www.tesco.com/groceries/en-GB/shop/health-and-beauty/face-skincare/make-up-remover/cotton-wool-pads" class="styled__Anchor-sc-1xbujuz-0 jSzuDt rest-of-shelf-link beans-link__anchor" data-auto="rest-of-shelf-link"><span class="styled__Text-sc-1xbujuz-1 fyDIEo beans-link__text">Rest of <span class="visually-hidden">Cotton Wool Pads</span> shelf</span><span class="styled__IconContainer-sc-1xbujuz-2 bSauSL beans-link__icon-container"><svg aria-hidden="true" class="styled__SVG-xxa4wh-1 hQMCqc beans-link__icon beans-icon__svg" height="13.33" preserveAspectRatio="xMinYMax meet" viewBox="-1 0 12 20" width="8" xmlns="http://www.w3.org/2000/svg" color="currentColor"><path d="M1.312 1.348L10.276 10l-8.964 8.644" fill="none" stroke="currentColor"></path></svg></span></a></div><div class="product-info-message-section"><div class="product-info-message-list"></div></div></div><div class="styles__StyledBuyBoxWrapper-dvv1wj-4 dSvjUC"><div class="styles__StyledBuyBoxContainer-sc-1wx0qp6-0 erryje" data-auto="buybox-container"><div class="styles__SafeFormWrapper-jtpu2t-0 lcrYKS"><form action="https://www.tesco.com/groceries/en-GB/trolley/items/264422839?_method=PUT" method="POST"><input type="submit" class="hidden"><input name="id" type="hidden" value="264422839"><input name="identifier" type="hidden" value="Page"><input name="anchorId" type="hidden" value="#tile-264422839"><input name="returnUrl" type="hidden" value="/groceries/en-GB/shop/health-and-beauty/all?redirectIfUnavailable=true#tile-264422839"><input name="backToUrl" type="hidden" value="#"><input name="oldValue" type="hidden" value="0"><input name="oldUnitChoice" type="hidden" value="pcs"><input name="newUnitChoice" type="hidden" value="pcs"><div class="base-components__RootElement-sc-1mosoyj-1 styled__Container-sc-6nhkzi-0 jptQqM hSNpTb beans-buybox__container"><div class="base-components__BaseElement-sc-1mosoyj-0 styled__PriceAndActions-sc-6nhkzi-3 oznwo eEPLov beans-buybox__price-and-actions"><div class="base-components__RootElement-sc-1mosoyj-1 styled__Container-sc-8qlq5b-0 jptQqM bgZrjw styled__StyledPrice-sc-6nhkzi-5 iYHeik beans-buybox__price beans-price__container"><p class="styled__StyledHeading-sc-119w3hf-2 jWPEtj styled__Text-sc-8qlq5b-1 lnaeiZ beans-price__text">£1.25</p><p class="styled__StyledFootnote-sc-119w3hf-7 icrlVF styled__Subtext-sc-8qlq5b-2 bNJmdc beans-price__subtext">£0.01/each</p></div><div class="base-components__RootElement-sc-1mosoyj-1 styled__Container-vtxwzb-0 jptQqM bDFhXJ beans-buybox__actions beans-quantity-controls__container"><div class="base-components__RootElement-sc-1mosoyj-1 styled__Container-sc-16t2b2a-0 jptQqM PUfgZ styled__StyledFormGroup-vtxwzb-1 kzKuAr beans-quantity-controls__form-group beans-form-group__container"><label class="styled__StyledLabel-sc-1ttuvhr-0 izGEjV beans-form-group__label beans-label" for="quantity-controls-264422839">Quantity controls </label><div class="base-components__BaseElement-sc-1mosoyj-0 styled__Children-sc-16t2b2a-3 oznwo gdJvjO beans-form-group__children"><div class="styled__StyledQuantityControlWrapper-vtxwzb-6 LCxOg"><label id="quantity-controls-264422839-label" class="styled__VisuallyHiddenLabel-vtxwzb-7 gXlLiM">Quantity of Tesco Cotton Wool Double Faced Pads 100</label><div class="component__Wrapper-sc-1kpmik-3 dReplG input-wrapper"><input class="base-components__RootElement-sc-1mosoyj-1 styled__StyledInput-sc-1jd5f57-0 component__StyledAsInput-sc-1kpmik-4 jptQqM eJLlow styled__StyledInput-vtxwzb-3 lwMHo beans-quantity-controls__input beans-input" data-auto="beans-quantity-controls-input" autocomplete="off" id="quantity-controls-264422839" maxlength="2" name="newValue" type="number" aria-labelledby="quantity-controls-264422839-label" value="1"></div></div><button class="styled__BaseButton-rsekm1-0 styled__PrimaryButton-rsekm1-2 jChbeY geeWOF styled__StyledButton-vtxwzb-5 japAxb beans-quantity-controls__add-button beans-button__container" type="submit" data-auto="beans-quantity-controls-add-button" aria-label="Quantity of Tesco Cotton Wool Double Faced Pads 100"><span class="base-components__BaseElement-sc-1mosoyj-0 styled__InnerContainer-rsekm1-1 oznwo fuFres beans-button__inner-container"><span class="base-components__BaseElement-sc-1mosoyj-0 styled__TextSpan-rsekm1-4 oznwo GDiMp beans-button__text">Add</span></span></button></div></div></div></div></div><input name="_csrf" type="hidden" value="0WbpBJF9-cS-fAMl-ByHnl5hECj1JaZiBQ20"></form></div></div></div></div><div class="hidden-medium product-info-section-small"><div class="product-info-message-list"></div></div></div></div></div></div></li><li class="product-list--list-item"><div class="styles__StyledVerticalTileWrapper-dvv1wj-0 dtCNPH"><div data-auto="product-tile" data-auto-type="Quantity" data-auto-available="true" data-auto-is-restricted-disabled="false" data-auto-is-substitute="false" class="styles__StyledVerticalTile-dvv1wj-1 gSCsYK"><div class="styles__StyledTileContentWrapper-dvv1wj-2 bkNhNP beans"><div id="tile-259123688" data-auto-id="259123688" class="styles__StyledTiledContent-dvv1wj-3 bcglTg"><a href="https://www.tesco.com/groceries/en-GB/products/259123688" aria-hidden="true" class="product-image-wrapper" tabindex="1"><div class="product-image__container"><picture><img class="styled__Image-sjvkdn-0 bJErKA product-image beans-responsive-image__image" src="./tesco_html_brand_healthbeauty_files/1649edd7-c330-4e06-89c9-b7d65c2d26d3_1203506483.jpeg" srcset="https://digitalcontent.api.tesco.com/v2/media/ghs/8bb61744-8d4d-4488-b005-b6289cf38380/1649edd7-c330-4e06-89c9-b7d65c2d26d3_1203506483.jpeg?h=225&amp;w=225 768w, https://digitalcontent.api.tesco.com/v2/media/ghs/8bb61744-8d4d-4488-b005-b6289cf38380/1649edd7-c330-4e06-89c9-b7d65c2d26d3_1203506483.jpeg?h=225&amp;w=225 4000w" alt="Bodyform Ultra Normal Wing Sanitary Towels 14 Pack"></picture></div></a><div class="product-details--wrapper"><h3 class="styles__H3-oa5soe-0 bCKNNq"><a href="https://www.tesco.com/groceries/en-GB/products/259123688" class="styled__Anchor-sc-1xbujuz-0 csVOnh beans-link__anchor" data-auto="product-tile--title"><span class="styled__Text-sc-1xbujuz-1 ldbwMG beans-link__text">Bodyform Ultra Normal Wing Sanitary Towels 14 Pack</span></a></h3><div class="styles__StyledProductDetailsContent-dvv1wj-5 ddRSrq"><a href="https://www.tesco.com/groceries/en-GB/reviews/submission/259123688?from=%2Fshop%2Fhealth-and-beauty%2Fall" aria-label="Write a review for Bodyform Ultra Normal Wing Sanitary Towels 14 Pack" class="styled__Anchor-sc-1xbujuz-0 jSzuDt write-a-review-link beans-link__anchor" data-auto="review-link"><span class="styled__Text-sc-1xbujuz-1 fyDIEo beans-link__text">Write a review</span><span class="styled__IconContainer-sc-1xbujuz-2 bSauSL beans-link__icon-container"><svg aria-hidden="true" class="styled__SVG-xxa4wh-1 hQMCqc beans-link__icon beans-icon__svg" height="13.33" preserveAspectRatio="xMinYMax meet" viewBox="-1 0 12 20" width="8" xmlns="http://www.w3.org/2000/svg" color="currentColor"><path d="M1.312 1.348L10.276 10l-8.964 8.644" fill="none" stroke="currentColor"></path></svg></span></a><div><a href="https://www.tesco.com/groceries/en-GB/shop/health-and-beauty/women&#39;s-toiletries/sanitary-protection-and-intimate-wash/sanitary-towels" class="styled__Anchor-sc-1xbujuz-0 jSzuDt rest-of-shelf-link beans-link__anchor" data-auto="rest-of-shelf-link"><span class="styled__Text-sc-1xbujuz-1 fyDIEo beans-link__text">Rest of <span class="visually-hidden">Sanitary Towels</span> shelf</span><span class="styled__IconContainer-sc-1xbujuz-2 bSauSL beans-link__icon-container"><svg aria-hidden="true" class="styled__SVG-xxa4wh-1 hQMCqc beans-link__icon beans-icon__svg" height="13.33" preserveAspectRatio="xMinYMax meet" viewBox="-1 0 12 20" width="8" xmlns="http://www.w3.org/2000/svg" color="currentColor"><path d="M1.312 1.348L10.276 10l-8.964 8.644" fill="none" stroke="currentColor"></path></svg></span></a></div><div class="product-info-message-section"><div class="product-info-message-list"></div></div></div><div class="styles__StyledPromotionsWithBuyBoxWrapper-dvv1wj-8 cZskDh"><div class="styles__StyledPromotionsAboveMobile-dvv1wj-7 iPTMuo"><div class="styles__StyledPromotionsWithClubcardPriceContainer-sc-1vdpoop-0 bsPFbn"><div class="styles__StyledClubcardLogo-sc-1vdpoop-2 elOZEB"><div class="styles__Wrapper-sc-1d2phhy-0 hgBuQG undefined special-offer-sash"><span class="styles__CircleWrapper-sc-1d2phhy-2 hCbzjm"><strong class="styles__TextWrapper-sc-1d2phhy-1 bLXNGg">Clubcard Price</strong></span></div></div><a href="https://www.tesco.com/groceries/en-GB/promotions/88562432"><div class="styles__ProductPromotionStyling-sc-1vdpoop-3 WGKAK"><div class="styles__StyledPromotionsOfferContent-sc-1vdpoop-1 cPSekc"><span class="offer-text">Any 3 for £3.20 Clubcard Price - Selected Bodyform Femcare Products 10 - 34 Pack</span></div><span class="dates">Offer valid for delivery from 02/11/2022 until 13/12/2022</span></div></a></div></div><div class="styles__StyledBuyBoxWrapper-dvv1wj-4 dSvjUC"><div class="styles__StyledBuyBoxContainer-sc-1wx0qp6-0 erryje" data-auto="buybox-container"><div class="styles__SafeFormWrapper-jtpu2t-0 lcrYKS"><form action="https://www.tesco.com/groceries/en-GB/trolley/items/259123688?_method=PUT" method="POST"><input type="submit" class="hidden"><input name="id" type="hidden" value="259123688"><input name="identifier" type="hidden" value="Page"><input name="anchorId" type="hidden" value="#tile-259123688"><input name="returnUrl" type="hidden" value="/groceries/en-GB/shop/health-and-beauty/all?redirectIfUnavailable=true#tile-259123688"><input name="backToUrl" type="hidden" value="#"><input name="oldValue" type="hidden" value="0"><input name="oldUnitChoice" type="hidden" value="pcs"><input name="newUnitChoice" type="hidden" value="pcs"><div class="base-components__RootElement-sc-1mosoyj-1 styled__Container-sc-6nhkzi-0 jptQqM hSNpTb beans-buybox__container"><div class="base-components__BaseElement-sc-1mosoyj-0 styled__PriceAndActions-sc-6nhkzi-3 oznwo eEPLov beans-buybox__price-and-actions"><div class="base-components__RootElement-sc-1mosoyj-1 styled__Container-sc-8qlq5b-0 jptQqM bgZrjw styled__StyledPrice-sc-6nhkzi-5 iYHeik beans-buybox__price beans-price__container"><p class="styled__StyledHeading-sc-119w3hf-2 jWPEtj styled__Text-sc-8qlq5b-1 lnaeiZ beans-price__text">£1.30</p><p class="styled__StyledFootnote-sc-119w3hf-7 icrlVF styled__Subtext-sc-8qlq5b-2 bNJmdc beans-price__subtext">£0.09/each</p></div><div class="base-components__RootElement-sc-1mosoyj-1 styled__Container-vtxwzb-0 jptQqM bDFhXJ beans-buybox__actions beans-quantity-controls__container"><div class="base-components__RootElement-sc-1mosoyj-1 styled__Container-sc-16t2b2a-0 jptQqM PUfgZ styled__StyledFormGroup-vtxwzb-1 kzKuAr beans-quantity-controls__form-group beans-form-group__container"><label class="styled__StyledLabel-sc-1ttuvhr-0 izGEjV beans-form-group__label beans-label" for="quantity-controls-259123688">Quantity controls </label><div class="base-components__BaseElement-sc-1mosoyj-0 styled__Children-sc-16t2b2a-3 oznwo gdJvjO beans-form-group__children"><div class="styled__StyledQuantityControlWrapper-vtxwzb-6 LCxOg"><label id="quantity-controls-259123688-label" class="styled__VisuallyHiddenLabel-vtxwzb-7 gXlLiM">Quantity of Bodyform Ultra Normal Wing Sanitary Towels 14 Pack</label><div class="component__Wrapper-sc-1kpmik-3 dReplG input-wrapper"><input class="base-components__RootElement-sc-1mosoyj-1 styled__StyledInput-sc-1jd5f57-0 component__StyledAsInput-sc-1kpmik-4 jptQqM eJLlow styled__StyledInput-vtxwzb-3 lwMHo beans-quantity-controls__input beans-input" data-auto="beans-quantity-controls-input" autocomplete="off" id="quantity-controls-259123688" maxlength="2" name="newValue" type="number" aria-labelledby="quantity-controls-259123688-label" value="1"></div></div><button class="styled__BaseButton-rsekm1-0 styled__PrimaryButton-rsekm1-2 jChbeY geeWOF styled__StyledButton-vtxwzb-5 japAxb beans-quantity-controls__add-button beans-button__container" type="submit" data-auto="beans-quantity-controls-add-button" aria-label="Quantity of Bodyform Ultra Normal Wing Sanitary Towels 14 Pack"><span class="base-components__BaseElement-sc-1mosoyj-0 styled__InnerContainer-rsekm1-1 oznwo fuFres beans-button__inner-container"><span class="base-components__BaseElement-sc-1mosoyj-0 styled__TextSpan-rsekm1-4 oznwo GDiMp beans-button__text">Add</span></span></button></div></div></div></div></div><input name="_csrf" type="hidden" value="0WbpBJF9-cS-fAMl-ByHnl5hECj1JaZiBQ20"></form></div></div></div></div></div><div class="hidden-medium product-info-section-small"><div class="product-info-message-list"></div></div></div><div class="styles__StyledPromotionsMobile-dvv1wj-6 Bxaeb"><div><div class="styles__StyledPromotionsWithClubcardPriceContainer-sc-1vdpoop-0 bsPFbn"><div class="styles__StyledClubcardLogo-sc-1vdpoop-2 elOZEB"><div class="styles__Wrapper-sc-1d2phhy-0 hgBuQG undefined special-offer-sash"><span class="styles__CircleWrapper-sc-1d2phhy-2 hCbzjm"><strong class="styles__TextWrapper-sc-1d2phhy-1 bLXNGg">Clubcard Price</strong></span></div></div><a href="https://www.tesco.com/groceries/en-GB/promotions/88562432"><div class="styles__ProductPromotionStyling-sc-1vdpoop-3 WGKAK"><div class="styles__StyledPromotionsOfferContent-sc-1vdpoop-1 cPSekc"><span class="offer-text">Any 3 for £3.20 Clubcard Price - Selected Bodyform Femcare Products 10 - 34 Pack</span></div><span class="dates">Offer valid for delivery from 02/11/2022 until 13/12/2022</span></div></a></div></div></div></div></div></div></li><li class="product-list--list-item"><div class="styles__StyledVerticalTileWrapper-dvv1wj-0 dtCNPH"><div data-auto="product-tile" data-auto-type="Quantity" data-auto-available="true" data-auto-is-restricted-disabled="false" data-auto-is-substitute="false" class="styles__StyledVerticalTile-dvv1wj-1 gSCsYK"><div class="styles__StyledTileContentWrapper-dvv1wj-2 bkNhNP beans"><div id="tile-297446899" data-auto-id="297446899" class="styles__StyledTiledContent-dvv1wj-3 bcglTg"><a href="https://www.tesco.com/groceries/en-GB/products/297446899" aria-hidden="true" class="product-image-wrapper" tabindex="1"><div class="product-image__container"><picture><img class="styled__Image-sjvkdn-0 bJErKA product-image beans-responsive-image__image" src="./tesco_html_brand_healthbeauty_files/0069bc1b-44d2-4cf3-9901-1a95b3b85ae6_1430244714.jpeg" srcset="https://digitalcontent.api.tesco.com/v2/media/ghs/9030807b-0121-46e5-b1ef-f27b0cc47fa1/0069bc1b-44d2-4cf3-9901-1a95b3b85ae6_1430244714.jpeg?h=225&amp;w=225 768w, https://digitalcontent.api.tesco.com/v2/media/ghs/9030807b-0121-46e5-b1ef-f27b0cc47fa1/0069bc1b-44d2-4cf3-9901-1a95b3b85ae6_1430244714.jpeg?h=225&amp;w=225 4000w" alt="Carex Moisture Handwash Refill 500Ml"></picture></div></a><div class="product-details--wrapper"><h3 class="styles__H3-oa5soe-0 bCKNNq"><a href="https://www.tesco.com/groceries/en-GB/products/297446899" class="styled__Anchor-sc-1xbujuz-0 csVOnh beans-link__anchor" data-auto="product-tile--title"><span class="styled__Text-sc-1xbujuz-1 ldbwMG beans-link__text">Carex Moisture Handwash Refill 500Ml</span></a></h3><div class="styles__StyledPromotionsAboveMobile-dvv1wj-7 iPTMuo"></div><div class="styles__StyledProductDetailsContent-dvv1wj-5 ddRSrq"><a href="https://www.tesco.com/groceries/en-GB/reviews/submission/297446899?from=%2Fshop%2Fhealth-and-beauty%2Fall" aria-label="Write a review for Carex Moisture Handwash Refill 500Ml" class="styled__Anchor-sc-1xbujuz-0 jSzuDt write-a-review-link beans-link__anchor" data-auto="review-link"><span class="styled__Text-sc-1xbujuz-1 fyDIEo beans-link__text">Write a review</span><span class="styled__IconContainer-sc-1xbujuz-2 bSauSL beans-link__icon-container"><svg aria-hidden="true" class="styled__SVG-xxa4wh-1 hQMCqc beans-link__icon beans-icon__svg" height="13.33" preserveAspectRatio="xMinYMax meet" viewBox="-1 0 12 20" width="8" xmlns="http://www.w3.org/2000/svg" color="currentColor"><path d="M1.312 1.348L10.276 10l-8.964 8.644" fill="none" stroke="currentColor"></path></svg></span></a><div><a href="https://www.tesco.com/groceries/en-GB/shop/health-and-beauty/shower-bath-and-hand-hygiene/handwash/antibacterial-handwash" class="styled__Anchor-sc-1xbujuz-0 jSzuDt rest-of-shelf-link beans-link__anchor" data-auto="rest-of-shelf-link"><span class="styled__Text-sc-1xbujuz-1 fyDIEo beans-link__text">Rest of <span class="visually-hidden">Antibacterial Handwash</span> shelf</span><span class="styled__IconContainer-sc-1xbujuz-2 bSauSL beans-link__icon-container"><svg aria-hidden="true" class="styled__SVG-xxa4wh-1 hQMCqc beans-link__icon beans-icon__svg" height="13.33" preserveAspectRatio="xMinYMax meet" viewBox="-1 0 12 20" width="8" xmlns="http://www.w3.org/2000/svg" color="currentColor"><path d="M1.312 1.348L10.276 10l-8.964 8.644" fill="none" stroke="currentColor"></path></svg></span></a></div><div class="product-info-message-section"><div class="product-info-message-list"></div></div></div><div class="styles__StyledBuyBoxWrapper-dvv1wj-4 dSvjUC"><div class="styles__StyledBuyBoxContainer-sc-1wx0qp6-0 erryje" data-auto="buybox-container"><div class="styles__SafeFormWrapper-jtpu2t-0 lcrYKS"><form action="https://www.tesco.com/groceries/en-GB/trolley/items/297446899?_method=PUT" method="POST"><input type="submit" class="hidden"><input name="id" type="hidden" value="297446899"><input name="identifier" type="hidden" value="Page"><input name="anchorId" type="hidden" value="#tile-297446899"><input name="returnUrl" type="hidden" value="/groceries/en-GB/shop/health-and-beauty/all?redirectIfUnavailable=true#tile-297446899"><input name="backToUrl" type="hidden" value="#"><input name="oldValue" type="hidden" value="0"><input name="oldUnitChoice" type="hidden" value="pcs"><input name="newUnitChoice" type="hidden" value="pcs"><div class="base-components__RootElement-sc-1mosoyj-1 styled__Container-sc-6nhkzi-0 jptQqM hSNpTb beans-buybox__container"><div class="base-components__BaseElement-sc-1mosoyj-0 styled__PriceAndActions-sc-6nhkzi-3 oznwo eEPLov beans-buybox__price-and-actions"><div class="base-components__RootElement-sc-1mosoyj-1 styled__Container-sc-8qlq5b-0 jptQqM bgZrjw styled__StyledPrice-sc-6nhkzi-5 iYHeik beans-buybox__price beans-price__container"><p class="styled__StyledHeading-sc-119w3hf-2 jWPEtj styled__Text-sc-8qlq5b-1 lnaeiZ beans-price__text">£1.90</p><p class="styled__StyledFootnote-sc-119w3hf-7 icrlVF styled__Subtext-sc-8qlq5b-2 bNJmdc beans-price__subtext">£0.38/100ml</p></div><div class="base-components__RootElement-sc-1mosoyj-1 styled__Container-vtxwzb-0 jptQqM bDFhXJ beans-buybox__actions beans-quantity-controls__container"><div class="base-components__RootElement-sc-1mosoyj-1 styled__Container-sc-16t2b2a-0 jptQqM PUfgZ styled__StyledFormGroup-vtxwzb-1 kzKuAr beans-quantity-controls__form-group beans-form-group__container"><label class="styled__StyledLabel-sc-1ttuvhr-0 izGEjV beans-form-group__label beans-label" for="quantity-controls-297446899">Quantity controls </label><div class="base-components__BaseElement-sc-1mosoyj-0 styled__Children-sc-16t2b2a-3 oznwo gdJvjO beans-form-group__children"><div class="styled__StyledQuantityControlWrapper-vtxwzb-6 LCxOg"><label id="quantity-controls-297446899-label" class="styled__VisuallyHiddenLabel-vtxwzb-7 gXlLiM">Quantity of Carex Moisture Handwash Refill 500Ml</label><div class="component__Wrapper-sc-1kpmik-3 dReplG input-wrapper"><input class="base-components__RootElement-sc-1mosoyj-1 styled__StyledInput-sc-1jd5f57-0 component__StyledAsInput-sc-1kpmik-4 jptQqM eJLlow styled__StyledInput-vtxwzb-3 lwMHo beans-quantity-controls__input beans-input" data-auto="beans-quantity-controls-input" autocomplete="off" id="quantity-controls-297446899" maxlength="2" name="newValue" type="number" aria-labelledby="quantity-controls-297446899-label" value="1"></div></div><button class="styled__BaseButton-rsekm1-0 styled__PrimaryButton-rsekm1-2 jChbeY geeWOF styled__StyledButton-vtxwzb-5 japAxb beans-quantity-controls__add-button beans-button__container" type="submit" data-auto="beans-quantity-controls-add-button" aria-label="Quantity of Carex Moisture Handwash Refill 500Ml"><span class="base-components__BaseElement-sc-1mosoyj-0 styled__InnerContainer-rsekm1-1 oznwo fuFres beans-button__inner-container"><span class="base-components__BaseElement-sc-1mosoyj-0 styled__TextSpan-rsekm1-4 oznwo GDiMp beans-button__text">Add</span></span></button></div></div></div></div></div><input name="_csrf" type="hidden" value="0WbpBJF9-cS-fAMl-ByHnl5hECj1JaZiBQ20"></form></div></div></div></div><div class="hidden-medium product-info-section-small"><div class="product-info-message-list"></div></div></div></div></div></div></li><li class="product-list--list-item"><div class="styles__StyledVerticalTileWrapper-dvv1wj-0 dtCNPH"><div data-auto="product-tile" data-auto-type="Quantity" data-auto-available="true" data-auto-is-restricted-disabled="false" data-auto-is-substitute="false" class="styles__StyledVerticalTile-dvv1wj-1 gSCsYK"><div class="styles__StyledTileContentWrapper-dvv1wj-2 bkNhNP beans"><div id="tile-310845085" data-auto-id="310845085" class="styles__StyledTiledContent-dvv1wj-3 bcglTg"><a href="https://www.tesco.com/groceries/en-GB/products/310845085" aria-hidden="true" class="product-image-wrapper" tabindex="1"><div class="product-image__container"><picture><img class="styled__Image-sjvkdn-0 bJErKA product-image beans-responsive-image__image" src="data:image/gif;base64,R0lGODlhAQABAAAAACH5BAEKAAEALAAAAAABAAEAAAICTAEAOw==" srcset="https://digitalcontent.api.tesco.com/v2/media/ghs/eaa8136f-9b85-4abc-99eb-83458a6ffc5c/36328dc7-06a5-48ae-a558-dbd112f94a77_1109739675.jpeg?h=225&amp;w=225 768w, data:image/gif;base64,R0lGODlhAQABAAAAACH5BAEKAAEALAAAAAABAAEAAAICTAEAOw== 4000w" alt="Dove Original Cream Beauty Bar Soap 6X90g"></picture></div></a><div class="product-details--wrapper"><h3 class="styles__H3-oa5soe-0 bCKNNq"><a href="https://www.tesco.com/groceries/en-GB/products/310845085" class="styled__Anchor-sc-1xbujuz-0 csVOnh beans-link__anchor" data-auto="product-tile--title"><span class="styled__Text-sc-1xbujuz-1 ldbwMG beans-link__text">Dove Original Cream Beauty Bar Soap 6X90g</span></a></h3><div class="styles__StyledPromotionsAboveMobile-dvv1wj-7 iPTMuo"></div><div class="styles__StyledProductDetailsContent-dvv1wj-5 ddRSrq"><a href="https://www.tesco.com/groceries/en-GB/reviews/submission/310845085?from=%2Fshop%2Fhealth-and-beauty%2Fall" aria-label="Write a review for Dove Original Cream Beauty Bar Soap 6X90g" class="styled__Anchor-sc-1xbujuz-0 jSzuDt write-a-review-link beans-link__anchor" data-auto="review-link"><span class="styled__Text-sc-1xbujuz-1 fyDIEo beans-link__text">Write a review</span><span class="styled__IconContainer-sc-1xbujuz-2 bSauSL beans-link__icon-container"><svg aria-hidden="true" class="styled__SVG-xxa4wh-1 hQMCqc beans-link__icon beans-icon__svg" height="13.33" preserveAspectRatio="xMinYMax meet" viewBox="-1 0 12 20" width="8" xmlns="http://www.w3.org/2000/svg" color="currentColor"><path d="M1.312 1.348L10.276 10l-8.964 8.644" fill="none" stroke="currentColor"></path></svg></span></a><div><a href="https://www.tesco.com/groceries/en-GB/shop/health-and-beauty/shower-bath-and-hand-hygiene/handwash/bar-soap" class="styled__Anchor-sc-1xbujuz-0 jSzuDt rest-of-shelf-link beans-link__anchor" data-auto="rest-of-shelf-link"><span class="styled__Text-sc-1xbujuz-1 fyDIEo beans-link__text">Rest of <span class="visually-hidden">Bar Soap</span> shelf</span><span class="styled__IconContainer-sc-1xbujuz-2 bSauSL beans-link__icon-container"><svg aria-hidden="true" class="styled__SVG-xxa4wh-1 hQMCqc beans-link__icon beans-icon__svg" height="13.33" preserveAspectRatio="xMinYMax meet" viewBox="-1 0 12 20" width="8" xmlns="http://www.w3.org/2000/svg" color="currentColor"><path d="M1.312 1.348L10.276 10l-8.964 8.644" fill="none" stroke="currentColor"></path></svg></span></a></div><div class="product-info-message-section"><div class="product-info-message-list"></div></div></div><div class="styles__StyledBuyBoxWrapper-dvv1wj-4 dSvjUC"><div class="styles__StyledBuyBoxContainer-sc-1wx0qp6-0 erryje" data-auto="buybox-container"><div class="styles__SafeFormWrapper-jtpu2t-0 lcrYKS"><form action="https://www.tesco.com/groceries/en-GB/trolley/items/310845085?_method=PUT" method="POST"><input type="submit" class="hidden"><input name="id" type="hidden" value="310845085"><input name="identifier" type="hidden" value="Page"><input name="anchorId" type="hidden" value="#tile-310845085"><input name="returnUrl" type="hidden" value="/groceries/en-GB/shop/health-and-beauty/all?redirectIfUnavailable=true#tile-310845085"><input name="backToUrl" type="hidden" value="#"><input name="oldValue" type="hidden" value="0"><input name="oldUnitChoice" type="hidden" value="pcs"><input name="newUnitChoice" type="hidden" value="pcs"><div class="base-components__RootElement-sc-1mosoyj-1 styled__Container-sc-6nhkzi-0 jptQqM hSNpTb beans-buybox__container"><div class="base-components__BaseElement-sc-1mosoyj-0 styled__PriceAndActions-sc-6nhkzi-3 oznwo eEPLov beans-buybox__price-and-actions"><div class="base-components__RootElement-sc-1mosoyj-1 styled__Container-sc-8qlq5b-0 jptQqM bgZrjw styled__StyledPrice-sc-6nhkzi-5 iYHeik beans-buybox__price beans-price__container"><p class="styled__StyledHeading-sc-119w3hf-2 jWPEtj styled__Text-sc-8qlq5b-1 lnaeiZ beans-price__text">£3.50</p><p class="styled__StyledFootnote-sc-119w3hf-7 icrlVF styled__Subtext-sc-8qlq5b-2 bNJmdc beans-price__subtext">£0.65/100g</p></div><div class="base-components__RootElement-sc-1mosoyj-1 styled__Container-vtxwzb-0 jptQqM bDFhXJ beans-buybox__actions beans-quantity-controls__container"><div class="base-components__RootElement-sc-1mosoyj-1 styled__Container-sc-16t2b2a-0 jptQqM PUfgZ styled__StyledFormGroup-vtxwzb-1 kzKuAr beans-quantity-controls__form-group beans-form-group__container"><label class="styled__StyledLabel-sc-1ttuvhr-0 izGEjV beans-form-group__label beans-label" for="quantity-controls-310845085">Quantity controls </label><div class="base-components__BaseElement-sc-1mosoyj-0 styled__Children-sc-16t2b2a-3 oznwo gdJvjO beans-form-group__children"><div class="styled__StyledQuantityControlWrapper-vtxwzb-6 LCxOg"><label id="quantity-controls-310845085-label" class="styled__VisuallyHiddenLabel-vtxwzb-7 gXlLiM">Quantity of Dove Original Cream Beauty Bar Soap 6X90g</label><div class="component__Wrapper-sc-1kpmik-3 dReplG input-wrapper"><input class="base-components__RootElement-sc-1mosoyj-1 styled__StyledInput-sc-1jd5f57-0 component__StyledAsInput-sc-1kpmik-4 jptQqM eJLlow styled__StyledInput-vtxwzb-3 lwMHo beans-quantity-controls__input beans-input" data-auto="beans-quantity-controls-input" autocomplete="off" id="quantity-controls-310845085" maxlength="2" name="newValue" type="number" aria-labelledby="quantity-controls-310845085-label" value="1"></div></div><button class="styled__BaseButton-rsekm1-0 styled__PrimaryButton-rsekm1-2 jChbeY geeWOF styled__StyledButton-vtxwzb-5 japAxb beans-quantity-controls__add-button beans-button__container" type="submit" data-auto="beans-quantity-controls-add-button" aria-label="Quantity of Dove Original Cream Beauty Bar Soap 6X90g"><span class="base-components__BaseElement-sc-1mosoyj-0 styled__InnerContainer-rsekm1-1 oznwo fuFres beans-button__inner-container"><span class="base-components__BaseElement-sc-1mosoyj-0 styled__TextSpan-rsekm1-4 oznwo GDiMp beans-button__text">Add</span></span></button></div></div></div></div></div><input name="_csrf" type="hidden" value="0WbpBJF9-cS-fAMl-ByHnl5hECj1JaZiBQ20"></form></div></div></div></div><div class="hidden-medium product-info-section-small"><div class="product-info-message-list"></div></div></div></div></div></div></li><li class="product-list--list-item"><div class="styles__StyledVerticalTileWrapper-dvv1wj-0 dtCNPH"><div data-auto="product-tile" data-auto-type="Quantity" data-auto-available="true" data-auto-is-restricted-disabled="false" data-auto-is-substitute="false" class="styles__StyledVerticalTile-dvv1wj-1 gSCsYK"><div class="styles__StyledTileContentWrapper-dvv1wj-2 bkNhNP beans"><div id="tile-297520022" data-auto-id="297520022" class="styles__StyledTiledContent-dvv1wj-3 bcglTg"><a href="https://www.tesco.com/groceries/en-GB/products/297520022" aria-hidden="true" class="product-image-wrapper" tabindex="1"><div class="product-image__container"><picture><img class="styled__Image-sjvkdn-0 bJErKA product-image beans-responsive-image__image" src="data:image/gif;base64,R0lGODlhAQABAAAAACH5BAEKAAEALAAAAAABAAEAAAICTAEAOw==" srcset="https://digitalcontent.api.tesco.com/v2/media/ghs/ca0dc57f-4f3b-48f4-91d0-c3a4f41865e5/27cb0fcb-ecb0-4e67-933d-4e0ad4d0e52f_28668391.jpeg?h=225&amp;w=225 768w, data:image/gif;base64,R0lGODlhAQABAAAAACH5BAEKAAEALAAAAAABAAEAAAICTAEAOw== 4000w" alt="Colgate Max White Toothpaste 125Ml"></picture></div></a><div class="product-details--wrapper"><h3 class="styles__H3-oa5soe-0 bCKNNq"><a href="https://www.tesco.com/groceries/en-GB/products/297520022" class="styled__Anchor-sc-1xbujuz-0 csVOnh beans-link__anchor" data-auto="product-tile--title"><span class="styled__Text-sc-1xbujuz-1 ldbwMG beans-link__text">Colgate Max White Toothpaste 125Ml</span></a></h3><div class="styles__StyledProductDetailsContent-dvv1wj-5 ddRSrq"><a href="https://www.tesco.com/groceries/en-GB/reviews/submission/297520022?from=%2Fshop%2Fhealth-and-beauty%2Fall" aria-label="Write a review for Colgate Max White Toothpaste 125Ml" class="styled__Anchor-sc-1xbujuz-0 jSzuDt write-a-review-link beans-link__anchor" data-auto="review-link"><span class="styled__Text-sc-1xbujuz-1 fyDIEo beans-link__text">Write a review</span><span class="styled__IconContainer-sc-1xbujuz-2 bSauSL beans-link__icon-container"><svg aria-hidden="true" class="styled__SVG-xxa4wh-1 hQMCqc beans-link__icon beans-icon__svg" height="13.33" preserveAspectRatio="xMinYMax meet" viewBox="-1 0 12 20" width="8" xmlns="http://www.w3.org/2000/svg" color="currentColor"><path d="M1.312 1.348L10.276 10l-8.964 8.644" fill="none" stroke="currentColor"></path></svg></span></a><div><a href="https://www.tesco.com/groceries/en-GB/shop/health-and-beauty/toothpaste-mouthwash-and-toothbrush/whitening/whitening-toothpaste" class="styled__Anchor-sc-1xbujuz-0 jSzuDt rest-of-shelf-link beans-link__anchor" data-auto="rest-of-shelf-link"><span class="styled__Text-sc-1xbujuz-1 fyDIEo beans-link__text">Rest of <span class="visually-hidden">Whitening Toothpaste</span> shelf</span><span class="styled__IconContainer-sc-1xbujuz-2 bSauSL beans-link__icon-container"><svg aria-hidden="true" class="styled__SVG-xxa4wh-1 hQMCqc beans-link__icon beans-icon__svg" height="13.33" preserveAspectRatio="xMinYMax meet" viewBox="-1 0 12 20" width="8" xmlns="http://www.w3.org/2000/svg" color="currentColor"><path d="M1.312 1.348L10.276 10l-8.964 8.644" fill="none" stroke="currentColor"></path></svg></span></a></div><div class="product-info-message-section"><div class="product-info-message-list"></div></div></div><div class="styles__StyledPromotionsWithBuyBoxWrapper-dvv1wj-8 cZskDh"><div class="styles__StyledPromotionsAboveMobile-dvv1wj-7 iPTMuo"><div class="styles__StyledPromotionsWithClubcardPriceContainer-sc-1vdpoop-0 bsPFbn"><div class="styles__StyledClubcardLogo-sc-1vdpoop-2 elOZEB"><div class="styles__Wrapper-sc-1d2phhy-0 hgBuQG undefined special-offer-sash"><span class="styles__CircleWrapper-sc-1d2phhy-2 hCbzjm"><strong class="styles__TextWrapper-sc-1d2phhy-1 bLXNGg">Clubcard Price</strong></span></div></div><a href="https://www.tesco.com/groceries/en-GB/promotions/88565257"><div class="styles__ProductPromotionStyling-sc-1vdpoop-3 WGKAK"><div class="styles__StyledPromotionsOfferContent-sc-1vdpoop-1 cPSekc"><span class="offer-text">£2.00 Clubcard Price</span></div><span class="dates">Offer valid for delivery from 02/11/2022 until 13/12/2022</span></div></a></div></div><div class="styles__StyledBuyBoxWrapper-dvv1wj-4 dSvjUC"><div class="styles__StyledBuyBoxContainer-sc-1wx0qp6-0 erryje" data-auto="buybox-container"><div class="styles__SafeFormWrapper-jtpu2t-0 lcrYKS"><form action="https://www.tesco.com/groceries/en-GB/trolley/items/297520022?_method=PUT" method="POST"><input type="submit" class="hidden"><input name="id" type="hidden" value="297520022"><input name="identifier" type="hidden" value="Page"><input name="anchorId" type="hidden" value="#tile-297520022"><input name="returnUrl" type="hidden" value="/groceries/en-GB/shop/health-and-beauty/all?redirectIfUnavailable=true#tile-297520022"><input name="backToUrl" type="hidden" value="#"><input name="oldValue" type="hidden" value="0"><input name="oldUnitChoice" type="hidden" value="pcs"><input name="newUnitChoice" type="hidden" value="pcs"><div class="base-components__RootElement-sc-1mosoyj-1 styled__Container-sc-6nhkzi-0 jptQqM hSNpTb beans-buybox__container"><div class="base-components__BaseElement-sc-1mosoyj-0 styled__PriceAndActions-sc-6nhkzi-3 oznwo eEPLov beans-buybox__price-and-actions"><div class="base-components__RootElement-sc-1mosoyj-1 styled__Container-sc-8qlq5b-0 jptQqM bgZrjw styled__StyledPrice-sc-6nhkzi-5 iYHeik beans-buybox__price beans-price__container"><p class="styled__StyledHeading-sc-119w3hf-2 jWPEtj styled__Text-sc-8qlq5b-1 lnaeiZ beans-price__text">£4.00</p><p class="styled__StyledFootnote-sc-119w3hf-7 icrlVF styled__Subtext-sc-8qlq5b-2 bNJmdc beans-price__subtext">£3.20/100ml</p></div><div class="base-components__RootElement-sc-1mosoyj-1 styled__Container-vtxwzb-0 jptQqM bDFhXJ beans-buybox__actions beans-quantity-controls__container"><div class="base-components__RootElement-sc-1mosoyj-1 styled__Container-sc-16t2b2a-0 jptQqM PUfgZ styled__StyledFormGroup-vtxwzb-1 kzKuAr beans-quantity-controls__form-group beans-form-group__container"><label class="styled__StyledLabel-sc-1ttuvhr-0 izGEjV beans-form-group__label beans-label" for="quantity-controls-297520022">Quantity controls </label><div class="base-components__BaseElement-sc-1mosoyj-0 styled__Children-sc-16t2b2a-3 oznwo gdJvjO beans-form-group__children"><div class="styled__StyledQuantityControlWrapper-vtxwzb-6 LCxOg"><label id="quantity-controls-297520022-label" class="styled__VisuallyHiddenLabel-vtxwzb-7 gXlLiM">Quantity of Colgate Max White Toothpaste 125Ml</label><div class="component__Wrapper-sc-1kpmik-3 dReplG input-wrapper"><input class="base-components__RootElement-sc-1mosoyj-1 styled__StyledInput-sc-1jd5f57-0 component__StyledAsInput-sc-1kpmik-4 jptQqM eJLlow styled__StyledInput-vtxwzb-3 lwMHo beans-quantity-controls__input beans-input" data-auto="beans-quantity-controls-input" autocomplete="off" id="quantity-controls-297520022" maxlength="2" name="newValue" type="number" aria-labelledby="quantity-controls-297520022-label" value="1"></div></div><button class="styled__BaseButton-rsekm1-0 styled__PrimaryButton-rsekm1-2 jChbeY geeWOF styled__StyledButton-vtxwzb-5 japAxb beans-quantity-controls__add-button beans-button__container" type="submit" data-auto="beans-quantity-controls-add-button" aria-label="Quantity of Colgate Max White Toothpaste 125Ml"><span class="base-components__BaseElement-sc-1mosoyj-0 styled__InnerContainer-rsekm1-1 oznwo fuFres beans-button__inner-container"><span class="base-components__BaseElement-sc-1mosoyj-0 styled__TextSpan-rsekm1-4 oznwo GDiMp beans-button__text">Add</span></span></button></div></div></div></div></div><input name="_csrf" type="hidden" value="0WbpBJF9-cS-fAMl-ByHnl5hECj1JaZiBQ20"></form></div></div></div></div></div><div class="hidden-medium product-info-section-small"><div class="product-info-message-list"></div></div></div><div class="styles__StyledPromotionsMobile-dvv1wj-6 Bxaeb"><div><div class="styles__StyledPromotionsWithClubcardPriceContainer-sc-1vdpoop-0 bsPFbn"><div class="styles__StyledClubcardLogo-sc-1vdpoop-2 elOZEB"><div class="styles__Wrapper-sc-1d2phhy-0 hgBuQG undefined special-offer-sash"><span class="styles__CircleWrapper-sc-1d2phhy-2 hCbzjm"><strong class="styles__TextWrapper-sc-1d2phhy-1 bLXNGg">Clubcard Price</strong></span></div></div><a href="https://www.tesco.com/groceries/en-GB/promotions/88565257"><div class="styles__ProductPromotionStyling-sc-1vdpoop-3 WGKAK"><div class="styles__StyledPromotionsOfferContent-sc-1vdpoop-1 cPSekc"><span class="offer-text">£2.00 Clubcard Price</span></div><span class="dates">Offer valid for delivery from 02/11/2022 until 13/12/2022</span></div></a></div></div></div></div></div></div></li><li class="product-list--list-item"><div class="styles__StyledVerticalTileWrapper-dvv1wj-0 dtCNPH"><div data-auto="product-tile" data-auto-type="Quantity" data-auto-available="true" data-auto-is-restricted-disabled="false" data-auto-is-substitute="false" class="styles__StyledVerticalTile-dvv1wj-1 gSCsYK"><div class="styles__StyledTileContentWrapper-dvv1wj-2 bkNhNP beans"><div id="tile-304377866" data-auto-id="304377866" class="styles__StyledTiledContent-dvv1wj-3 bcglTg"><a href="https://www.tesco.com/groceries/en-GB/products/304377866" aria-hidden="true" class="product-image-wrapper" tabindex="1"><div class="product-image__container"><picture><img class="styled__Image-sjvkdn-0 bJErKA product-image beans-responsive-image__image" src="data:image/gif;base64,R0lGODlhAQABAAAAACH5BAEKAAEALAAAAAABAAEAAAICTAEAOw==" srcset="https://digitalcontent.api.tesco.com/v2/media/ghs/18738c13-46fa-4af0-8e91-4852338a03bc/1e7abded-2a77-47f5-8c4f-f5e2eadf1b31_922912052.jpeg?h=225&amp;w=225 768w, data:image/gif;base64,R0lGODlhAQABAAAAACH5BAEKAAEALAAAAAABAAEAAAICTAEAOw== 4000w" alt="Dove Deeply Nourishing Body Wash 450Ml"></picture></div></a><div class="product-details--wrapper"><h3 class="styles__H3-oa5soe-0 bCKNNq"><a href="https://www.tesco.com/groceries/en-GB/products/304377866" class="styled__Anchor-sc-1xbujuz-0 csVOnh beans-link__anchor" data-auto="product-tile--title"><span class="styled__Text-sc-1xbujuz-1 ldbwMG beans-link__text">Dove Deeply Nourishing Body Wash 450Ml</span></a></h3><div class="styles__StyledPromotionsAboveMobile-dvv1wj-7 iPTMuo"></div><div class="styles__StyledProductDetailsContent-dvv1wj-5 ddRSrq"><a href="https://www.tesco.com/groceries/en-GB/reviews/submission/304377866?from=%2Fshop%2Fhealth-and-beauty%2Fall" aria-label="Write a review for Dove Deeply Nourishing Body Wash 450Ml" class="styled__Anchor-sc-1xbujuz-0 jSzuDt write-a-review-link beans-link__anchor" data-auto="review-link"><span class="styled__Text-sc-1xbujuz-1 fyDIEo beans-link__text">Write a review</span><span class="styled__IconContainer-sc-1xbujuz-2 bSauSL beans-link__icon-container"><svg aria-hidden="true" class="styled__SVG-xxa4wh-1 hQMCqc beans-link__icon beans-icon__svg" height="13.33" preserveAspectRatio="xMinYMax meet" viewBox="-1 0 12 20" width="8" xmlns="http://www.w3.org/2000/svg" color="currentColor"><path d="M1.312 1.348L10.276 10l-8.964 8.644" fill="none" stroke="currentColor"></path></svg></span></a><div><a href="https://www.tesco.com/groceries/en-GB/shop/health-and-beauty/shower-bath-and-hand-hygiene/shower/shower-gel" class="styled__Anchor-sc-1xbujuz-0 jSzuDt rest-of-shelf-link beans-link__anchor" data-auto="rest-of-shelf-link"><span class="styled__Text-sc-1xbujuz-1 fyDIEo beans-link__text">Rest of <span class="visually-hidden">Shower Gel</span> shelf</span><span class="styled__IconContainer-sc-1xbujuz-2 bSauSL beans-link__icon-container"><svg aria-hidden="true" class="styled__SVG-xxa4wh-1 hQMCqc beans-link__icon beans-icon__svg" height="13.33" preserveAspectRatio="xMinYMax meet" viewBox="-1 0 12 20" width="8" xmlns="http://www.w3.org/2000/svg" color="currentColor"><path d="M1.312 1.348L10.276 10l-8.964 8.644" fill="none" stroke="currentColor"></path></svg></span></a></div><div class="product-info-message-section"><div class="product-info-message-list"><div class="styled__WhiteBackground-sc-9yzfq2-1 jthPIJ"><svg width="56" height="61" viewBox="0 0 56 61" fill="none" xmlns="http://www.w3.org/2000/svg"><path d="M30.8759 45.8182C40.0086 42.7996 46.6572 34.3312 46.9801 24.2629H47V23.502V22.7397H46.9801C46.5765 10.112 36.2237 0 23.4993 0C10.5209 0 0 10.5209 0 23.4993C0 33.8972 6.75323 42.7162 16.1109 45.8142L16.1294 42.8684C13.3741 41.8189 10.9007 40.1978 8.8508 38.1492C5.099 34.3961 2.78308 29.2256 2.78308 23.4993C2.78308 17.7744 5.10032 12.6039 8.8508 8.84947C12.6039 5.09768 17.7744 2.78175 23.5007 2.78175C29.2256 2.78175 34.3961 5.09768 38.1505 8.84947C41.9023 12.6026 44.2182 17.7731 44.2182 23.4993C44.2182 29.2256 41.901 34.3948 38.1505 38.1492C36.1033 40.1952 33.6338 41.815 30.8838 42.8644L30.8772 45.8182H30.8759Z" fill="#EE1C2E"></path><path d="M9.82217 16.0368C10.5434 14.6962 11.4566 13.472 12.5245 12.4041C15.3354 9.59453 19.2116 7.85825 23.4994 7.85825C27.7871 7.85825 31.6633 9.59453 34.4742 12.4041C35.5435 13.4734 36.4553 14.6962 37.1765 16.0368H38.6256C35.8995 10.4309 30.1507 6.56662 23.498 6.56662C16.8454 6.56662 11.0966 10.4309 8.37042 16.0368H9.81952H9.82217Z" fill="black"></path><path d="M38.2419 28.245C37.4743 30.5728 36.1694 32.6571 34.4742 34.3537C32.8385 35.9881 30.8428 37.2599 28.6142 38.038C28.605 38.0407 28.5825 38.0394 28.5878 38.0473C28.773 38.3278 28.7836 39.3429 28.7836 39.3429C33.9567 37.6318 38.0142 33.4763 39.593 28.245H38.2419Z" fill="black"></path><path d="M12.5245 34.3537C10.4322 32.2601 8.9355 29.5763 8.30822 26.5722H6.99409C8.14941 32.5791 12.4994 37.4491 18.2085 39.3416C18.2111 39.3416 18.2177 39.3482 18.2177 39.3442C18.2627 38.2286 18.3898 38.0394 18.3898 38.0394C18.3818 38.0367 18.3726 38.0341 18.3646 38.0301C16.144 37.2519 14.1536 35.9828 12.5232 34.3524L12.5245 34.3537Z" fill="black"></path><path d="M17.6645 15.8727H20.1062V16.8335H16.623V11.2289H17.6645V15.8727Z" fill="black"></path><path d="M20.527 13.6745C20.7031 13.3516 20.9532 13.0975 21.2761 12.9136C21.599 12.7296 21.9682 12.637 22.3851 12.637C22.8019 12.637 23.1712 12.7296 23.4941 12.9136C23.817 13.0975 24.0658 13.3516 24.2431 13.6745C24.4191 13.9974 24.5065 14.3614 24.5065 14.7676C24.5065 15.1739 24.4191 15.5379 24.2431 15.8608C24.0671 16.1837 23.817 16.4364 23.4941 16.6217C23.1712 16.8057 22.8019 16.897 22.3851 16.897C21.9682 16.897 21.599 16.8057 21.2761 16.6217C20.9532 16.4378 20.7031 16.1837 20.527 15.8608C20.351 15.5379 20.2637 15.1739 20.2637 14.7676C20.2637 14.3614 20.351 13.9974 20.527 13.6745ZM21.5805 15.6477C21.7856 15.8727 22.0542 15.9838 22.3851 15.9838C22.7159 15.9838 22.9846 15.8713 23.1897 15.6477C23.3948 15.424 23.498 15.1303 23.498 14.7676C23.498 14.405 23.3948 14.1112 23.1897 13.8876C22.9846 13.6639 22.7159 13.5515 22.3851 13.5515C22.0542 13.5515 21.7856 13.6639 21.5805 13.8876C21.3753 14.1112 21.2721 14.405 21.2721 14.7676C21.2721 15.1303 21.3753 15.424 21.5805 15.6477Z" fill="black"></path><path d="M29.1687 16.8334H28.208L27.5119 14.1271L26.8158 16.8334H25.855L24.566 12.7018H25.5347L26.3182 15.4082L27.0315 12.7018H27.9923L28.7056 15.4082L29.489 12.7018H30.4577L29.1687 16.8334Z" fill="black"></path><path d="M8.61654 18.931H5.58202V20.4026H8.01572V21.6042H5.58202V23.5377H8.71579V24.738H4.27981V17.7294H8.61654V18.931Z" fill="black"></path><path d="M8.73168 19.5715H9.9836L11.2051 23.0269L12.4266 19.5715H13.6785L11.7662 24.738H10.644L8.73168 19.5715Z" fill="black"></path><path d="M18.7126 22.5558H14.8973C14.9635 22.9369 15.121 23.2254 15.3684 23.4226C15.6159 23.6198 15.9163 23.7177 16.2697 23.7177C16.5635 23.7177 16.8083 23.6555 17.0055 23.5324C17.2027 23.4093 17.3906 23.2201 17.5719 22.966L18.6226 23.5377C18.3686 23.9519 18.047 24.2682 17.6566 24.4892C17.2662 24.7089 16.7805 24.8201 16.1995 24.8201C15.6517 24.8201 15.1832 24.6917 14.7928 24.435C14.4024 24.1782 14.1099 23.8461 13.9167 23.4385C13.7235 23.0322 13.6269 22.6047 13.6269 22.1574C13.6269 21.7101 13.7288 21.2827 13.9326 20.8764C14.1364 20.4688 14.4315 20.1366 14.8192 19.8799C15.207 19.6231 15.6636 19.4948 16.1916 19.4948C16.7196 19.4948 17.1828 19.6152 17.5626 19.8547C17.9438 20.0956 18.2296 20.4106 18.4241 20.801C18.6174 21.1914 18.714 21.6069 18.714 22.0476V22.5584L18.7126 22.5558ZM17.4409 21.5751C17.3945 21.2813 17.2582 21.0418 17.0346 20.8539C16.8109 20.6673 16.5291 20.5733 16.1889 20.5733C15.9018 20.5733 15.645 20.662 15.4174 20.838C15.1911 21.0153 15.0336 21.2602 14.9463 21.5738H17.4395L17.4409 21.5751Z" fill="black"></path><path d="M19.3849 19.5715H20.6263V20.3523C20.7732 20.0718 20.9809 19.8587 21.2469 19.7118C21.5142 19.5649 21.8107 19.4921 22.1376 19.4921C22.4644 19.4921 22.745 19.5689 22.9382 19.7224L22.5174 20.7732C22.344 20.6805 22.1601 20.6329 21.9668 20.6329C21.5791 20.6329 21.2588 20.7996 21.0061 21.1331C20.752 21.4666 20.6249 21.9814 20.6249 22.6749V24.738H19.3836V19.5715H19.3849Z" fill="black"></path><path d="M24.8518 24.4178L22.9792 19.5715H24.2312L25.4434 22.8562L26.5841 19.5715H27.8255L25.1827 26.7813H23.981L24.8518 24.4178Z" fill="black"></path><path d="M28.8074 24.4786C28.4607 24.251 28.1881 23.9347 27.9909 23.5271C27.7937 23.1195 27.6958 22.663 27.6958 22.1548C27.6958 21.6466 27.7911 21.1821 27.9816 20.7785C28.1722 20.3748 28.4369 20.0585 28.7783 19.8322C29.1184 19.6059 29.5088 19.4921 29.9495 19.4921C30.2962 19.4921 30.6006 19.5543 30.86 19.6774C31.1207 19.8005 31.3205 19.9765 31.4608 20.2028V17.65H32.7021V24.7393H31.4608V24.1187C31.3139 24.3251 31.1141 24.4945 30.86 24.6242C30.6059 24.7539 30.3055 24.8201 29.9588 24.8201C29.5379 24.8201 29.1541 24.7063 28.8074 24.48V24.4786ZM31.1763 23.2664C31.4198 22.9925 31.5415 22.6219 31.5415 22.1548C31.5415 21.6876 31.4198 21.3171 31.1763 21.0431C30.9328 20.7692 30.6271 20.6329 30.2605 20.6329C29.8939 20.6329 29.5882 20.7705 29.3447 21.0431C29.1012 21.3171 28.9795 21.6876 28.9795 22.1548C28.9795 22.6219 29.1012 22.9925 29.3447 23.2664C29.5882 23.5404 29.8939 23.6767 30.2605 23.6767C30.6271 23.6767 30.9328 23.5404 31.1763 23.2664Z" fill="black"></path><path d="M34.2624 24.6388C33.9951 24.5183 33.782 24.3437 33.6219 24.1134C33.4618 23.8831 33.3824 23.6079 33.3824 23.2876C33.3824 22.7807 33.5729 22.3718 33.9527 22.0608C34.3339 21.7511 34.8473 21.595 35.4945 21.595H36.6061V21.415C36.6061 21.1543 36.5161 20.9465 36.3361 20.789C36.1562 20.6329 35.9127 20.5535 35.6056 20.5535C35.3582 20.5535 35.1345 20.6183 34.9347 20.7493C34.7349 20.879 34.584 21.0312 34.4834 21.2046L33.5319 20.6342C33.7119 20.3073 33.9792 20.0347 34.3325 19.8177C34.6859 19.6006 35.1094 19.4921 35.6043 19.4921C36.3123 19.4921 36.8629 19.6615 37.2559 20.003C37.6503 20.3431 37.8461 20.834 37.8461 21.4746V24.7393H36.8245L36.6538 24.079C36.487 24.3066 36.2753 24.4866 36.0172 24.6189C35.7605 24.7526 35.4574 24.8187 35.1107 24.8187C34.8103 24.8187 34.5271 24.7592 34.2598 24.6388H34.2624ZM36.2607 23.457C36.491 23.2572 36.6061 23.0097 36.6061 22.7159V22.5756H35.6255C35.3383 22.5756 35.1094 22.6312 34.94 22.741C34.7693 22.8509 34.6846 23.0031 34.6846 23.1963C34.6846 23.3763 34.7468 23.5152 34.8698 23.6118C34.9929 23.7084 35.1755 23.7574 35.4151 23.7574C35.7486 23.7574 36.0304 23.6568 36.2607 23.457V23.457Z" fill="black"></path><path d="M39.7571 24.4178L37.8845 19.5715H39.1364L40.3473 22.8562L41.4894 19.5715H42.7308L40.088 26.7813H38.8863L39.7571 24.4178Z" fill="black"></path><path d="M13.652 33.1164H12.6185V27.5515H14.6618C15.7985 27.5515 16.4589 28.3072 16.4589 29.2772C16.4589 30.2473 15.7985 31.0029 14.6618 31.0029H13.652V33.1177V33.1164ZM15.4095 29.2759C15.4095 28.7505 15.076 28.5044 14.5824 28.5044H13.652V30.0461H14.5824C15.0747 30.0461 15.4095 29.8 15.4095 29.2746V29.2759Z" fill="black"></path><path d="M17.0981 29.0139H18.084V29.6345C18.3222 29.1899 18.7682 28.9503 19.2843 28.9503C19.5464 28.9503 19.7687 29.0139 19.9209 29.133L19.5874 29.968C19.4524 29.8966 19.3095 29.8569 19.1507 29.8569C18.5856 29.8569 18.0854 30.3015 18.0854 31.4793V33.1177H17.0994V29.0152L17.0981 29.0139Z" fill="black"></path><path d="M20.9703 27.312C21.3356 27.312 21.6069 27.5899 21.6069 27.9485C21.6069 28.3072 21.3369 28.5851 20.9703 28.5851C20.6038 28.5851 20.3338 28.3072 20.3338 27.9485C20.3338 27.5899 20.6038 27.312 20.9703 27.312ZM21.4626 33.1164H20.4767V29.0139H21.4626V33.1164Z" fill="black"></path><path d="M22.2355 31.0651C22.2355 29.8251 23.0785 28.9503 24.3026 28.9503C25.1774 28.9503 25.8205 29.2997 26.1553 30.0713L25.2568 30.4762C25.0583 30.0792 24.7565 29.8555 24.3026 29.8555C23.6899 29.8555 23.2373 30.3399 23.2373 31.0638C23.2373 31.7877 23.6899 32.272 24.3026 32.272C24.7552 32.272 25.0583 32.0497 25.2568 31.6514L26.1553 32.0563C25.8219 32.8279 25.1774 33.1772 24.3026 33.1772C23.0785 33.1772 22.2355 32.3025 22.2355 31.0625V31.0651Z" fill="black"></path><path d="M30.5874 31.3827H27.5581C27.6693 32.0113 28.1153 32.3051 28.6473 32.3051C29.1316 32.3051 29.4109 32.0907 29.6808 31.7083L30.5159 32.1609C30.1348 32.7736 29.5617 33.1786 28.5917 33.1786C27.2167 33.1786 26.5484 32.0894 26.5484 31.0638C26.5484 30.0382 27.2723 28.949 28.5838 28.949C29.8952 28.949 30.5874 29.9667 30.5874 30.9765V31.3814V31.3827ZM29.5776 30.6033C29.5062 30.1586 29.1409 29.8079 28.5838 29.8079C28.1391 29.8079 27.7408 30.0938 27.5978 30.6033H29.5776V30.6033Z" fill="black"></path><path d="M31.0294 32.2416L31.7374 31.6448C31.9677 32.0577 32.2866 32.3051 32.7551 32.3051C33.0965 32.3051 33.3281 32.1463 33.3281 31.8922C33.3281 31.6381 33.0105 31.4952 32.4613 31.343C31.785 31.1604 31.253 30.7713 31.253 30.1507C31.253 29.4665 31.8975 28.9503 32.7154 28.9503C33.4472 28.9503 33.876 29.3156 34.1142 29.7139L33.4776 30.2631C33.2553 29.9058 32.9602 29.7933 32.7061 29.7933C32.3726 29.7933 32.1728 29.9442 32.1728 30.1189C32.1728 30.365 32.3951 30.4762 33.0634 30.6522C33.7397 30.8269 34.2796 31.1855 34.2796 31.8922C34.2796 32.5989 33.7225 33.1799 32.6902 33.1799C31.9028 33.1799 31.3311 32.8464 31.0281 32.2416H31.0294Z" fill="black"></path><path d="M23.5046 47.8549H24.2007C24.3979 47.8549 24.4045 47.8443 24.3609 47.6498C24.2643 47.2263 24.1796 46.8015 24.0724 46.382C24.0155 46.161 24.0287 46.0207 24.2391 45.8579C24.7473 45.4675 24.7658 44.7013 24.3212 44.2315C23.8792 43.7643 23.1288 43.763 22.6855 44.2275C22.2395 44.696 22.2514 45.4636 22.7609 45.854C22.9898 46.0286 22.9925 46.1822 22.9237 46.4018C22.9171 46.423 22.9118 46.4429 22.9078 46.464C22.8165 46.8743 22.7238 47.2859 22.6339 47.6961C22.6021 47.8443 22.614 47.8562 22.7715 47.8562C23.0163 47.8562 23.2611 47.8562 23.506 47.8562M23.4954 41.1361C24.2179 41.1361 24.9392 41.1334 25.6604 41.1374C25.7689 41.1374 25.8166 41.1096 25.8139 40.9932C25.8086 40.62 25.8139 40.2454 25.81 39.8723C25.806 39.5771 25.7517 39.29 25.634 39.0187C25.1602 37.9229 24.0406 37.3803 22.88 37.6807C22.0357 37.8991 21.329 38.668 21.2337 39.5374C21.1808 40.0139 21.2072 40.4982 21.1914 40.9786C21.1874 41.1056 21.235 41.1387 21.3568 41.1387C22.0701 41.1334 22.7834 41.1361 23.4967 41.1361M23.4967 50.6023C22.217 50.6023 20.9359 50.6023 19.6562 50.6023C18.6849 50.6023 17.9186 50.0041 17.699 49.0592C17.6619 48.903 17.654 48.735 17.654 48.5735C17.6513 46.7856 17.6566 44.9977 17.65 43.2112C17.6473 42.4899 17.9028 41.9037 18.4943 41.4815C18.8132 41.2539 19.1758 41.1427 19.5689 41.1374C19.7396 41.1348 19.7383 41.1321 19.7396 40.9627C19.7436 40.5035 19.7198 40.0403 19.7595 39.5851C19.9408 37.4822 21.7631 35.9683 23.862 36.1549C25.7584 36.3243 27.2578 37.96 27.2617 39.867C27.2617 40.2282 27.2617 40.5895 27.2617 40.9495C27.2617 41.1321 27.2617 41.1308 27.4457 41.1387C28.2159 41.1731 28.7796 41.5357 29.1436 42.212C29.3024 42.5071 29.3513 42.8274 29.3513 43.1595C29.3513 44.9779 29.3553 46.7949 29.3513 48.6132C29.3487 49.5965 28.732 50.3601 27.7845 50.5639C27.6429 50.5943 27.4946 50.6023 27.3491 50.6023C26.0641 50.6049 24.7804 50.6036 23.4954 50.6036" fill="black"></path></svg><p class="styled__StyledBodyText-sc-119w3hf-5 ggtTyf styled__DarkGreyBodyText-sc-9yzfq2-2 lmkdDf">Low Everyday Price</p></div></div></div></div><div class="styles__StyledBuyBoxWrapper-dvv1wj-4 dSvjUC"><div class="styles__StyledBuyBoxContainer-sc-1wx0qp6-0 erryje" data-auto="buybox-container"><div class="styles__SafeFormWrapper-jtpu2t-0 lcrYKS"><form action="https://www.tesco.com/groceries/en-GB/trolley/items/304377866?_method=PUT" method="POST"><input type="submit" class="hidden"><input name="id" type="hidden" value="304377866"><input name="identifier" type="hidden" value="Page"><input name="anchorId" type="hidden" value="#tile-304377866"><input name="returnUrl" type="hidden" value="/groceries/en-GB/shop/health-and-beauty/all?redirectIfUnavailable=true#tile-304377866"><input name="backToUrl" type="hidden" value="#"><input name="oldValue" type="hidden" value="0"><input name="oldUnitChoice" type="hidden" value="pcs"><input name="newUnitChoice" type="hidden" value="pcs"><div class="base-components__RootElement-sc-1mosoyj-1 styled__Container-sc-6nhkzi-0 jptQqM hSNpTb beans-buybox__container"><div class="base-components__BaseElement-sc-1mosoyj-0 styled__PriceAndActions-sc-6nhkzi-3 oznwo eEPLov beans-buybox__price-and-actions"><div class="base-components__RootElement-sc-1mosoyj-1 styled__Container-sc-8qlq5b-0 jptQqM bgZrjw styled__StyledPrice-sc-6nhkzi-5 iYHeik beans-buybox__price beans-price__container"><p class="styled__StyledHeading-sc-119w3hf-2 jWPEtj styled__Text-sc-8qlq5b-1 lnaeiZ beans-price__text">£2.00</p><p class="styled__StyledFootnote-sc-119w3hf-7 icrlVF styled__Subtext-sc-8qlq5b-2 bNJmdc beans-price__subtext">£0.44/100ml</p></div><div class="base-components__RootElement-sc-1mosoyj-1 styled__Container-vtxwzb-0 jptQqM bDFhXJ beans-buybox__actions beans-quantity-controls__container"><div class="base-components__RootElement-sc-1mosoyj-1 styled__Container-sc-16t2b2a-0 jptQqM PUfgZ styled__StyledFormGroup-vtxwzb-1 kzKuAr beans-quantity-controls__form-group beans-form-group__container"><label class="styled__StyledLabel-sc-1ttuvhr-0 izGEjV beans-form-group__label beans-label" for="quantity-controls-304377866">Quantity controls </label><div class="base-components__BaseElement-sc-1mosoyj-0 styled__Children-sc-16t2b2a-3 oznwo gdJvjO beans-form-group__children"><div class="styled__StyledQuantityControlWrapper-vtxwzb-6 LCxOg"><label id="quantity-controls-304377866-label" class="styled__VisuallyHiddenLabel-vtxwzb-7 gXlLiM">Quantity of Dove Deeply Nourishing Body Wash 450Ml</label><div class="component__Wrapper-sc-1kpmik-3 dReplG input-wrapper"><input class="base-components__RootElement-sc-1mosoyj-1 styled__StyledInput-sc-1jd5f57-0 component__StyledAsInput-sc-1kpmik-4 jptQqM eJLlow styled__StyledInput-vtxwzb-3 lwMHo beans-quantity-controls__input beans-input" data-auto="beans-quantity-controls-input" autocomplete="off" id="quantity-controls-304377866" maxlength="2" name="newValue" type="number" aria-labelledby="quantity-controls-304377866-label" value="1"></div></div><button class="styled__BaseButton-rsekm1-0 styled__PrimaryButton-rsekm1-2 jChbeY geeWOF styled__StyledButton-vtxwzb-5 japAxb beans-quantity-controls__add-button beans-button__container" type="submit" data-auto="beans-quantity-controls-add-button" aria-label="Quantity of Dove Deeply Nourishing Body Wash 450Ml"><span class="base-components__BaseElement-sc-1mosoyj-0 styled__InnerContainer-rsekm1-1 oznwo fuFres beans-button__inner-container"><span class="base-components__BaseElement-sc-1mosoyj-0 styled__TextSpan-rsekm1-4 oznwo GDiMp beans-button__text">Add</span></span></button></div></div></div></div></div><input name="_csrf" type="hidden" value="0WbpBJF9-cS-fAMl-ByHnl5hECj1JaZiBQ20"></form></div></div></div></div><div class="hidden-medium product-info-section-small"><div class="product-info-message-list"><div class="styled__WhiteBackground-sc-9yzfq2-1 jthPIJ"><svg width="56" height="61" viewBox="0 0 56 61" fill="none" xmlns="http://www.w3.org/2000/svg"><path d="M30.8759 45.8182C40.0086 42.7996 46.6572 34.3312 46.9801 24.2629H47V23.502V22.7397H46.9801C46.5765 10.112 36.2237 0 23.4993 0C10.5209 0 0 10.5209 0 23.4993C0 33.8972 6.75323 42.7162 16.1109 45.8142L16.1294 42.8684C13.3741 41.8189 10.9007 40.1978 8.8508 38.1492C5.099 34.3961 2.78308 29.2256 2.78308 23.4993C2.78308 17.7744 5.10032 12.6039 8.8508 8.84947C12.6039 5.09768 17.7744 2.78175 23.5007 2.78175C29.2256 2.78175 34.3961 5.09768 38.1505 8.84947C41.9023 12.6026 44.2182 17.7731 44.2182 23.4993C44.2182 29.2256 41.901 34.3948 38.1505 38.1492C36.1033 40.1952 33.6338 41.815 30.8838 42.8644L30.8772 45.8182H30.8759Z" fill="#EE1C2E"></path><path d="M9.82217 16.0368C10.5434 14.6962 11.4566 13.472 12.5245 12.4041C15.3354 9.59453 19.2116 7.85825 23.4994 7.85825C27.7871 7.85825 31.6633 9.59453 34.4742 12.4041C35.5435 13.4734 36.4553 14.6962 37.1765 16.0368H38.6256C35.8995 10.4309 30.1507 6.56662 23.498 6.56662C16.8454 6.56662 11.0966 10.4309 8.37042 16.0368H9.81952H9.82217Z" fill="black"></path><path d="M38.2419 28.245C37.4743 30.5728 36.1694 32.6571 34.4742 34.3537C32.8385 35.9881 30.8428 37.2599 28.6142 38.038C28.605 38.0407 28.5825 38.0394 28.5878 38.0473C28.773 38.3278 28.7836 39.3429 28.7836 39.3429C33.9567 37.6318 38.0142 33.4763 39.593 28.245H38.2419Z" fill="black"></path><path d="M12.5245 34.3537C10.4322 32.2601 8.9355 29.5763 8.30822 26.5722H6.99409C8.14941 32.5791 12.4994 37.4491 18.2085 39.3416C18.2111 39.3416 18.2177 39.3482 18.2177 39.3442C18.2627 38.2286 18.3898 38.0394 18.3898 38.0394C18.3818 38.0367 18.3726 38.0341 18.3646 38.0301C16.144 37.2519 14.1536 35.9828 12.5232 34.3524L12.5245 34.3537Z" fill="black"></path><path d="M17.6645 15.8727H20.1062V16.8335H16.623V11.2289H17.6645V15.8727Z" fill="black"></path><path d="M20.527 13.6745C20.7031 13.3516 20.9532 13.0975 21.2761 12.9136C21.599 12.7296 21.9682 12.637 22.3851 12.637C22.8019 12.637 23.1712 12.7296 23.4941 12.9136C23.817 13.0975 24.0658 13.3516 24.2431 13.6745C24.4191 13.9974 24.5065 14.3614 24.5065 14.7676C24.5065 15.1739 24.4191 15.5379 24.2431 15.8608C24.0671 16.1837 23.817 16.4364 23.4941 16.6217C23.1712 16.8057 22.8019 16.897 22.3851 16.897C21.9682 16.897 21.599 16.8057 21.2761 16.6217C20.9532 16.4378 20.7031 16.1837 20.527 15.8608C20.351 15.5379 20.2637 15.1739 20.2637 14.7676C20.2637 14.3614 20.351 13.9974 20.527 13.6745ZM21.5805 15.6477C21.7856 15.8727 22.0542 15.9838 22.3851 15.9838C22.7159 15.9838 22.9846 15.8713 23.1897 15.6477C23.3948 15.424 23.498 15.1303 23.498 14.7676C23.498 14.405 23.3948 14.1112 23.1897 13.8876C22.9846 13.6639 22.7159 13.5515 22.3851 13.5515C22.0542 13.5515 21.7856 13.6639 21.5805 13.8876C21.3753 14.1112 21.2721 14.405 21.2721 14.7676C21.2721 15.1303 21.3753 15.424 21.5805 15.6477Z" fill="black"></path><path d="M29.1687 16.8334H28.208L27.5119 14.1271L26.8158 16.8334H25.855L24.566 12.7018H25.5347L26.3182 15.4082L27.0315 12.7018H27.9923L28.7056 15.4082L29.489 12.7018H30.4577L29.1687 16.8334Z" fill="black"></path><path d="M8.61654 18.931H5.58202V20.4026H8.01572V21.6042H5.58202V23.5377H8.71579V24.738H4.27981V17.7294H8.61654V18.931Z" fill="black"></path><path d="M8.73168 19.5715H9.9836L11.2051 23.0269L12.4266 19.5715H13.6785L11.7662 24.738H10.644L8.73168 19.5715Z" fill="black"></path><path d="M18.7126 22.5558H14.8973C14.9635 22.9369 15.121 23.2254 15.3684 23.4226C15.6159 23.6198 15.9163 23.7177 16.2697 23.7177C16.5635 23.7177 16.8083 23.6555 17.0055 23.5324C17.2027 23.4093 17.3906 23.2201 17.5719 22.966L18.6226 23.5377C18.3686 23.9519 18.047 24.2682 17.6566 24.4892C17.2662 24.7089 16.7805 24.8201 16.1995 24.8201C15.6517 24.8201 15.1832 24.6917 14.7928 24.435C14.4024 24.1782 14.1099 23.8461 13.9167 23.4385C13.7235 23.0322 13.6269 22.6047 13.6269 22.1574C13.6269 21.7101 13.7288 21.2827 13.9326 20.8764C14.1364 20.4688 14.4315 20.1366 14.8192 19.8799C15.207 19.6231 15.6636 19.4948 16.1916 19.4948C16.7196 19.4948 17.1828 19.6152 17.5626 19.8547C17.9438 20.0956 18.2296 20.4106 18.4241 20.801C18.6174 21.1914 18.714 21.6069 18.714 22.0476V22.5584L18.7126 22.5558ZM17.4409 21.5751C17.3945 21.2813 17.2582 21.0418 17.0346 20.8539C16.8109 20.6673 16.5291 20.5733 16.1889 20.5733C15.9018 20.5733 15.645 20.662 15.4174 20.838C15.1911 21.0153 15.0336 21.2602 14.9463 21.5738H17.4395L17.4409 21.5751Z" fill="black"></path><path d="M19.3849 19.5715H20.6263V20.3523C20.7732 20.0718 20.9809 19.8587 21.2469 19.7118C21.5142 19.5649 21.8107 19.4921 22.1376 19.4921C22.4644 19.4921 22.745 19.5689 22.9382 19.7224L22.5174 20.7732C22.344 20.6805 22.1601 20.6329 21.9668 20.6329C21.5791 20.6329 21.2588 20.7996 21.0061 21.1331C20.752 21.4666 20.6249 21.9814 20.6249 22.6749V24.738H19.3836V19.5715H19.3849Z" fill="black"></path><path d="M24.8518 24.4178L22.9792 19.5715H24.2312L25.4434 22.8562L26.5841 19.5715H27.8255L25.1827 26.7813H23.981L24.8518 24.4178Z" fill="black"></path><path d="M28.8074 24.4786C28.4607 24.251 28.1881 23.9347 27.9909 23.5271C27.7937 23.1195 27.6958 22.663 27.6958 22.1548C27.6958 21.6466 27.7911 21.1821 27.9816 20.7785C28.1722 20.3748 28.4369 20.0585 28.7783 19.8322C29.1184 19.6059 29.5088 19.4921 29.9495 19.4921C30.2962 19.4921 30.6006 19.5543 30.86 19.6774C31.1207 19.8005 31.3205 19.9765 31.4608 20.2028V17.65H32.7021V24.7393H31.4608V24.1187C31.3139 24.3251 31.1141 24.4945 30.86 24.6242C30.6059 24.7539 30.3055 24.8201 29.9588 24.8201C29.5379 24.8201 29.1541 24.7063 28.8074 24.48V24.4786ZM31.1763 23.2664C31.4198 22.9925 31.5415 22.6219 31.5415 22.1548C31.5415 21.6876 31.4198 21.3171 31.1763 21.0431C30.9328 20.7692 30.6271 20.6329 30.2605 20.6329C29.8939 20.6329 29.5882 20.7705 29.3447 21.0431C29.1012 21.3171 28.9795 21.6876 28.9795 22.1548C28.9795 22.6219 29.1012 22.9925 29.3447 23.2664C29.5882 23.5404 29.8939 23.6767 30.2605 23.6767C30.6271 23.6767 30.9328 23.5404 31.1763 23.2664Z" fill="black"></path><path d="M34.2624 24.6388C33.9951 24.5183 33.782 24.3437 33.6219 24.1134C33.4618 23.8831 33.3824 23.6079 33.3824 23.2876C33.3824 22.7807 33.5729 22.3718 33.9527 22.0608C34.3339 21.7511 34.8473 21.595 35.4945 21.595H36.6061V21.415C36.6061 21.1543 36.5161 20.9465 36.3361 20.789C36.1562 20.6329 35.9127 20.5535 35.6056 20.5535C35.3582 20.5535 35.1345 20.6183 34.9347 20.7493C34.7349 20.879 34.584 21.0312 34.4834 21.2046L33.5319 20.6342C33.7119 20.3073 33.9792 20.0347 34.3325 19.8177C34.6859 19.6006 35.1094 19.4921 35.6043 19.4921C36.3123 19.4921 36.8629 19.6615 37.2559 20.003C37.6503 20.3431 37.8461 20.834 37.8461 21.4746V24.7393H36.8245L36.6538 24.079C36.487 24.3066 36.2753 24.4866 36.0172 24.6189C35.7605 24.7526 35.4574 24.8187 35.1107 24.8187C34.8103 24.8187 34.5271 24.7592 34.2598 24.6388H34.2624ZM36.2607 23.457C36.491 23.2572 36.6061 23.0097 36.6061 22.7159V22.5756H35.6255C35.3383 22.5756 35.1094 22.6312 34.94 22.741C34.7693 22.8509 34.6846 23.0031 34.6846 23.1963C34.6846 23.3763 34.7468 23.5152 34.8698 23.6118C34.9929 23.7084 35.1755 23.7574 35.4151 23.7574C35.7486 23.7574 36.0304 23.6568 36.2607 23.457V23.457Z" fill="black"></path><path d="M39.7571 24.4178L37.8845 19.5715H39.1364L40.3473 22.8562L41.4894 19.5715H42.7308L40.088 26.7813H38.8863L39.7571 24.4178Z" fill="black"></path><path d="M13.652 33.1164H12.6185V27.5515H14.6618C15.7985 27.5515 16.4589 28.3072 16.4589 29.2772C16.4589 30.2473 15.7985 31.0029 14.6618 31.0029H13.652V33.1177V33.1164ZM15.4095 29.2759C15.4095 28.7505 15.076 28.5044 14.5824 28.5044H13.652V30.0461H14.5824C15.0747 30.0461 15.4095 29.8 15.4095 29.2746V29.2759Z" fill="black"></path><path d="M17.0981 29.0139H18.084V29.6345C18.3222 29.1899 18.7682 28.9503 19.2843 28.9503C19.5464 28.9503 19.7687 29.0139 19.9209 29.133L19.5874 29.968C19.4524 29.8966 19.3095 29.8569 19.1507 29.8569C18.5856 29.8569 18.0854 30.3015 18.0854 31.4793V33.1177H17.0994V29.0152L17.0981 29.0139Z" fill="black"></path><path d="M20.9703 27.312C21.3356 27.312 21.6069 27.5899 21.6069 27.9485C21.6069 28.3072 21.3369 28.5851 20.9703 28.5851C20.6038 28.5851 20.3338 28.3072 20.3338 27.9485C20.3338 27.5899 20.6038 27.312 20.9703 27.312ZM21.4626 33.1164H20.4767V29.0139H21.4626V33.1164Z" fill="black"></path><path d="M22.2355 31.0651C22.2355 29.8251 23.0785 28.9503 24.3026 28.9503C25.1774 28.9503 25.8205 29.2997 26.1553 30.0713L25.2568 30.4762C25.0583 30.0792 24.7565 29.8555 24.3026 29.8555C23.6899 29.8555 23.2373 30.3399 23.2373 31.0638C23.2373 31.7877 23.6899 32.272 24.3026 32.272C24.7552 32.272 25.0583 32.0497 25.2568 31.6514L26.1553 32.0563C25.8219 32.8279 25.1774 33.1772 24.3026 33.1772C23.0785 33.1772 22.2355 32.3025 22.2355 31.0625V31.0651Z" fill="black"></path><path d="M30.5874 31.3827H27.5581C27.6693 32.0113 28.1153 32.3051 28.6473 32.3051C29.1316 32.3051 29.4109 32.0907 29.6808 31.7083L30.5159 32.1609C30.1348 32.7736 29.5617 33.1786 28.5917 33.1786C27.2167 33.1786 26.5484 32.0894 26.5484 31.0638C26.5484 30.0382 27.2723 28.949 28.5838 28.949C29.8952 28.949 30.5874 29.9667 30.5874 30.9765V31.3814V31.3827ZM29.5776 30.6033C29.5062 30.1586 29.1409 29.8079 28.5838 29.8079C28.1391 29.8079 27.7408 30.0938 27.5978 30.6033H29.5776V30.6033Z" fill="black"></path><path d="M31.0294 32.2416L31.7374 31.6448C31.9677 32.0577 32.2866 32.3051 32.7551 32.3051C33.0965 32.3051 33.3281 32.1463 33.3281 31.8922C33.3281 31.6381 33.0105 31.4952 32.4613 31.343C31.785 31.1604 31.253 30.7713 31.253 30.1507C31.253 29.4665 31.8975 28.9503 32.7154 28.9503C33.4472 28.9503 33.876 29.3156 34.1142 29.7139L33.4776 30.2631C33.2553 29.9058 32.9602 29.7933 32.7061 29.7933C32.3726 29.7933 32.1728 29.9442 32.1728 30.1189C32.1728 30.365 32.3951 30.4762 33.0634 30.6522C33.7397 30.8269 34.2796 31.1855 34.2796 31.8922C34.2796 32.5989 33.7225 33.1799 32.6902 33.1799C31.9028 33.1799 31.3311 32.8464 31.0281 32.2416H31.0294Z" fill="black"></path><path d="M23.5046 47.8549H24.2007C24.3979 47.8549 24.4045 47.8443 24.3609 47.6498C24.2643 47.2263 24.1796 46.8015 24.0724 46.382C24.0155 46.161 24.0287 46.0207 24.2391 45.8579C24.7473 45.4675 24.7658 44.7013 24.3212 44.2315C23.8792 43.7643 23.1288 43.763 22.6855 44.2275C22.2395 44.696 22.2514 45.4636 22.7609 45.854C22.9898 46.0286 22.9925 46.1822 22.9237 46.4018C22.9171 46.423 22.9118 46.4429 22.9078 46.464C22.8165 46.8743 22.7238 47.2859 22.6339 47.6961C22.6021 47.8443 22.614 47.8562 22.7715 47.8562C23.0163 47.8562 23.2611 47.8562 23.506 47.8562M23.4954 41.1361C24.2179 41.1361 24.9392 41.1334 25.6604 41.1374C25.7689 41.1374 25.8166 41.1096 25.8139 40.9932C25.8086 40.62 25.8139 40.2454 25.81 39.8723C25.806 39.5771 25.7517 39.29 25.634 39.0187C25.1602 37.9229 24.0406 37.3803 22.88 37.6807C22.0357 37.8991 21.329 38.668 21.2337 39.5374C21.1808 40.0139 21.2072 40.4982 21.1914 40.9786C21.1874 41.1056 21.235 41.1387 21.3568 41.1387C22.0701 41.1334 22.7834 41.1361 23.4967 41.1361M23.4967 50.6023C22.217 50.6023 20.9359 50.6023 19.6562 50.6023C18.6849 50.6023 17.9186 50.0041 17.699 49.0592C17.6619 48.903 17.654 48.735 17.654 48.5735C17.6513 46.7856 17.6566 44.9977 17.65 43.2112C17.6473 42.4899 17.9028 41.9037 18.4943 41.4815C18.8132 41.2539 19.1758 41.1427 19.5689 41.1374C19.7396 41.1348 19.7383 41.1321 19.7396 40.9627C19.7436 40.5035 19.7198 40.0403 19.7595 39.5851C19.9408 37.4822 21.7631 35.9683 23.862 36.1549C25.7584 36.3243 27.2578 37.96 27.2617 39.867C27.2617 40.2282 27.2617 40.5895 27.2617 40.9495C27.2617 41.1321 27.2617 41.1308 27.4457 41.1387C28.2159 41.1731 28.7796 41.5357 29.1436 42.212C29.3024 42.5071 29.3513 42.8274 29.3513 43.1595C29.3513 44.9779 29.3553 46.7949 29.3513 48.6132C29.3487 49.5965 28.732 50.3601 27.7845 50.5639C27.6429 50.5943 27.4946 50.6023 27.3491 50.6023C26.0641 50.6049 24.7804 50.6036 23.4954 50.6036" fill="black"></path></svg><p class="styled__StyledBodyText-sc-119w3hf-5 ggtTyf styled__DarkGreyBodyText-sc-9yzfq2-2 lmkdDf">Low Everyday Price</p></div></div></div></div></div></div></div></li><li class="product-list--list-item"><div class="styles__StyledVerticalTileWrapper-dvv1wj-0 dtCNPH"><div data-auto="product-tile" data-auto-type="Quantity" data-auto-available="true" data-auto-is-restricted-disabled="false" data-auto-is-substitute="false" class="styles__StyledVerticalTile-dvv1wj-1 gSCsYK"><div class="styles__StyledTileContentWrapper-dvv1wj-2 bkNhNP beans"><div id="tile-255488642" data-auto-id="255488642" class="styles__StyledTiledContent-dvv1wj-3 bcglTg"><a href="https://www.tesco.com/groceries/en-GB/products/255488642" aria-hidden="true" class="product-image-wrapper" tabindex="1"><div class="product-image__container"><picture><img class="styled__Image-sjvkdn-0 bJErKA product-image beans-responsive-image__image" src="data:image/gif;base64,R0lGODlhAQABAAAAACH5BAEKAAEALAAAAAABAAEAAAICTAEAOw==" srcset="https://digitalcontent.api.tesco.com/v2/media/ghs/eb0358d4-ef44-4d48-b3de-12441f3e89ce/e59c392e-78a8-4760-9d2b-1d7b64fc2ae2_633912401.jpeg?h=225&amp;w=225 768w, data:image/gif;base64,R0lGODlhAQABAAAAACH5BAEKAAEALAAAAAABAAEAAAICTAEAOw== 4000w" alt="Tesco Paracetamol Extra 16&#39;S"></picture></div></a><div class="product-details--wrapper"><h3 class="styles__H3-oa5soe-0 bCKNNq"><a href="https://www.tesco.com/groceries/en-GB/products/255488642" class="styled__Anchor-sc-1xbujuz-0 csVOnh beans-link__anchor" data-auto="product-tile--title"><span class="styled__Text-sc-1xbujuz-1 ldbwMG beans-link__text">Tesco Paracetamol Extra 16'S</span></a></h3><div class="styles__StyledPromotionsAboveMobile-dvv1wj-7 iPTMuo"></div><div class="styles__StyledProductDetailsContent-dvv1wj-5 ddRSrq"><a href="https://www.tesco.com/groceries/en-GB/reviews/submission/255488642?from=%2Fshop%2Fhealth-and-beauty%2Fall" aria-label="Write a review for Tesco Paracetamol Extra 16&#39;S" class="styled__Anchor-sc-1xbujuz-0 jSzuDt write-a-review-link beans-link__anchor" data-auto="review-link"><span class="styled__Text-sc-1xbujuz-1 fyDIEo beans-link__text">Write a review</span><span class="styled__IconContainer-sc-1xbujuz-2 bSauSL beans-link__icon-container"><svg aria-hidden="true" class="styled__SVG-xxa4wh-1 hQMCqc beans-link__icon beans-icon__svg" height="13.33" preserveAspectRatio="xMinYMax meet" viewBox="-1 0 12 20" width="8" xmlns="http://www.w3.org/2000/svg" color="currentColor"><path d="M1.312 1.348L10.276 10l-8.964 8.644" fill="none" stroke="currentColor"></path></svg></span></a><div><a href="https://www.tesco.com/groceries/en-GB/shop/health-and-beauty/medicine/pain-relief-and-pain-killers/paracetamol" class="styled__Anchor-sc-1xbujuz-0 jSzuDt rest-of-shelf-link beans-link__anchor" data-auto="rest-of-shelf-link"><span class="styled__Text-sc-1xbujuz-1 fyDIEo beans-link__text">Rest of <span class="visually-hidden">Paracetamol</span> shelf</span><span class="styled__IconContainer-sc-1xbujuz-2 bSauSL beans-link__icon-container"><svg aria-hidden="true" class="styled__SVG-xxa4wh-1 hQMCqc beans-link__icon beans-icon__svg" height="13.33" preserveAspectRatio="xMinYMax meet" viewBox="-1 0 12 20" width="8" xmlns="http://www.w3.org/2000/svg" color="currentColor"><path d="M1.312 1.348L10.276 10l-8.964 8.644" fill="none" stroke="currentColor"></path></svg></span></a></div><div class="product-info-message-section"><div class="product-info-message-list"></div></div></div><div class="styles__StyledBuyBoxWrapper-dvv1wj-4 dSvjUC"><div class="styles__StyledBuyBoxContainer-sc-1wx0qp6-0 erryje" data-auto="buybox-container"><div class="styles__SafeFormWrapper-jtpu2t-0 lcrYKS"><form action="https://www.tesco.com/groceries/en-GB/trolley/items/255488642?_method=PUT" method="POST"><input type="submit" class="hidden"><input name="id" type="hidden" value="255488642"><input name="identifier" type="hidden" value="Page"><input name="anchorId" type="hidden" value="#tile-255488642"><input name="returnUrl" type="hidden" value="/groceries/en-GB/shop/health-and-beauty/all?redirectIfUnavailable=true#tile-255488642"><input name="backToUrl" type="hidden" value="#"><input name="oldValue" type="hidden" value="0"><input name="oldUnitChoice" type="hidden" value="pcs"><input name="newUnitChoice" type="hidden" value="pcs"><div class="base-components__RootElement-sc-1mosoyj-1 styled__Container-sc-6nhkzi-0 jptQqM hSNpTb beans-buybox__container"><div class="base-components__BaseElement-sc-1mosoyj-0 styled__PriceAndActions-sc-6nhkzi-3 oznwo eEPLov beans-buybox__price-and-actions"><div class="base-components__RootElement-sc-1mosoyj-1 styled__Container-sc-8qlq5b-0 jptQqM bgZrjw styled__StyledPrice-sc-6nhkzi-5 iYHeik beans-buybox__price beans-price__container"><p class="styled__StyledHeading-sc-119w3hf-2 jWPEtj styled__Text-sc-8qlq5b-1 lnaeiZ beans-price__text">£0.85</p><p class="styled__StyledFootnote-sc-119w3hf-7 icrlVF styled__Subtext-sc-8qlq5b-2 bNJmdc beans-price__subtext">£0.05/each</p></div><div class="base-components__RootElement-sc-1mosoyj-1 styled__Container-vtxwzb-0 jptQqM bDFhXJ beans-buybox__actions beans-quantity-controls__container"><div class="base-components__RootElement-sc-1mosoyj-1 styled__Container-sc-16t2b2a-0 jptQqM PUfgZ styled__StyledFormGroup-vtxwzb-1 kzKuAr beans-quantity-controls__form-group beans-form-group__container"><label class="styled__StyledLabel-sc-1ttuvhr-0 izGEjV beans-form-group__label beans-label" for="quantity-controls-255488642">Quantity controls </label><div class="base-components__BaseElement-sc-1mosoyj-0 styled__Children-sc-16t2b2a-3 oznwo gdJvjO beans-form-group__children"><div class="styled__StyledQuantityControlWrapper-vtxwzb-6 LCxOg"><label id="quantity-controls-255488642-label" class="styled__VisuallyHiddenLabel-vtxwzb-7 gXlLiM">Quantity of Tesco Paracetamol Extra 16'S</label><div class="component__Wrapper-sc-1kpmik-3 dReplG input-wrapper"><input class="base-components__RootElement-sc-1mosoyj-1 styled__StyledInput-sc-1jd5f57-0 component__StyledAsInput-sc-1kpmik-4 jptQqM eJLlow styled__StyledInput-vtxwzb-3 lwMHo beans-quantity-controls__input beans-input" data-auto="beans-quantity-controls-input" autocomplete="off" id="quantity-controls-255488642" maxlength="2" name="newValue" type="number" aria-labelledby="quantity-controls-255488642-label" value="1"></div></div><button class="styled__BaseButton-rsekm1-0 styled__PrimaryButton-rsekm1-2 jChbeY geeWOF styled__StyledButton-vtxwzb-5 japAxb beans-quantity-controls__add-button beans-button__container" type="submit" data-auto="beans-quantity-controls-add-button" aria-label="Quantity of Tesco Paracetamol Extra 16&#39;S"><span class="base-components__BaseElement-sc-1mosoyj-0 styled__InnerContainer-rsekm1-1 oznwo fuFres beans-button__inner-container"><span class="base-components__BaseElement-sc-1mosoyj-0 styled__TextSpan-rsekm1-4 oznwo GDiMp beans-button__text">Add</span></span></button></div></div></div></div></div><input name="_csrf" type="hidden" value="0WbpBJF9-cS-fAMl-ByHnl5hECj1JaZiBQ20"></form></div></div></div></div><div class="hidden-medium product-info-section-small"><div class="product-info-message-list"></div></div></div></div></div></div></li><li class="product-list--list-item"><div class="styles__StyledVerticalTileWrapper-dvv1wj-0 dtCNPH"><div data-auto="product-tile" data-auto-type="Quantity" data-auto-available="true" data-auto-is-restricted-disabled="false" data-auto-is-substitute="false" class="styles__StyledVerticalTile-dvv1wj-1 gSCsYK"><div class="styles__StyledTileContentWrapper-dvv1wj-2 bkNhNP beans"><div id="tile-305736947" data-auto-id="305736947" class="styles__StyledTiledContent-dvv1wj-3 bcglTg"><a href="https://www.tesco.com/groceries/en-GB/products/305736947" aria-hidden="true" class="product-image-wrapper" tabindex="1"><div class="product-image__container"><picture><img class="styled__Image-sjvkdn-0 bJErKA product-image beans-responsive-image__image" src="data:image/gif;base64,R0lGODlhAQABAAAAACH5BAEKAAEALAAAAAABAAEAAAICTAEAOw==" srcset="https://digitalcontent.api.tesco.com/v2/media/ghs/0c5eccb0-841a-4ec7-9fb2-afcd2281f582/49aa33f7-15da-4134-8181-b9e8ca4de8f5_1787994497.jpeg?h=225&amp;w=225 768w, data:image/gif;base64,R0lGODlhAQABAAAAACH5BAEKAAEALAAAAAABAAEAAAICTAEAOw== 4000w" alt="Tesco Kind&amp;Pure 20 Biodegradable Facial Cleansing Wipes"></picture></div></a><div class="product-details--wrapper"><h3 class="styles__H3-oa5soe-0 bCKNNq"><a href="https://www.tesco.com/groceries/en-GB/products/305736947" class="styled__Anchor-sc-1xbujuz-0 csVOnh beans-link__anchor" data-auto="product-tile--title"><span class="styled__Text-sc-1xbujuz-1 ldbwMG beans-link__text">Tesco Kind&amp;Pure 20 Biodegradable Facial Cleansing Wipes</span></a></h3><div class="styles__StyledPromotionsAboveMobile-dvv1wj-7 iPTMuo"></div><div class="styles__StyledProductDetailsContent-dvv1wj-5 ddRSrq"><a href="https://www.tesco.com/groceries/en-GB/reviews/submission/305736947?from=%2Fshop%2Fhealth-and-beauty%2Fall" aria-label="Write a review for Tesco Kind&amp;Pure 20 Biodegradable Facial Cleansing Wipes" class="styled__Anchor-sc-1xbujuz-0 jSzuDt write-a-review-link beans-link__anchor" data-auto="review-link"><span class="styled__Text-sc-1xbujuz-1 fyDIEo beans-link__text">Write a review</span><span class="styled__IconContainer-sc-1xbujuz-2 bSauSL beans-link__icon-container"><svg aria-hidden="true" class="styled__SVG-xxa4wh-1 hQMCqc beans-link__icon beans-icon__svg" height="13.33" preserveAspectRatio="xMinYMax meet" viewBox="-1 0 12 20" width="8" xmlns="http://www.w3.org/2000/svg" color="currentColor"><path d="M1.312 1.348L10.276 10l-8.964 8.644" fill="none" stroke="currentColor"></path></svg></span></a><div><a href="https://www.tesco.com/groceries/en-GB/shop/health-and-beauty/face-skincare/face-wipes/make-up-and-cleansing-wipes" class="styled__Anchor-sc-1xbujuz-0 jSzuDt rest-of-shelf-link beans-link__anchor" data-auto="rest-of-shelf-link"><span class="styled__Text-sc-1xbujuz-1 fyDIEo beans-link__text">Rest of <span class="visually-hidden">Make Up &amp; Cleansing Wipes</span> shelf</span><span class="styled__IconContainer-sc-1xbujuz-2 bSauSL beans-link__icon-container"><svg aria-hidden="true" class="styled__SVG-xxa4wh-1 hQMCqc beans-link__icon beans-icon__svg" height="13.33" preserveAspectRatio="xMinYMax meet" viewBox="-1 0 12 20" width="8" xmlns="http://www.w3.org/2000/svg" color="currentColor"><path d="M1.312 1.348L10.276 10l-8.964 8.644" fill="none" stroke="currentColor"></path></svg></span></a></div><div class="product-info-message-section"><div class="product-info-message-list"></div></div></div><div class="styles__StyledBuyBoxWrapper-dvv1wj-4 dSvjUC"><div class="styles__StyledBuyBoxContainer-sc-1wx0qp6-0 erryje" data-auto="buybox-container"><div class="styles__SafeFormWrapper-jtpu2t-0 lcrYKS"><form action="https://www.tesco.com/groceries/en-GB/trolley/items/305736947?_method=PUT" method="POST"><input type="submit" class="hidden"><input name="id" type="hidden" value="305736947"><input name="identifier" type="hidden" value="Page"><input name="anchorId" type="hidden" value="#tile-305736947"><input name="returnUrl" type="hidden" value="/groceries/en-GB/shop/health-and-beauty/all?redirectIfUnavailable=true#tile-305736947"><input name="backToUrl" type="hidden" value="#"><input name="oldValue" type="hidden" value="0"><input name="oldUnitChoice" type="hidden" value="pcs"><input name="newUnitChoice" type="hidden" value="pcs"><div class="base-components__RootElement-sc-1mosoyj-1 styled__Container-sc-6nhkzi-0 jptQqM hSNpTb beans-buybox__container"><div class="base-components__BaseElement-sc-1mosoyj-0 styled__PriceAndActions-sc-6nhkzi-3 oznwo eEPLov beans-buybox__price-and-actions"><div class="base-components__RootElement-sc-1mosoyj-1 styled__Container-sc-8qlq5b-0 jptQqM bgZrjw styled__StyledPrice-sc-6nhkzi-5 iYHeik beans-buybox__price beans-price__container"><p class="styled__StyledHeading-sc-119w3hf-2 jWPEtj styled__Text-sc-8qlq5b-1 lnaeiZ beans-price__text">£1.00</p><p class="styled__StyledFootnote-sc-119w3hf-7 icrlVF styled__Subtext-sc-8qlq5b-2 bNJmdc beans-price__subtext">£5.00/100sht</p></div><div class="base-components__RootElement-sc-1mosoyj-1 styled__Container-vtxwzb-0 jptQqM bDFhXJ beans-buybox__actions beans-quantity-controls__container"><div class="base-components__RootElement-sc-1mosoyj-1 styled__Container-sc-16t2b2a-0 jptQqM PUfgZ styled__StyledFormGroup-vtxwzb-1 kzKuAr beans-quantity-controls__form-group beans-form-group__container"><label class="styled__StyledLabel-sc-1ttuvhr-0 izGEjV beans-form-group__label beans-label" for="quantity-controls-305736947">Quantity controls </label><div class="base-components__BaseElement-sc-1mosoyj-0 styled__Children-sc-16t2b2a-3 oznwo gdJvjO beans-form-group__children"><div class="styled__StyledQuantityControlWrapper-vtxwzb-6 LCxOg"><label id="quantity-controls-305736947-label" class="styled__VisuallyHiddenLabel-vtxwzb-7 gXlLiM">Quantity of Tesco Kind&amp;Pure 20 Biodegradable Facial Cleansing Wipes</label><div class="component__Wrapper-sc-1kpmik-3 dReplG input-wrapper"><input class="base-components__RootElement-sc-1mosoyj-1 styled__StyledInput-sc-1jd5f57-0 component__StyledAsInput-sc-1kpmik-4 jptQqM eJLlow styled__StyledInput-vtxwzb-3 lwMHo beans-quantity-controls__input beans-input" data-auto="beans-quantity-controls-input" autocomplete="off" id="quantity-controls-305736947" maxlength="2" name="newValue" type="number" aria-labelledby="quantity-controls-305736947-label" value="1"></div></div><button class="styled__BaseButton-rsekm1-0 styled__PrimaryButton-rsekm1-2 jChbeY geeWOF styled__StyledButton-vtxwzb-5 japAxb beans-quantity-controls__add-button beans-button__container" type="submit" data-auto="beans-quantity-controls-add-button" aria-label="Quantity of Tesco Kind&amp;Pure 20 Biodegradable Facial Cleansing Wipes"><span class="base-components__BaseElement-sc-1mosoyj-0 styled__InnerContainer-rsekm1-1 oznwo fuFres beans-button__inner-container"><span class="base-components__BaseElement-sc-1mosoyj-0 styled__TextSpan-rsekm1-4 oznwo GDiMp beans-button__text">Add</span></span></button></div></div></div></div></div><input name="_csrf" type="hidden" value="0WbpBJF9-cS-fAMl-ByHnl5hECj1JaZiBQ20"></form></div></div></div></div><div class="hidden-medium product-info-section-small"><div class="product-info-message-list"></div></div></div></div></div></div></li><li class="product-list--list-item"><div class="styles__StyledVerticalTileWrapper-dvv1wj-0 dtCNPH"><div data-auto="product-tile" data-auto-type="Quantity" data-auto-available="true" data-auto-is-restricted-disabled="false" data-auto-is-substitute="false" class="styles__StyledVerticalTile-dvv1wj-1 gSCsYK"><div class="styles__StyledTileContentWrapper-dvv1wj-2 bkNhNP beans"><div id="tile-305734195" data-auto-id="305734195" class="styles__StyledTiledContent-dvv1wj-3 bcglTg"><a href="https://www.tesco.com/groceries/en-GB/products/305734195" aria-hidden="true" class="product-image-wrapper" tabindex="1"><div class="product-image__container"><picture><img class="styled__Image-sjvkdn-0 bJErKA product-image beans-responsive-image__image" src="data:image/gif;base64,R0lGODlhAQABAAAAACH5BAEKAAEALAAAAAABAAEAAAICTAEAOw==" srcset="https://digitalcontent.api.tesco.com/v2/media/ghs/fa48d4b4-a79a-4b2d-9fd0-14e9d1572b3b/d0f98f2f-64ac-4293-8d58-58f73cc7c10d_222453134.jpeg?h=225&amp;w=225 768w, data:image/gif;base64,R0lGODlhAQABAAAAACH5BAEKAAEALAAAAAABAAEAAAICTAEAOw== 4000w" alt="Tesco Kind &amp; Pure Biodegradable Facial Wipes 20 Pack"></picture></div></a><div class="product-details--wrapper"><h3 class="styles__H3-oa5soe-0 bCKNNq"><a href="https://www.tesco.com/groceries/en-GB/products/305734195" class="styled__Anchor-sc-1xbujuz-0 csVOnh beans-link__anchor" data-auto="product-tile--title"><span class="styled__Text-sc-1xbujuz-1 ldbwMG beans-link__text">Tesco Kind &amp; Pure Biodegradable Facial Wipes 20 Pack</span></a></h3><div class="styles__StyledPromotionsAboveMobile-dvv1wj-7 iPTMuo"></div><div class="styles__StyledProductDetailsContent-dvv1wj-5 ddRSrq"><a href="https://www.tesco.com/groceries/en-GB/reviews/submission/305734195?from=%2Fshop%2Fhealth-and-beauty%2Fall" aria-label="Write a review for Tesco Kind &amp; Pure Biodegradable Facial Wipes 20 Pack" class="styled__Anchor-sc-1xbujuz-0 jSzuDt write-a-review-link beans-link__anchor" data-auto="review-link"><span class="styled__Text-sc-1xbujuz-1 fyDIEo beans-link__text">Write a review</span><span class="styled__IconContainer-sc-1xbujuz-2 bSauSL beans-link__icon-container"><svg aria-hidden="true" class="styled__SVG-xxa4wh-1 hQMCqc beans-link__icon beans-icon__svg" height="13.33" preserveAspectRatio="xMinYMax meet" viewBox="-1 0 12 20" width="8" xmlns="http://www.w3.org/2000/svg" color="currentColor"><path d="M1.312 1.348L10.276 10l-8.964 8.644" fill="none" stroke="currentColor"></path></svg></span></a><div><a href="https://www.tesco.com/groceries/en-GB/shop/health-and-beauty/face-skincare/face-wipes/make-up-and-cleansing-wipes" class="styled__Anchor-sc-1xbujuz-0 jSzuDt rest-of-shelf-link beans-link__anchor" data-auto="rest-of-shelf-link"><span class="styled__Text-sc-1xbujuz-1 fyDIEo beans-link__text">Rest of <span class="visually-hidden">Make Up &amp; Cleansing Wipes</span> shelf</span><span class="styled__IconContainer-sc-1xbujuz-2 bSauSL beans-link__icon-container"><svg aria-hidden="true" class="styled__SVG-xxa4wh-1 hQMCqc beans-link__icon beans-icon__svg" height="13.33" preserveAspectRatio="xMinYMax meet" viewBox="-1 0 12 20" width="8" xmlns="http://www.w3.org/2000/svg" color="currentColor"><path d="M1.312 1.348L10.276 10l-8.964 8.644" fill="none" stroke="currentColor"></path></svg></span></a></div><div class="product-info-message-section"><div class="product-info-message-list"></div></div></div><div class="styles__StyledBuyBoxWrapper-dvv1wj-4 dSvjUC"><div class="styles__StyledBuyBoxContainer-sc-1wx0qp6-0 erryje" data-auto="buybox-container"><div class="styles__SafeFormWrapper-jtpu2t-0 lcrYKS"><form action="https://www.tesco.com/groceries/en-GB/trolley/items/305734195?_method=PUT" method="POST"><input type="submit" class="hidden"><input name="id" type="hidden" value="305734195"><input name="identifier" type="hidden" value="Page"><input name="anchorId" type="hidden" value="#tile-305734195"><input name="returnUrl" type="hidden" value="/groceries/en-GB/shop/health-and-beauty/all?redirectIfUnavailable=true#tile-305734195"><input name="backToUrl" type="hidden" value="#"><input name="oldValue" type="hidden" value="0"><input name="oldUnitChoice" type="hidden" value="pcs"><input name="newUnitChoice" type="hidden" value="pcs"><div class="base-components__RootElement-sc-1mosoyj-1 styled__Container-sc-6nhkzi-0 jptQqM hSNpTb beans-buybox__container"><div class="base-components__BaseElement-sc-1mosoyj-0 styled__PriceAndActions-sc-6nhkzi-3 oznwo eEPLov beans-buybox__price-and-actions"><div class="base-components__RootElement-sc-1mosoyj-1 styled__Container-sc-8qlq5b-0 jptQqM bgZrjw styled__StyledPrice-sc-6nhkzi-5 iYHeik beans-buybox__price beans-price__container"><p class="styled__StyledHeading-sc-119w3hf-2 jWPEtj styled__Text-sc-8qlq5b-1 lnaeiZ beans-price__text">£1.00</p><p class="styled__StyledFootnote-sc-119w3hf-7 icrlVF styled__Subtext-sc-8qlq5b-2 bNJmdc beans-price__subtext">£5.00/100sht</p></div><div class="base-components__RootElement-sc-1mosoyj-1 styled__Container-vtxwzb-0 jptQqM bDFhXJ beans-buybox__actions beans-quantity-controls__container"><div class="base-components__RootElement-sc-1mosoyj-1 styled__Container-sc-16t2b2a-0 jptQqM PUfgZ styled__StyledFormGroup-vtxwzb-1 kzKuAr beans-quantity-controls__form-group beans-form-group__container"><label class="styled__StyledLabel-sc-1ttuvhr-0 izGEjV beans-form-group__label beans-label" for="quantity-controls-305734195">Quantity controls </label><div class="base-components__BaseElement-sc-1mosoyj-0 styled__Children-sc-16t2b2a-3 oznwo gdJvjO beans-form-group__children"><div class="styled__StyledQuantityControlWrapper-vtxwzb-6 LCxOg"><label id="quantity-controls-305734195-label" class="styled__VisuallyHiddenLabel-vtxwzb-7 gXlLiM">Quantity of Tesco Kind &amp; Pure Biodegradable Facial Wipes 20 Pack</label><div class="component__Wrapper-sc-1kpmik-3 dReplG input-wrapper"><input class="base-components__RootElement-sc-1mosoyj-1 styled__StyledInput-sc-1jd5f57-0 component__StyledAsInput-sc-1kpmik-4 jptQqM eJLlow styled__StyledInput-vtxwzb-3 lwMHo beans-quantity-controls__input beans-input" data-auto="beans-quantity-controls-input" autocomplete="off" id="quantity-controls-305734195" maxlength="2" name="newValue" type="number" aria-labelledby="quantity-controls-305734195-label" value="1"></div></div><button class="styled__BaseButton-rsekm1-0 styled__PrimaryButton-rsekm1-2 jChbeY geeWOF styled__StyledButton-vtxwzb-5 japAxb beans-quantity-controls__add-button beans-button__container" type="submit" data-auto="beans-quantity-controls-add-button" aria-label="Quantity of Tesco Kind &amp; Pure Biodegradable Facial Wipes 20 Pack"><span class="base-components__BaseElement-sc-1mosoyj-0 styled__InnerContainer-rsekm1-1 oznwo fuFres beans-button__inner-container"><span class="base-components__BaseElement-sc-1mosoyj-0 styled__TextSpan-rsekm1-4 oznwo GDiMp beans-button__text">Add</span></span></button></div></div></div></div></div><input name="_csrf" type="hidden" value="0WbpBJF9-cS-fAMl-ByHnl5hECj1JaZiBQ20"></form></div></div></div></div><div class="hidden-medium product-info-section-small"><div class="product-info-message-list"></div></div></div></div></div></div></li><li class="product-list--list-item"><div class="styles__StyledVerticalTileWrapper-dvv1wj-0 dtCNPH"><div data-auto="product-tile" data-auto-type="Quantity" data-auto-available="true" data-auto-is-restricted-disabled="false" data-auto-is-substitute="false" class="styles__StyledVerticalTile-dvv1wj-1 gSCsYK"><div class="styles__StyledTileContentWrapper-dvv1wj-2 bkNhNP beans"><div id="tile-263591697" data-auto-id="263591697" class="styles__StyledTiledContent-dvv1wj-3 bcglTg"><a href="https://www.tesco.com/groceries/en-GB/products/263591697" aria-hidden="true" class="product-image-wrapper" tabindex="1"><div class="product-image__container"><picture><img class="styled__Image-sjvkdn-0 bJErKA product-image beans-responsive-image__image" src="data:image/gif;base64,R0lGODlhAQABAAAAACH5BAEKAAEALAAAAAABAAEAAAICTAEAOw==" srcset="https://digitalcontent.api.tesco.com/v2/media/ghs/e16970c9-e438-4f5a-a029-a8c85d1e87c3/b2f44954-c294-4683-80c5-4e7d8a47456d_431187800.jpeg?h=225&amp;w=225 768w, data:image/gif;base64,R0lGODlhAQABAAAAACH5BAEKAAEALAAAAAABAAEAAAICTAEAOw== 4000w" alt="Sure Men Invisible Ice Fresh Antiperspirant Deodorant 250Ml"></picture></div></a><div class="product-details--wrapper"><h3 class="styles__H3-oa5soe-0 bCKNNq"><a href="https://www.tesco.com/groceries/en-GB/products/263591697" class="styled__Anchor-sc-1xbujuz-0 csVOnh beans-link__anchor" data-auto="product-tile--title"><span class="styled__Text-sc-1xbujuz-1 ldbwMG beans-link__text">Sure Men Invisible Ice Fresh Antiperspirant Deodorant 250Ml</span></a></h3><div class="styles__StyledPromotionsAboveMobile-dvv1wj-7 iPTMuo"></div><div class="styles__StyledProductDetailsContent-dvv1wj-5 ddRSrq"><a href="https://www.tesco.com/groceries/en-GB/reviews/submission/263591697?from=%2Fshop%2Fhealth-and-beauty%2Fall" aria-label="Write a review for Sure Men Invisible Ice Fresh Antiperspirant Deodorant 250Ml" class="styled__Anchor-sc-1xbujuz-0 jSzuDt write-a-review-link beans-link__anchor" data-auto="review-link"><span class="styled__Text-sc-1xbujuz-1 fyDIEo beans-link__text">Write a review</span><span class="styled__IconContainer-sc-1xbujuz-2 bSauSL beans-link__icon-container"><svg aria-hidden="true" class="styled__SVG-xxa4wh-1 hQMCqc beans-link__icon beans-icon__svg" height="13.33" preserveAspectRatio="xMinYMax meet" viewBox="-1 0 12 20" width="8" xmlns="http://www.w3.org/2000/svg" color="currentColor"><path d="M1.312 1.348L10.276 10l-8.964 8.644" fill="none" stroke="currentColor"></path></svg></span></a><div><a href="https://www.tesco.com/groceries/en-GB/shop/health-and-beauty/deodorants/antiperspirant/mens-deodorant-antiperspirant" class="styled__Anchor-sc-1xbujuz-0 jSzuDt rest-of-shelf-link beans-link__anchor" data-auto="rest-of-shelf-link"><span class="styled__Text-sc-1xbujuz-1 fyDIEo beans-link__text">Rest of <span class="visually-hidden">Mens Deodorant - Antiperspirant</span> shelf</span><span class="styled__IconContainer-sc-1xbujuz-2 bSauSL beans-link__icon-container"><svg aria-hidden="true" class="styled__SVG-xxa4wh-1 hQMCqc beans-link__icon beans-icon__svg" height="13.33" preserveAspectRatio="xMinYMax meet" viewBox="-1 0 12 20" width="8" xmlns="http://www.w3.org/2000/svg" color="currentColor"><path d="M1.312 1.348L10.276 10l-8.964 8.644" fill="none" stroke="currentColor"></path></svg></span></a></div><div class="product-info-message-section"><div class="product-info-message-list"><div class="styled__WhiteBackground-sc-9yzfq2-1 jthPIJ"><svg width="56" height="56" viewBox="0 0 56 56" fill="none" xmlns="http://www.w3.org/2000/svg"><path d="M52.1301 27.8766C52.1301 14.5534 41.3293 3.75308 28.0066 3.75308C14.6834 3.75308 3.88306 14.5534 3.88306 27.8766C3.88306 41.1998 14.6834 52.0002 28.0066 52.0002C41.3293 52.0002 52.1301 41.1998 52.1301 27.8766Z" fill="#EE1C2E"></path><path d="M19.6853 36.5687L31.8169 48.6998L52.6633 27.8998L51.9894 23.0423L31.886 43.1452L22.5438 33.803L19.6853 36.5687Z" fill="white"></path><path d="M24.2699 12.0048L23.5594 9.93467L22.8484 12.0048H24.2699ZM24.6345 13.0711H22.4844L21.9776 14.5375H20.7515L22.9815 8.31722H24.1369L26.3669 14.5375H25.1408L24.6345 13.0711Z" fill="white"></path><path d="M27.8359 14.5375H26.734V8.24609H27.8359V14.5375Z" fill="white"></path><path d="M31.5684 13.2309C31.7849 12.9886 31.8927 12.6597 31.8927 12.2446C31.8927 11.8306 31.7849 11.5016 31.5684 11.2588C31.3524 11.0159 31.0811 10.8942 30.7558 10.8942C30.4299 10.8942 30.1587 11.0159 29.9427 11.2588C29.7267 11.5016 29.6184 11.8306 29.6184 12.2446C29.6184 12.6597 29.7267 12.9886 29.9427 13.2309C30.1587 13.4738 30.4299 13.5955 30.7558 13.5955C31.0811 13.5955 31.3524 13.4738 31.5684 13.2309ZM29.4673 14.3065C29.159 14.1049 28.9177 13.8234 28.7429 13.4619C28.5681 13.101 28.481 12.6952 28.481 12.2446C28.481 11.7888 28.5655 11.3815 28.7341 11.0231C28.9032 10.6648 29.1384 10.3848 29.4405 10.1837C29.7426 9.98212 30.0891 9.88158 30.48 9.88158C30.7883 9.88158 31.0579 9.93624 31.2889 10.0455C31.5199 10.1554 31.6978 10.3106 31.8221 10.5122V8.24609H32.9239V14.5375H31.8221V13.9863C31.6916 14.1704 31.5137 14.3194 31.2889 14.4349C31.0636 14.5504 30.797 14.6086 30.4892 14.6086C30.1159 14.6086 29.7751 14.5076 29.4673 14.3065Z" fill="white"></path><path d="M34.9657 14.5375H33.8638V9.95224H34.9657V14.5375ZM33.9082 8.34408C34.0443 8.20796 34.2129 8.1399 34.4145 8.1399C34.6161 8.1399 34.7847 8.20796 34.9208 8.34408C35.0574 8.48071 35.1255 8.64931 35.1255 8.8504C35.1255 9.052 35.0574 9.22112 34.9208 9.35724C34.7847 9.49336 34.6161 9.56142 34.4145 9.56142C34.2129 9.56142 34.0443 9.49336 33.9082 9.35724C33.7715 9.22112 33.704 9.052 33.704 8.8504C33.704 8.64931 33.7715 8.48071 33.9082 8.34408Z" fill="white"></path><path d="M19.6791 19.3347C19.8894 19.1506 19.9946 18.8779 19.9946 18.5169C19.9946 18.1565 19.8894 17.8838 19.6791 17.6997C19.4682 17.5156 19.183 17.4233 18.8221 17.4233H17.5027V19.6111H18.8221C19.183 19.6111 19.4682 19.5188 19.6791 19.3347ZM17.5027 23.9628H16.0374V16.0704H18.9345C19.461 16.0704 19.9157 16.1776 20.2988 16.3921C20.6824 16.6061 20.9753 16.8995 21.1784 17.2712C21.3816 17.6435 21.4826 18.0586 21.4826 18.5169C21.4826 18.9758 21.3816 19.3909 21.1784 19.7632C20.9753 20.1354 20.6824 20.4283 20.2988 20.6423C19.9157 20.8568 19.461 20.9635 18.9345 20.9635H17.5027V23.9628Z" fill="white"></path><path d="M22.0396 18.1451H23.4379V19.0248C23.6029 18.7087 23.8359 18.4684 24.1365 18.3029C24.4376 18.1374 24.7717 18.0549 25.1404 18.0549C25.5235 18.0549 25.8241 18.1415 26.0422 18.3143L25.5689 19.4981C25.3729 19.3929 25.1662 19.3403 24.9486 19.3403C24.5124 19.3403 24.152 19.528 23.8663 19.9039C23.5802 20.2797 23.4379 20.8582 23.4379 21.6404V23.9627H22.0396V18.1451Z" fill="white"></path><path d="M27.8879 23.9627H26.4896V18.1451H27.8879V23.9627ZM26.5458 16.1044C26.7191 15.9316 26.933 15.845 27.1888 15.845C27.444 15.845 27.658 15.9316 27.8312 16.1044C28.0039 16.2771 28.0906 16.4916 28.0906 16.7468C28.0906 17.0026 28.0039 17.217 27.8312 17.3898C27.658 17.5625 27.444 17.6491 27.1888 17.6491C26.933 17.6491 26.7191 17.5625 26.5458 17.3898C26.3731 17.217 26.287 17.0026 26.287 16.7468C26.287 16.4916 26.3731 16.2771 26.5458 16.1044Z" fill="white"></path><path d="M30.0603 23.6693C29.6168 23.4141 29.2714 23.0588 29.0234 22.6041C28.7754 22.1493 28.6511 21.6327 28.6511 21.0537C28.6511 20.4752 28.7754 19.9585 29.0234 19.5038C29.2714 19.049 29.6168 18.6937 30.0603 18.438C30.5037 18.1828 31.011 18.0549 31.5823 18.0549C32.8749 18.0549 33.751 18.585 34.2093 19.6445L32.9353 20.2199C32.6424 19.6332 32.1913 19.3403 31.5823 19.3403C31.1466 19.3403 30.7857 19.4981 30.5001 19.8136C30.2144 20.1297 30.0716 20.5427 30.0716 21.0537C30.0716 21.5651 30.2144 21.9787 30.5001 22.2942C30.7857 22.6097 31.1466 22.7675 31.5823 22.7675C32.1913 22.7675 32.6424 22.4747 32.9353 21.8884L34.2093 22.4633C33.751 23.5229 32.8749 24.0529 31.5823 24.0529C31.011 24.0529 30.5037 23.9251 30.0603 23.6693Z" fill="white"></path><path d="M38.727 20.3999C38.6744 20.0694 38.5223 19.7987 38.2707 19.5883C38.0186 19.3779 37.7015 19.2728 37.3179 19.2728C36.9946 19.2728 36.7048 19.3723 36.4496 19.5713C36.1939 19.7708 36.0175 20.0467 35.9196 20.3999H38.727ZM40.1588 21.5048H35.8633C35.9381 21.9333 36.115 22.2586 36.3934 22.4803C36.6713 22.702 37.0095 22.8129 37.4081 22.8129C37.7386 22.8129 38.015 22.7433 38.2367 22.6041C38.4584 22.4649 38.6708 22.253 38.874 21.9673L40.0573 22.6097C39.7716 23.0759 39.4092 23.4327 38.9693 23.6812C38.5295 23.9287 37.983 24.0529 37.3292 24.0529C36.7125 24.0529 36.1846 23.9086 35.7453 23.6188C35.3055 23.3295 34.9765 22.9557 34.7584 22.4968C34.5403 22.0385 34.4315 21.5574 34.4315 21.0537C34.4315 20.5504 34.546 20.0694 34.7754 19.611C35.0044 19.1526 35.3374 18.7783 35.7731 18.4891C36.2088 18.1998 36.7239 18.0549 37.3179 18.0549C37.9191 18.0549 38.4341 18.19 38.8626 18.4607C39.2911 18.7314 39.6139 19.0866 39.832 19.5264C40.0501 19.9657 40.1588 20.4339 40.1588 20.9299V21.5048Z" fill="white"></path><path d="M16.3879 25.558H17.7399L19.2454 29.4977L20.751 25.558H22.1029V31.8684H20.9309V28.0282L19.6873 31.2915H18.8035L17.5599 28.0282V31.8684H16.3879V25.558Z" fill="white"></path><path d="M25.4058 30.7146C25.6131 30.5341 25.7167 30.3119 25.7167 30.0474V29.9216H24.8335C24.5746 29.9216 24.3689 29.971 24.2158 30.07C24.0626 30.169 23.9858 30.3057 23.9858 30.48C23.9858 30.6424 24.0415 30.7671 24.1529 30.8543C24.2637 30.9414 24.4277 30.9847 24.6437 30.9847C24.9443 30.9847 25.1985 30.8945 25.4058 30.7146ZM23.6074 31.7782C23.3671 31.67 23.1748 31.5122 23.0304 31.3049C22.886 31.0976 22.8138 30.8496 22.8138 30.5609C22.8138 30.1046 22.9855 29.7364 23.3279 29.457C23.6703 29.1775 24.1333 29.0378 24.7159 29.0378H25.7167V28.8754C25.7167 28.6413 25.6357 28.4531 25.4733 28.3118C25.3109 28.1711 25.0918 28.1004 24.8154 28.1004C24.5927 28.1004 24.3916 28.1592 24.2111 28.2763C24.0312 28.3933 23.8956 28.5299 23.8059 28.6862L22.9494 28.1726C23.1113 27.8782 23.3516 27.6333 23.6703 27.4379C23.9889 27.2425 24.3705 27.145 24.8154 27.145C25.4522 27.145 25.9482 27.2982 26.3024 27.6044C26.6572 27.9112 26.8345 28.3526 26.8345 28.9295V31.8685H25.9152L25.7621 31.2735C25.6115 31.4776 25.4207 31.6401 25.1892 31.7602C24.9582 31.8803 24.686 31.9401 24.3735 31.9401C24.1029 31.9401 23.8476 31.8865 23.6074 31.7782Z" fill="white"></path><path d="M27.8214 30.3V28.1726H27.1182V27.2167H27.8214V26.4417L28.9393 25.7384V27.2167H30.1381V28.1726H28.9393V30.2458C28.9393 30.6903 29.1166 30.9125 29.4709 30.9125C29.6333 30.9125 29.7895 30.8496 29.9395 30.7233L30.4443 31.5797C30.2881 31.706 30.1169 31.7978 29.9308 31.855C29.7446 31.9117 29.5549 31.9401 29.3626 31.9401C28.3355 31.9401 27.8214 31.3936 27.8214 30.3Z" fill="white"></path><path d="M31.5487 31.6339C31.194 31.4297 30.9176 31.1456 30.7196 30.7821C30.5211 30.4186 30.4221 30.0056 30.4221 29.5426C30.4221 29.0801 30.5211 28.6666 30.7196 28.3031C30.9176 27.9396 31.194 27.6555 31.5487 27.4513C31.9034 27.2471 32.3087 27.145 32.7655 27.145C33.7993 27.145 34.4995 27.5683 34.8661 28.416L33.8473 28.8754C33.6132 28.4067 33.2528 28.1726 32.7655 28.1726C32.417 28.1726 32.1288 28.2989 31.9004 28.5511C31.6719 28.8037 31.558 29.1342 31.558 29.5426C31.558 29.9509 31.6719 30.282 31.9004 30.5341C32.1288 30.7867 32.417 30.9125 32.7655 30.9125C33.2528 30.9125 33.6132 30.6785 33.8473 30.2098L34.8661 30.6697C34.4995 31.5168 33.7993 31.9401 32.7655 31.9401C32.3087 31.9401 31.9034 31.8386 31.5487 31.6339Z" fill="white"></path><path d="M35.3998 25.4863H36.5176V27.9473C36.662 27.707 36.8615 27.5132 37.1167 27.3657C37.3725 27.2188 37.6592 27.145 37.9778 27.145C38.4702 27.145 38.8579 27.2909 39.1405 27.5823C39.423 27.8736 39.5643 28.2804 39.5643 28.8037V31.8685H38.4465V29.0285C38.4465 28.7522 38.3758 28.5408 38.2346 28.3933C38.0933 28.2458 37.8907 28.1726 37.6262 28.1726C37.3199 28.1726 37.0585 28.3093 36.8419 28.5825C36.6254 28.8558 36.5176 29.275 36.5176 29.8401V31.8685H35.3998V25.4863Z" fill="white"></path></svg><p class="styled__StyledBodyText-sc-119w3hf-5 ggtTyf styled__DarkGreyBodyText-jk5kya-0 iwRWTH">Aldi Price Match</p></div></div></div></div><div class="styles__StyledBuyBoxWrapper-dvv1wj-4 dSvjUC"><div class="styles__StyledBuyBoxContainer-sc-1wx0qp6-0 erryje" data-auto="buybox-container"><div class="styles__SafeFormWrapper-jtpu2t-0 lcrYKS"><form action="https://www.tesco.com/groceries/en-GB/trolley/items/263591697?_method=PUT" method="POST"><input type="submit" class="hidden"><input name="id" type="hidden" value="263591697"><input name="identifier" type="hidden" value="Page"><input name="anchorId" type="hidden" value="#tile-263591697"><input name="returnUrl" type="hidden" value="/groceries/en-GB/shop/health-and-beauty/all?redirectIfUnavailable=true#tile-263591697"><input name="backToUrl" type="hidden" value="#"><input name="oldValue" type="hidden" value="0"><input name="oldUnitChoice" type="hidden" value="pcs"><input name="newUnitChoice" type="hidden" value="pcs"><div class="base-components__RootElement-sc-1mosoyj-1 styled__Container-sc-6nhkzi-0 jptQqM hSNpTb beans-buybox__container"><div class="base-components__BaseElement-sc-1mosoyj-0 styled__PriceAndActions-sc-6nhkzi-3 oznwo eEPLov beans-buybox__price-and-actions"><div class="base-components__RootElement-sc-1mosoyj-1 styled__Container-sc-8qlq5b-0 jptQqM bgZrjw styled__StyledPrice-sc-6nhkzi-5 iYHeik beans-buybox__price beans-price__container"><p class="styled__StyledHeading-sc-119w3hf-2 jWPEtj styled__Text-sc-8qlq5b-1 lnaeiZ beans-price__text">£1.75</p><p class="styled__StyledFootnote-sc-119w3hf-7 icrlVF styled__Subtext-sc-8qlq5b-2 bNJmdc beans-price__subtext">£0.70/100ml</p></div><div class="base-components__RootElement-sc-1mosoyj-1 styled__Container-vtxwzb-0 jptQqM bDFhXJ beans-buybox__actions beans-quantity-controls__container"><div class="base-components__RootElement-sc-1mosoyj-1 styled__Container-sc-16t2b2a-0 jptQqM PUfgZ styled__StyledFormGroup-vtxwzb-1 kzKuAr beans-quantity-controls__form-group beans-form-group__container"><label class="styled__StyledLabel-sc-1ttuvhr-0 izGEjV beans-form-group__label beans-label" for="quantity-controls-263591697">Quantity controls </label><div class="base-components__BaseElement-sc-1mosoyj-0 styled__Children-sc-16t2b2a-3 oznwo gdJvjO beans-form-group__children"><div class="styled__StyledQuantityControlWrapper-vtxwzb-6 LCxOg"><label id="quantity-controls-263591697-label" class="styled__VisuallyHiddenLabel-vtxwzb-7 gXlLiM">Quantity of Sure Men Invisible Ice Fresh Antiperspirant Deodorant 250Ml</label><div class="component__Wrapper-sc-1kpmik-3 dReplG input-wrapper"><input class="base-components__RootElement-sc-1mosoyj-1 styled__StyledInput-sc-1jd5f57-0 component__StyledAsInput-sc-1kpmik-4 jptQqM eJLlow styled__StyledInput-vtxwzb-3 lwMHo beans-quantity-controls__input beans-input" data-auto="beans-quantity-controls-input" autocomplete="off" id="quantity-controls-263591697" maxlength="2" name="newValue" type="number" aria-labelledby="quantity-controls-263591697-label" value="1"></div></div><button class="styled__BaseButton-rsekm1-0 styled__PrimaryButton-rsekm1-2 jChbeY geeWOF styled__StyledButton-vtxwzb-5 japAxb beans-quantity-controls__add-button beans-button__container" type="submit" data-auto="beans-quantity-controls-add-button" aria-label="Quantity of Sure Men Invisible Ice Fresh Antiperspirant Deodorant 250Ml"><span class="base-components__BaseElement-sc-1mosoyj-0 styled__InnerContainer-rsekm1-1 oznwo fuFres beans-button__inner-container"><span class="base-components__BaseElement-sc-1mosoyj-0 styled__TextSpan-rsekm1-4 oznwo GDiMp beans-button__text">Add</span></span></button></div></div></div></div></div><input name="_csrf" type="hidden" value="0WbpBJF9-cS-fAMl-ByHnl5hECj1JaZiBQ20"></form></div></div></div></div><div class="hidden-medium product-info-section-small"><div class="product-info-message-list"><div class="styled__WhiteBackground-sc-9yzfq2-1 jthPIJ"><svg width="56" height="56" viewBox="0 0 56 56" fill="none" xmlns="http://www.w3.org/2000/svg"><path d="M52.1301 27.8766C52.1301 14.5534 41.3293 3.75308 28.0066 3.75308C14.6834 3.75308 3.88306 14.5534 3.88306 27.8766C3.88306 41.1998 14.6834 52.0002 28.0066 52.0002C41.3293 52.0002 52.1301 41.1998 52.1301 27.8766Z" fill="#EE1C2E"></path><path d="M19.6853 36.5687L31.8169 48.6998L52.6633 27.8998L51.9894 23.0423L31.886 43.1452L22.5438 33.803L19.6853 36.5687Z" fill="white"></path><path d="M24.2699 12.0048L23.5594 9.93467L22.8484 12.0048H24.2699ZM24.6345 13.0711H22.4844L21.9776 14.5375H20.7515L22.9815 8.31722H24.1369L26.3669 14.5375H25.1408L24.6345 13.0711Z" fill="white"></path><path d="M27.8359 14.5375H26.734V8.24609H27.8359V14.5375Z" fill="white"></path><path d="M31.5684 13.2309C31.7849 12.9886 31.8927 12.6597 31.8927 12.2446C31.8927 11.8306 31.7849 11.5016 31.5684 11.2588C31.3524 11.0159 31.0811 10.8942 30.7558 10.8942C30.4299 10.8942 30.1587 11.0159 29.9427 11.2588C29.7267 11.5016 29.6184 11.8306 29.6184 12.2446C29.6184 12.6597 29.7267 12.9886 29.9427 13.2309C30.1587 13.4738 30.4299 13.5955 30.7558 13.5955C31.0811 13.5955 31.3524 13.4738 31.5684 13.2309ZM29.4673 14.3065C29.159 14.1049 28.9177 13.8234 28.7429 13.4619C28.5681 13.101 28.481 12.6952 28.481 12.2446C28.481 11.7888 28.5655 11.3815 28.7341 11.0231C28.9032 10.6648 29.1384 10.3848 29.4405 10.1837C29.7426 9.98212 30.0891 9.88158 30.48 9.88158C30.7883 9.88158 31.0579 9.93624 31.2889 10.0455C31.5199 10.1554 31.6978 10.3106 31.8221 10.5122V8.24609H32.9239V14.5375H31.8221V13.9863C31.6916 14.1704 31.5137 14.3194 31.2889 14.4349C31.0636 14.5504 30.797 14.6086 30.4892 14.6086C30.1159 14.6086 29.7751 14.5076 29.4673 14.3065Z" fill="white"></path><path d="M34.9657 14.5375H33.8638V9.95224H34.9657V14.5375ZM33.9082 8.34408C34.0443 8.20796 34.2129 8.1399 34.4145 8.1399C34.6161 8.1399 34.7847 8.20796 34.9208 8.34408C35.0574 8.48071 35.1255 8.64931 35.1255 8.8504C35.1255 9.052 35.0574 9.22112 34.9208 9.35724C34.7847 9.49336 34.6161 9.56142 34.4145 9.56142C34.2129 9.56142 34.0443 9.49336 33.9082 9.35724C33.7715 9.22112 33.704 9.052 33.704 8.8504C33.704 8.64931 33.7715 8.48071 33.9082 8.34408Z" fill="white"></path><path d="M19.6791 19.3347C19.8894 19.1506 19.9946 18.8779 19.9946 18.5169C19.9946 18.1565 19.8894 17.8838 19.6791 17.6997C19.4682 17.5156 19.183 17.4233 18.8221 17.4233H17.5027V19.6111H18.8221C19.183 19.6111 19.4682 19.5188 19.6791 19.3347ZM17.5027 23.9628H16.0374V16.0704H18.9345C19.461 16.0704 19.9157 16.1776 20.2988 16.3921C20.6824 16.6061 20.9753 16.8995 21.1784 17.2712C21.3816 17.6435 21.4826 18.0586 21.4826 18.5169C21.4826 18.9758 21.3816 19.3909 21.1784 19.7632C20.9753 20.1354 20.6824 20.4283 20.2988 20.6423C19.9157 20.8568 19.461 20.9635 18.9345 20.9635H17.5027V23.9628Z" fill="white"></path><path d="M22.0396 18.1451H23.4379V19.0248C23.6029 18.7087 23.8359 18.4684 24.1365 18.3029C24.4376 18.1374 24.7717 18.0549 25.1404 18.0549C25.5235 18.0549 25.8241 18.1415 26.0422 18.3143L25.5689 19.4981C25.3729 19.3929 25.1662 19.3403 24.9486 19.3403C24.5124 19.3403 24.152 19.528 23.8663 19.9039C23.5802 20.2797 23.4379 20.8582 23.4379 21.6404V23.9627H22.0396V18.1451Z" fill="white"></path><path d="M27.8879 23.9627H26.4896V18.1451H27.8879V23.9627ZM26.5458 16.1044C26.7191 15.9316 26.933 15.845 27.1888 15.845C27.444 15.845 27.658 15.9316 27.8312 16.1044C28.0039 16.2771 28.0906 16.4916 28.0906 16.7468C28.0906 17.0026 28.0039 17.217 27.8312 17.3898C27.658 17.5625 27.444 17.6491 27.1888 17.6491C26.933 17.6491 26.7191 17.5625 26.5458 17.3898C26.3731 17.217 26.287 17.0026 26.287 16.7468C26.287 16.4916 26.3731 16.2771 26.5458 16.1044Z" fill="white"></path><path d="M30.0603 23.6693C29.6168 23.4141 29.2714 23.0588 29.0234 22.6041C28.7754 22.1493 28.6511 21.6327 28.6511 21.0537C28.6511 20.4752 28.7754 19.9585 29.0234 19.5038C29.2714 19.049 29.6168 18.6937 30.0603 18.438C30.5037 18.1828 31.011 18.0549 31.5823 18.0549C32.8749 18.0549 33.751 18.585 34.2093 19.6445L32.9353 20.2199C32.6424 19.6332 32.1913 19.3403 31.5823 19.3403C31.1466 19.3403 30.7857 19.4981 30.5001 19.8136C30.2144 20.1297 30.0716 20.5427 30.0716 21.0537C30.0716 21.5651 30.2144 21.9787 30.5001 22.2942C30.7857 22.6097 31.1466 22.7675 31.5823 22.7675C32.1913 22.7675 32.6424 22.4747 32.9353 21.8884L34.2093 22.4633C33.751 23.5229 32.8749 24.0529 31.5823 24.0529C31.011 24.0529 30.5037 23.9251 30.0603 23.6693Z" fill="white"></path><path d="M38.727 20.3999C38.6744 20.0694 38.5223 19.7987 38.2707 19.5883C38.0186 19.3779 37.7015 19.2728 37.3179 19.2728C36.9946 19.2728 36.7048 19.3723 36.4496 19.5713C36.1939 19.7708 36.0175 20.0467 35.9196 20.3999H38.727ZM40.1588 21.5048H35.8633C35.9381 21.9333 36.115 22.2586 36.3934 22.4803C36.6713 22.702 37.0095 22.8129 37.4081 22.8129C37.7386 22.8129 38.015 22.7433 38.2367 22.6041C38.4584 22.4649 38.6708 22.253 38.874 21.9673L40.0573 22.6097C39.7716 23.0759 39.4092 23.4327 38.9693 23.6812C38.5295 23.9287 37.983 24.0529 37.3292 24.0529C36.7125 24.0529 36.1846 23.9086 35.7453 23.6188C35.3055 23.3295 34.9765 22.9557 34.7584 22.4968C34.5403 22.0385 34.4315 21.5574 34.4315 21.0537C34.4315 20.5504 34.546 20.0694 34.7754 19.611C35.0044 19.1526 35.3374 18.7783 35.7731 18.4891C36.2088 18.1998 36.7239 18.0549 37.3179 18.0549C37.9191 18.0549 38.4341 18.19 38.8626 18.4607C39.2911 18.7314 39.6139 19.0866 39.832 19.5264C40.0501 19.9657 40.1588 20.4339 40.1588 20.9299V21.5048Z" fill="white"></path><path d="M16.3879 25.558H17.7399L19.2454 29.4977L20.751 25.558H22.1029V31.8684H20.9309V28.0282L19.6873 31.2915H18.8035L17.5599 28.0282V31.8684H16.3879V25.558Z" fill="white"></path><path d="M25.4058 30.7146C25.6131 30.5341 25.7167 30.3119 25.7167 30.0474V29.9216H24.8335C24.5746 29.9216 24.3689 29.971 24.2158 30.07C24.0626 30.169 23.9858 30.3057 23.9858 30.48C23.9858 30.6424 24.0415 30.7671 24.1529 30.8543C24.2637 30.9414 24.4277 30.9847 24.6437 30.9847C24.9443 30.9847 25.1985 30.8945 25.4058 30.7146ZM23.6074 31.7782C23.3671 31.67 23.1748 31.5122 23.0304 31.3049C22.886 31.0976 22.8138 30.8496 22.8138 30.5609C22.8138 30.1046 22.9855 29.7364 23.3279 29.457C23.6703 29.1775 24.1333 29.0378 24.7159 29.0378H25.7167V28.8754C25.7167 28.6413 25.6357 28.4531 25.4733 28.3118C25.3109 28.1711 25.0918 28.1004 24.8154 28.1004C24.5927 28.1004 24.3916 28.1592 24.2111 28.2763C24.0312 28.3933 23.8956 28.5299 23.8059 28.6862L22.9494 28.1726C23.1113 27.8782 23.3516 27.6333 23.6703 27.4379C23.9889 27.2425 24.3705 27.145 24.8154 27.145C25.4522 27.145 25.9482 27.2982 26.3024 27.6044C26.6572 27.9112 26.8345 28.3526 26.8345 28.9295V31.8685H25.9152L25.7621 31.2735C25.6115 31.4776 25.4207 31.6401 25.1892 31.7602C24.9582 31.8803 24.686 31.9401 24.3735 31.9401C24.1029 31.9401 23.8476 31.8865 23.6074 31.7782Z" fill="white"></path><path d="M27.8214 30.3V28.1726H27.1182V27.2167H27.8214V26.4417L28.9393 25.7384V27.2167H30.1381V28.1726H28.9393V30.2458C28.9393 30.6903 29.1166 30.9125 29.4709 30.9125C29.6333 30.9125 29.7895 30.8496 29.9395 30.7233L30.4443 31.5797C30.2881 31.706 30.1169 31.7978 29.9308 31.855C29.7446 31.9117 29.5549 31.9401 29.3626 31.9401C28.3355 31.9401 27.8214 31.3936 27.8214 30.3Z" fill="white"></path><path d="M31.5487 31.6339C31.194 31.4297 30.9176 31.1456 30.7196 30.7821C30.5211 30.4186 30.4221 30.0056 30.4221 29.5426C30.4221 29.0801 30.5211 28.6666 30.7196 28.3031C30.9176 27.9396 31.194 27.6555 31.5487 27.4513C31.9034 27.2471 32.3087 27.145 32.7655 27.145C33.7993 27.145 34.4995 27.5683 34.8661 28.416L33.8473 28.8754C33.6132 28.4067 33.2528 28.1726 32.7655 28.1726C32.417 28.1726 32.1288 28.2989 31.9004 28.5511C31.6719 28.8037 31.558 29.1342 31.558 29.5426C31.558 29.9509 31.6719 30.282 31.9004 30.5341C32.1288 30.7867 32.417 30.9125 32.7655 30.9125C33.2528 30.9125 33.6132 30.6785 33.8473 30.2098L34.8661 30.6697C34.4995 31.5168 33.7993 31.9401 32.7655 31.9401C32.3087 31.9401 31.9034 31.8386 31.5487 31.6339Z" fill="white"></path><path d="M35.3998 25.4863H36.5176V27.9473C36.662 27.707 36.8615 27.5132 37.1167 27.3657C37.3725 27.2188 37.6592 27.145 37.9778 27.145C38.4702 27.145 38.8579 27.2909 39.1405 27.5823C39.423 27.8736 39.5643 28.2804 39.5643 28.8037V31.8685H38.4465V29.0285C38.4465 28.7522 38.3758 28.5408 38.2346 28.3933C38.0933 28.2458 37.8907 28.1726 37.6262 28.1726C37.3199 28.1726 37.0585 28.3093 36.8419 28.5825C36.6254 28.8558 36.5176 29.275 36.5176 29.8401V31.8685H35.3998V25.4863Z" fill="white"></path></svg><p class="styled__StyledBodyText-sc-119w3hf-5 ggtTyf styled__DarkGreyBodyText-jk5kya-0 iwRWTH">Aldi Price Match</p></div></div></div></div></div></div></div></li><li class="product-list--list-item"><div class="styles__StyledVerticalTileWrapper-dvv1wj-0 dtCNPH"><div data-auto="product-tile" data-auto-type="Quantity" data-auto-available="true" data-auto-is-restricted-disabled="false" data-auto-is-substitute="false" class="styles__StyledVerticalTile-dvv1wj-1 gSCsYK"><div class="styles__StyledTileContentWrapper-dvv1wj-2 bkNhNP beans"><div id="tile-288836716" data-auto-id="288836716" class="styles__StyledTiledContent-dvv1wj-3 bcglTg"><a href="https://www.tesco.com/groceries/en-GB/products/288836716" aria-hidden="true" class="product-image-wrapper" tabindex="1"><div class="product-image__container"><picture><img class="styled__Image-sjvkdn-0 bJErKA product-image beans-responsive-image__image" src="data:image/gif;base64,R0lGODlhAQABAAAAACH5BAEKAAEALAAAAAABAAEAAAICTAEAOw==" srcset="https://digitalcontent.api.tesco.com/v2/media/ghs/012b9129-b514-48d8-a1ef-f766876abc1d/26e965cf-7472-4625-8bf9-7e3b3ab98b25_2125055552.jpeg?h=225&amp;w=225 768w, data:image/gif;base64,R0lGODlhAQABAAAAACH5BAEKAAEALAAAAAABAAEAAAICTAEAOw== 4000w" alt="Simple Kind To Skin Refreshing Shower Gel 500Ml"></picture></div></a><div class="product-details--wrapper"><h3 class="styles__H3-oa5soe-0 bCKNNq"><a href="https://www.tesco.com/groceries/en-GB/products/288836716" class="styled__Anchor-sc-1xbujuz-0 csVOnh beans-link__anchor" data-auto="product-tile--title"><span class="styled__Text-sc-1xbujuz-1 ldbwMG beans-link__text">Simple Kind To Skin Refreshing Shower Gel 500Ml</span></a></h3><div class="styles__StyledPromotionsAboveMobile-dvv1wj-7 iPTMuo"></div><div class="styles__StyledProductDetailsContent-dvv1wj-5 ddRSrq"><a href="https://www.tesco.com/groceries/en-GB/reviews/submission/288836716?from=%2Fshop%2Fhealth-and-beauty%2Fall" aria-label="Write a review for Simple Kind To Skin Refreshing Shower Gel 500Ml" class="styled__Anchor-sc-1xbujuz-0 jSzuDt write-a-review-link beans-link__anchor" data-auto="review-link"><span class="styled__Text-sc-1xbujuz-1 fyDIEo beans-link__text">Write a review</span><span class="styled__IconContainer-sc-1xbujuz-2 bSauSL beans-link__icon-container"><svg aria-hidden="true" class="styled__SVG-xxa4wh-1 hQMCqc beans-link__icon beans-icon__svg" height="13.33" preserveAspectRatio="xMinYMax meet" viewBox="-1 0 12 20" width="8" xmlns="http://www.w3.org/2000/svg" color="currentColor"><path d="M1.312 1.348L10.276 10l-8.964 8.644" fill="none" stroke="currentColor"></path></svg></span></a><div><a href="https://www.tesco.com/groceries/en-GB/shop/health-and-beauty/shower-bath-and-hand-hygiene/shower/shower-gel" class="styled__Anchor-sc-1xbujuz-0 jSzuDt rest-of-shelf-link beans-link__anchor" data-auto="rest-of-shelf-link"><span class="styled__Text-sc-1xbujuz-1 fyDIEo beans-link__text">Rest of <span class="visually-hidden">Shower Gel</span> shelf</span><span class="styled__IconContainer-sc-1xbujuz-2 bSauSL beans-link__icon-container"><svg aria-hidden="true" class="styled__SVG-xxa4wh-1 hQMCqc beans-link__icon beans-icon__svg" height="13.33" preserveAspectRatio="xMinYMax meet" viewBox="-1 0 12 20" width="8" xmlns="http://www.w3.org/2000/svg" color="currentColor"><path d="M1.312 1.348L10.276 10l-8.964 8.644" fill="none" stroke="currentColor"></path></svg></span></a></div><div class="product-info-message-section"><div class="product-info-message-list"><div class="styled__WhiteBackground-sc-9yzfq2-1 jthPIJ"><svg width="56" height="61" viewBox="0 0 56 61" fill="none" xmlns="http://www.w3.org/2000/svg"><path d="M30.8759 45.8182C40.0086 42.7996 46.6572 34.3312 46.9801 24.2629H47V23.502V22.7397H46.9801C46.5765 10.112 36.2237 0 23.4993 0C10.5209 0 0 10.5209 0 23.4993C0 33.8972 6.75323 42.7162 16.1109 45.8142L16.1294 42.8684C13.3741 41.8189 10.9007 40.1978 8.8508 38.1492C5.099 34.3961 2.78308 29.2256 2.78308 23.4993C2.78308 17.7744 5.10032 12.6039 8.8508 8.84947C12.6039 5.09768 17.7744 2.78175 23.5007 2.78175C29.2256 2.78175 34.3961 5.09768 38.1505 8.84947C41.9023 12.6026 44.2182 17.7731 44.2182 23.4993C44.2182 29.2256 41.901 34.3948 38.1505 38.1492C36.1033 40.1952 33.6338 41.815 30.8838 42.8644L30.8772 45.8182H30.8759Z" fill="#EE1C2E"></path><path d="M9.82217 16.0368C10.5434 14.6962 11.4566 13.472 12.5245 12.4041C15.3354 9.59453 19.2116 7.85825 23.4994 7.85825C27.7871 7.85825 31.6633 9.59453 34.4742 12.4041C35.5435 13.4734 36.4553 14.6962 37.1765 16.0368H38.6256C35.8995 10.4309 30.1507 6.56662 23.498 6.56662C16.8454 6.56662 11.0966 10.4309 8.37042 16.0368H9.81952H9.82217Z" fill="black"></path><path d="M38.2419 28.245C37.4743 30.5728 36.1694 32.6571 34.4742 34.3537C32.8385 35.9881 30.8428 37.2599 28.6142 38.038C28.605 38.0407 28.5825 38.0394 28.5878 38.0473C28.773 38.3278 28.7836 39.3429 28.7836 39.3429C33.9567 37.6318 38.0142 33.4763 39.593 28.245H38.2419Z" fill="black"></path><path d="M12.5245 34.3537C10.4322 32.2601 8.9355 29.5763 8.30822 26.5722H6.99409C8.14941 32.5791 12.4994 37.4491 18.2085 39.3416C18.2111 39.3416 18.2177 39.3482 18.2177 39.3442C18.2627 38.2286 18.3898 38.0394 18.3898 38.0394C18.3818 38.0367 18.3726 38.0341 18.3646 38.0301C16.144 37.2519 14.1536 35.9828 12.5232 34.3524L12.5245 34.3537Z" fill="black"></path><path d="M17.6645 15.8727H20.1062V16.8335H16.623V11.2289H17.6645V15.8727Z" fill="black"></path><path d="M20.527 13.6745C20.7031 13.3516 20.9532 13.0975 21.2761 12.9136C21.599 12.7296 21.9682 12.637 22.3851 12.637C22.8019 12.637 23.1712 12.7296 23.4941 12.9136C23.817 13.0975 24.0658 13.3516 24.2431 13.6745C24.4191 13.9974 24.5065 14.3614 24.5065 14.7676C24.5065 15.1739 24.4191 15.5379 24.2431 15.8608C24.0671 16.1837 23.817 16.4364 23.4941 16.6217C23.1712 16.8057 22.8019 16.897 22.3851 16.897C21.9682 16.897 21.599 16.8057 21.2761 16.6217C20.9532 16.4378 20.7031 16.1837 20.527 15.8608C20.351 15.5379 20.2637 15.1739 20.2637 14.7676C20.2637 14.3614 20.351 13.9974 20.527 13.6745ZM21.5805 15.6477C21.7856 15.8727 22.0542 15.9838 22.3851 15.9838C22.7159 15.9838 22.9846 15.8713 23.1897 15.6477C23.3948 15.424 23.498 15.1303 23.498 14.7676C23.498 14.405 23.3948 14.1112 23.1897 13.8876C22.9846 13.6639 22.7159 13.5515 22.3851 13.5515C22.0542 13.5515 21.7856 13.6639 21.5805 13.8876C21.3753 14.1112 21.2721 14.405 21.2721 14.7676C21.2721 15.1303 21.3753 15.424 21.5805 15.6477Z" fill="black"></path><path d="M29.1687 16.8334H28.208L27.5119 14.1271L26.8158 16.8334H25.855L24.566 12.7018H25.5347L26.3182 15.4082L27.0315 12.7018H27.9923L28.7056 15.4082L29.489 12.7018H30.4577L29.1687 16.8334Z" fill="black"></path><path d="M8.61654 18.931H5.58202V20.4026H8.01572V21.6042H5.58202V23.5377H8.71579V24.738H4.27981V17.7294H8.61654V18.931Z" fill="black"></path><path d="M8.73168 19.5715H9.9836L11.2051 23.0269L12.4266 19.5715H13.6785L11.7662 24.738H10.644L8.73168 19.5715Z" fill="black"></path><path d="M18.7126 22.5558H14.8973C14.9635 22.9369 15.121 23.2254 15.3684 23.4226C15.6159 23.6198 15.9163 23.7177 16.2697 23.7177C16.5635 23.7177 16.8083 23.6555 17.0055 23.5324C17.2027 23.4093 17.3906 23.2201 17.5719 22.966L18.6226 23.5377C18.3686 23.9519 18.047 24.2682 17.6566 24.4892C17.2662 24.7089 16.7805 24.8201 16.1995 24.8201C15.6517 24.8201 15.1832 24.6917 14.7928 24.435C14.4024 24.1782 14.1099 23.8461 13.9167 23.4385C13.7235 23.0322 13.6269 22.6047 13.6269 22.1574C13.6269 21.7101 13.7288 21.2827 13.9326 20.8764C14.1364 20.4688 14.4315 20.1366 14.8192 19.8799C15.207 19.6231 15.6636 19.4948 16.1916 19.4948C16.7196 19.4948 17.1828 19.6152 17.5626 19.8547C17.9438 20.0956 18.2296 20.4106 18.4241 20.801C18.6174 21.1914 18.714 21.6069 18.714 22.0476V22.5584L18.7126 22.5558ZM17.4409 21.5751C17.3945 21.2813 17.2582 21.0418 17.0346 20.8539C16.8109 20.6673 16.5291 20.5733 16.1889 20.5733C15.9018 20.5733 15.645 20.662 15.4174 20.838C15.1911 21.0153 15.0336 21.2602 14.9463 21.5738H17.4395L17.4409 21.5751Z" fill="black"></path><path d="M19.3849 19.5715H20.6263V20.3523C20.7732 20.0718 20.9809 19.8587 21.2469 19.7118C21.5142 19.5649 21.8107 19.4921 22.1376 19.4921C22.4644 19.4921 22.745 19.5689 22.9382 19.7224L22.5174 20.7732C22.344 20.6805 22.1601 20.6329 21.9668 20.6329C21.5791 20.6329 21.2588 20.7996 21.0061 21.1331C20.752 21.4666 20.6249 21.9814 20.6249 22.6749V24.738H19.3836V19.5715H19.3849Z" fill="black"></path><path d="M24.8518 24.4178L22.9792 19.5715H24.2312L25.4434 22.8562L26.5841 19.5715H27.8255L25.1827 26.7813H23.981L24.8518 24.4178Z" fill="black"></path><path d="M28.8074 24.4786C28.4607 24.251 28.1881 23.9347 27.9909 23.5271C27.7937 23.1195 27.6958 22.663 27.6958 22.1548C27.6958 21.6466 27.7911 21.1821 27.9816 20.7785C28.1722 20.3748 28.4369 20.0585 28.7783 19.8322C29.1184 19.6059 29.5088 19.4921 29.9495 19.4921C30.2962 19.4921 30.6006 19.5543 30.86 19.6774C31.1207 19.8005 31.3205 19.9765 31.4608 20.2028V17.65H32.7021V24.7393H31.4608V24.1187C31.3139 24.3251 31.1141 24.4945 30.86 24.6242C30.6059 24.7539 30.3055 24.8201 29.9588 24.8201C29.5379 24.8201 29.1541 24.7063 28.8074 24.48V24.4786ZM31.1763 23.2664C31.4198 22.9925 31.5415 22.6219 31.5415 22.1548C31.5415 21.6876 31.4198 21.3171 31.1763 21.0431C30.9328 20.7692 30.6271 20.6329 30.2605 20.6329C29.8939 20.6329 29.5882 20.7705 29.3447 21.0431C29.1012 21.3171 28.9795 21.6876 28.9795 22.1548C28.9795 22.6219 29.1012 22.9925 29.3447 23.2664C29.5882 23.5404 29.8939 23.6767 30.2605 23.6767C30.6271 23.6767 30.9328 23.5404 31.1763 23.2664Z" fill="black"></path><path d="M34.2624 24.6388C33.9951 24.5183 33.782 24.3437 33.6219 24.1134C33.4618 23.8831 33.3824 23.6079 33.3824 23.2876C33.3824 22.7807 33.5729 22.3718 33.9527 22.0608C34.3339 21.7511 34.8473 21.595 35.4945 21.595H36.6061V21.415C36.6061 21.1543 36.5161 20.9465 36.3361 20.789C36.1562 20.6329 35.9127 20.5535 35.6056 20.5535C35.3582 20.5535 35.1345 20.6183 34.9347 20.7493C34.7349 20.879 34.584 21.0312 34.4834 21.2046L33.5319 20.6342C33.7119 20.3073 33.9792 20.0347 34.3325 19.8177C34.6859 19.6006 35.1094 19.4921 35.6043 19.4921C36.3123 19.4921 36.8629 19.6615 37.2559 20.003C37.6503 20.3431 37.8461 20.834 37.8461 21.4746V24.7393H36.8245L36.6538 24.079C36.487 24.3066 36.2753 24.4866 36.0172 24.6189C35.7605 24.7526 35.4574 24.8187 35.1107 24.8187C34.8103 24.8187 34.5271 24.7592 34.2598 24.6388H34.2624ZM36.2607 23.457C36.491 23.2572 36.6061 23.0097 36.6061 22.7159V22.5756H35.6255C35.3383 22.5756 35.1094 22.6312 34.94 22.741C34.7693 22.8509 34.6846 23.0031 34.6846 23.1963C34.6846 23.3763 34.7468 23.5152 34.8698 23.6118C34.9929 23.7084 35.1755 23.7574 35.4151 23.7574C35.7486 23.7574 36.0304 23.6568 36.2607 23.457V23.457Z" fill="black"></path><path d="M39.7571 24.4178L37.8845 19.5715H39.1364L40.3473 22.8562L41.4894 19.5715H42.7308L40.088 26.7813H38.8863L39.7571 24.4178Z" fill="black"></path><path d="M13.652 33.1164H12.6185V27.5515H14.6618C15.7985 27.5515 16.4589 28.3072 16.4589 29.2772C16.4589 30.2473 15.7985 31.0029 14.6618 31.0029H13.652V33.1177V33.1164ZM15.4095 29.2759C15.4095 28.7505 15.076 28.5044 14.5824 28.5044H13.652V30.0461H14.5824C15.0747 30.0461 15.4095 29.8 15.4095 29.2746V29.2759Z" fill="black"></path><path d="M17.0981 29.0139H18.084V29.6345C18.3222 29.1899 18.7682 28.9503 19.2843 28.9503C19.5464 28.9503 19.7687 29.0139 19.9209 29.133L19.5874 29.968C19.4524 29.8966 19.3095 29.8569 19.1507 29.8569C18.5856 29.8569 18.0854 30.3015 18.0854 31.4793V33.1177H17.0994V29.0152L17.0981 29.0139Z" fill="black"></path><path d="M20.9703 27.312C21.3356 27.312 21.6069 27.5899 21.6069 27.9485C21.6069 28.3072 21.3369 28.5851 20.9703 28.5851C20.6038 28.5851 20.3338 28.3072 20.3338 27.9485C20.3338 27.5899 20.6038 27.312 20.9703 27.312ZM21.4626 33.1164H20.4767V29.0139H21.4626V33.1164Z" fill="black"></path><path d="M22.2355 31.0651C22.2355 29.8251 23.0785 28.9503 24.3026 28.9503C25.1774 28.9503 25.8205 29.2997 26.1553 30.0713L25.2568 30.4762C25.0583 30.0792 24.7565 29.8555 24.3026 29.8555C23.6899 29.8555 23.2373 30.3399 23.2373 31.0638C23.2373 31.7877 23.6899 32.272 24.3026 32.272C24.7552 32.272 25.0583 32.0497 25.2568 31.6514L26.1553 32.0563C25.8219 32.8279 25.1774 33.1772 24.3026 33.1772C23.0785 33.1772 22.2355 32.3025 22.2355 31.0625V31.0651Z" fill="black"></path><path d="M30.5874 31.3827H27.5581C27.6693 32.0113 28.1153 32.3051 28.6473 32.3051C29.1316 32.3051 29.4109 32.0907 29.6808 31.7083L30.5159 32.1609C30.1348 32.7736 29.5617 33.1786 28.5917 33.1786C27.2167 33.1786 26.5484 32.0894 26.5484 31.0638C26.5484 30.0382 27.2723 28.949 28.5838 28.949C29.8952 28.949 30.5874 29.9667 30.5874 30.9765V31.3814V31.3827ZM29.5776 30.6033C29.5062 30.1586 29.1409 29.8079 28.5838 29.8079C28.1391 29.8079 27.7408 30.0938 27.5978 30.6033H29.5776V30.6033Z" fill="black"></path><path d="M31.0294 32.2416L31.7374 31.6448C31.9677 32.0577 32.2866 32.3051 32.7551 32.3051C33.0965 32.3051 33.3281 32.1463 33.3281 31.8922C33.3281 31.6381 33.0105 31.4952 32.4613 31.343C31.785 31.1604 31.253 30.7713 31.253 30.1507C31.253 29.4665 31.8975 28.9503 32.7154 28.9503C33.4472 28.9503 33.876 29.3156 34.1142 29.7139L33.4776 30.2631C33.2553 29.9058 32.9602 29.7933 32.7061 29.7933C32.3726 29.7933 32.1728 29.9442 32.1728 30.1189C32.1728 30.365 32.3951 30.4762 33.0634 30.6522C33.7397 30.8269 34.2796 31.1855 34.2796 31.8922C34.2796 32.5989 33.7225 33.1799 32.6902 33.1799C31.9028 33.1799 31.3311 32.8464 31.0281 32.2416H31.0294Z" fill="black"></path><path d="M23.5046 47.8549H24.2007C24.3979 47.8549 24.4045 47.8443 24.3609 47.6498C24.2643 47.2263 24.1796 46.8015 24.0724 46.382C24.0155 46.161 24.0287 46.0207 24.2391 45.8579C24.7473 45.4675 24.7658 44.7013 24.3212 44.2315C23.8792 43.7643 23.1288 43.763 22.6855 44.2275C22.2395 44.696 22.2514 45.4636 22.7609 45.854C22.9898 46.0286 22.9925 46.1822 22.9237 46.4018C22.9171 46.423 22.9118 46.4429 22.9078 46.464C22.8165 46.8743 22.7238 47.2859 22.6339 47.6961C22.6021 47.8443 22.614 47.8562 22.7715 47.8562C23.0163 47.8562 23.2611 47.8562 23.506 47.8562M23.4954 41.1361C24.2179 41.1361 24.9392 41.1334 25.6604 41.1374C25.7689 41.1374 25.8166 41.1096 25.8139 40.9932C25.8086 40.62 25.8139 40.2454 25.81 39.8723C25.806 39.5771 25.7517 39.29 25.634 39.0187C25.1602 37.9229 24.0406 37.3803 22.88 37.6807C22.0357 37.8991 21.329 38.668 21.2337 39.5374C21.1808 40.0139 21.2072 40.4982 21.1914 40.9786C21.1874 41.1056 21.235 41.1387 21.3568 41.1387C22.0701 41.1334 22.7834 41.1361 23.4967 41.1361M23.4967 50.6023C22.217 50.6023 20.9359 50.6023 19.6562 50.6023C18.6849 50.6023 17.9186 50.0041 17.699 49.0592C17.6619 48.903 17.654 48.735 17.654 48.5735C17.6513 46.7856 17.6566 44.9977 17.65 43.2112C17.6473 42.4899 17.9028 41.9037 18.4943 41.4815C18.8132 41.2539 19.1758 41.1427 19.5689 41.1374C19.7396 41.1348 19.7383 41.1321 19.7396 40.9627C19.7436 40.5035 19.7198 40.0403 19.7595 39.5851C19.9408 37.4822 21.7631 35.9683 23.862 36.1549C25.7584 36.3243 27.2578 37.96 27.2617 39.867C27.2617 40.2282 27.2617 40.5895 27.2617 40.9495C27.2617 41.1321 27.2617 41.1308 27.4457 41.1387C28.2159 41.1731 28.7796 41.5357 29.1436 42.212C29.3024 42.5071 29.3513 42.8274 29.3513 43.1595C29.3513 44.9779 29.3553 46.7949 29.3513 48.6132C29.3487 49.5965 28.732 50.3601 27.7845 50.5639C27.6429 50.5943 27.4946 50.6023 27.3491 50.6023C26.0641 50.6049 24.7804 50.6036 23.4954 50.6036" fill="black"></path></svg><p class="styled__StyledBodyText-sc-119w3hf-5 ggtTyf styled__DarkGreyBodyText-sc-9yzfq2-2 lmkdDf">Low Everyday Price</p></div></div></div></div><div class="styles__StyledBuyBoxWrapper-dvv1wj-4 dSvjUC"><div class="styles__StyledBuyBoxContainer-sc-1wx0qp6-0 erryje" data-auto="buybox-container"><div class="styles__SafeFormWrapper-jtpu2t-0 lcrYKS"><form action="https://www.tesco.com/groceries/en-GB/trolley/items/288836716?_method=PUT" method="POST"><input type="submit" class="hidden"><input name="id" type="hidden" value="288836716"><input name="identifier" type="hidden" value="Page"><input name="anchorId" type="hidden" value="#tile-288836716"><input name="returnUrl" type="hidden" value="/groceries/en-GB/shop/health-and-beauty/all?redirectIfUnavailable=true#tile-288836716"><input name="backToUrl" type="hidden" value="#"><input name="oldValue" type="hidden" value="0"><input name="oldUnitChoice" type="hidden" value="pcs"><input name="newUnitChoice" type="hidden" value="pcs"><div class="base-components__RootElement-sc-1mosoyj-1 styled__Container-sc-6nhkzi-0 jptQqM hSNpTb beans-buybox__container"><div class="base-components__BaseElement-sc-1mosoyj-0 styled__PriceAndActions-sc-6nhkzi-3 oznwo eEPLov beans-buybox__price-and-actions"><div class="base-components__RootElement-sc-1mosoyj-1 styled__Container-sc-8qlq5b-0 jptQqM bgZrjw styled__StyledPrice-sc-6nhkzi-5 iYHeik beans-buybox__price beans-price__container"><p class="styled__StyledHeading-sc-119w3hf-2 jWPEtj styled__Text-sc-8qlq5b-1 lnaeiZ beans-price__text">£1.49</p><p class="styled__StyledFootnote-sc-119w3hf-7 icrlVF styled__Subtext-sc-8qlq5b-2 bNJmdc beans-price__subtext">£0.30/100ml</p></div><div class="base-components__RootElement-sc-1mosoyj-1 styled__Container-vtxwzb-0 jptQqM bDFhXJ beans-buybox__actions beans-quantity-controls__container"><div class="base-components__RootElement-sc-1mosoyj-1 styled__Container-sc-16t2b2a-0 jptQqM PUfgZ styled__StyledFormGroup-vtxwzb-1 kzKuAr beans-quantity-controls__form-group beans-form-group__container"><label class="styled__StyledLabel-sc-1ttuvhr-0 izGEjV beans-form-group__label beans-label" for="quantity-controls-288836716">Quantity controls </label><div class="base-components__BaseElement-sc-1mosoyj-0 styled__Children-sc-16t2b2a-3 oznwo gdJvjO beans-form-group__children"><div class="styled__StyledQuantityControlWrapper-vtxwzb-6 LCxOg"><label id="quantity-controls-288836716-label" class="styled__VisuallyHiddenLabel-vtxwzb-7 gXlLiM">Quantity of Simple Kind To Skin Refreshing Shower Gel 500Ml</label><div class="component__Wrapper-sc-1kpmik-3 dReplG input-wrapper"><input class="base-components__RootElement-sc-1mosoyj-1 styled__StyledInput-sc-1jd5f57-0 component__StyledAsInput-sc-1kpmik-4 jptQqM eJLlow styled__StyledInput-vtxwzb-3 lwMHo beans-quantity-controls__input beans-input" data-auto="beans-quantity-controls-input" autocomplete="off" id="quantity-controls-288836716" maxlength="2" name="newValue" type="number" aria-labelledby="quantity-controls-288836716-label" value="1"></div></div><button class="styled__BaseButton-rsekm1-0 styled__PrimaryButton-rsekm1-2 jChbeY geeWOF styled__StyledButton-vtxwzb-5 japAxb beans-quantity-controls__add-button beans-button__container" type="submit" data-auto="beans-quantity-controls-add-button" aria-label="Quantity of Simple Kind To Skin Refreshing Shower Gel 500Ml"><span class="base-components__BaseElement-sc-1mosoyj-0 styled__InnerContainer-rsekm1-1 oznwo fuFres beans-button__inner-container"><span class="base-components__BaseElement-sc-1mosoyj-0 styled__TextSpan-rsekm1-4 oznwo GDiMp beans-button__text">Add</span></span></button></div></div></div></div></div><input name="_csrf" type="hidden" value="0WbpBJF9-cS-fAMl-ByHnl5hECj1JaZiBQ20"></form></div></div></div></div><div class="hidden-medium product-info-section-small"><div class="product-info-message-list"><div class="styled__WhiteBackground-sc-9yzfq2-1 jthPIJ"><svg width="56" height="61" viewBox="0 0 56 61" fill="none" xmlns="http://www.w3.org/2000/svg"><path d="M30.8759 45.8182C40.0086 42.7996 46.6572 34.3312 46.9801 24.2629H47V23.502V22.7397H46.9801C46.5765 10.112 36.2237 0 23.4993 0C10.5209 0 0 10.5209 0 23.4993C0 33.8972 6.75323 42.7162 16.1109 45.8142L16.1294 42.8684C13.3741 41.8189 10.9007 40.1978 8.8508 38.1492C5.099 34.3961 2.78308 29.2256 2.78308 23.4993C2.78308 17.7744 5.10032 12.6039 8.8508 8.84947C12.6039 5.09768 17.7744 2.78175 23.5007 2.78175C29.2256 2.78175 34.3961 5.09768 38.1505 8.84947C41.9023 12.6026 44.2182 17.7731 44.2182 23.4993C44.2182 29.2256 41.901 34.3948 38.1505 38.1492C36.1033 40.1952 33.6338 41.815 30.8838 42.8644L30.8772 45.8182H30.8759Z" fill="#EE1C2E"></path><path d="M9.82217 16.0368C10.5434 14.6962 11.4566 13.472 12.5245 12.4041C15.3354 9.59453 19.2116 7.85825 23.4994 7.85825C27.7871 7.85825 31.6633 9.59453 34.4742 12.4041C35.5435 13.4734 36.4553 14.6962 37.1765 16.0368H38.6256C35.8995 10.4309 30.1507 6.56662 23.498 6.56662C16.8454 6.56662 11.0966 10.4309 8.37042 16.0368H9.81952H9.82217Z" fill="black"></path><path d="M38.2419 28.245C37.4743 30.5728 36.1694 32.6571 34.4742 34.3537C32.8385 35.9881 30.8428 37.2599 28.6142 38.038C28.605 38.0407 28.5825 38.0394 28.5878 38.0473C28.773 38.3278 28.7836 39.3429 28.7836 39.3429C33.9567 37.6318 38.0142 33.4763 39.593 28.245H38.2419Z" fill="black"></path><path d="M12.5245 34.3537C10.4322 32.2601 8.9355 29.5763 8.30822 26.5722H6.99409C8.14941 32.5791 12.4994 37.4491 18.2085 39.3416C18.2111 39.3416 18.2177 39.3482 18.2177 39.3442C18.2627 38.2286 18.3898 38.0394 18.3898 38.0394C18.3818 38.0367 18.3726 38.0341 18.3646 38.0301C16.144 37.2519 14.1536 35.9828 12.5232 34.3524L12.5245 34.3537Z" fill="black"></path><path d="M17.6645 15.8727H20.1062V16.8335H16.623V11.2289H17.6645V15.8727Z" fill="black"></path><path d="M20.527 13.6745C20.7031 13.3516 20.9532 13.0975 21.2761 12.9136C21.599 12.7296 21.9682 12.637 22.3851 12.637C22.8019 12.637 23.1712 12.7296 23.4941 12.9136C23.817 13.0975 24.0658 13.3516 24.2431 13.6745C24.4191 13.9974 24.5065 14.3614 24.5065 14.7676C24.5065 15.1739 24.4191 15.5379 24.2431 15.8608C24.0671 16.1837 23.817 16.4364 23.4941 16.6217C23.1712 16.8057 22.8019 16.897 22.3851 16.897C21.9682 16.897 21.599 16.8057 21.2761 16.6217C20.9532 16.4378 20.7031 16.1837 20.527 15.8608C20.351 15.5379 20.2637 15.1739 20.2637 14.7676C20.2637 14.3614 20.351 13.9974 20.527 13.6745ZM21.5805 15.6477C21.7856 15.8727 22.0542 15.9838 22.3851 15.9838C22.7159 15.9838 22.9846 15.8713 23.1897 15.6477C23.3948 15.424 23.498 15.1303 23.498 14.7676C23.498 14.405 23.3948 14.1112 23.1897 13.8876C22.9846 13.6639 22.7159 13.5515 22.3851 13.5515C22.0542 13.5515 21.7856 13.6639 21.5805 13.8876C21.3753 14.1112 21.2721 14.405 21.2721 14.7676C21.2721 15.1303 21.3753 15.424 21.5805 15.6477Z" fill="black"></path><path d="M29.1687 16.8334H28.208L27.5119 14.1271L26.8158 16.8334H25.855L24.566 12.7018H25.5347L26.3182 15.4082L27.0315 12.7018H27.9923L28.7056 15.4082L29.489 12.7018H30.4577L29.1687 16.8334Z" fill="black"></path><path d="M8.61654 18.931H5.58202V20.4026H8.01572V21.6042H5.58202V23.5377H8.71579V24.738H4.27981V17.7294H8.61654V18.931Z" fill="black"></path><path d="M8.73168 19.5715H9.9836L11.2051 23.0269L12.4266 19.5715H13.6785L11.7662 24.738H10.644L8.73168 19.5715Z" fill="black"></path><path d="M18.7126 22.5558H14.8973C14.9635 22.9369 15.121 23.2254 15.3684 23.4226C15.6159 23.6198 15.9163 23.7177 16.2697 23.7177C16.5635 23.7177 16.8083 23.6555 17.0055 23.5324C17.2027 23.4093 17.3906 23.2201 17.5719 22.966L18.6226 23.5377C18.3686 23.9519 18.047 24.2682 17.6566 24.4892C17.2662 24.7089 16.7805 24.8201 16.1995 24.8201C15.6517 24.8201 15.1832 24.6917 14.7928 24.435C14.4024 24.1782 14.1099 23.8461 13.9167 23.4385C13.7235 23.0322 13.6269 22.6047 13.6269 22.1574C13.6269 21.7101 13.7288 21.2827 13.9326 20.8764C14.1364 20.4688 14.4315 20.1366 14.8192 19.8799C15.207 19.6231 15.6636 19.4948 16.1916 19.4948C16.7196 19.4948 17.1828 19.6152 17.5626 19.8547C17.9438 20.0956 18.2296 20.4106 18.4241 20.801C18.6174 21.1914 18.714 21.6069 18.714 22.0476V22.5584L18.7126 22.5558ZM17.4409 21.5751C17.3945 21.2813 17.2582 21.0418 17.0346 20.8539C16.8109 20.6673 16.5291 20.5733 16.1889 20.5733C15.9018 20.5733 15.645 20.662 15.4174 20.838C15.1911 21.0153 15.0336 21.2602 14.9463 21.5738H17.4395L17.4409 21.5751Z" fill="black"></path><path d="M19.3849 19.5715H20.6263V20.3523C20.7732 20.0718 20.9809 19.8587 21.2469 19.7118C21.5142 19.5649 21.8107 19.4921 22.1376 19.4921C22.4644 19.4921 22.745 19.5689 22.9382 19.7224L22.5174 20.7732C22.344 20.6805 22.1601 20.6329 21.9668 20.6329C21.5791 20.6329 21.2588 20.7996 21.0061 21.1331C20.752 21.4666 20.6249 21.9814 20.6249 22.6749V24.738H19.3836V19.5715H19.3849Z" fill="black"></path><path d="M24.8518 24.4178L22.9792 19.5715H24.2312L25.4434 22.8562L26.5841 19.5715H27.8255L25.1827 26.7813H23.981L24.8518 24.4178Z" fill="black"></path><path d="M28.8074 24.4786C28.4607 24.251 28.1881 23.9347 27.9909 23.5271C27.7937 23.1195 27.6958 22.663 27.6958 22.1548C27.6958 21.6466 27.7911 21.1821 27.9816 20.7785C28.1722 20.3748 28.4369 20.0585 28.7783 19.8322C29.1184 19.6059 29.5088 19.4921 29.9495 19.4921C30.2962 19.4921 30.6006 19.5543 30.86 19.6774C31.1207 19.8005 31.3205 19.9765 31.4608 20.2028V17.65H32.7021V24.7393H31.4608V24.1187C31.3139 24.3251 31.1141 24.4945 30.86 24.6242C30.6059 24.7539 30.3055 24.8201 29.9588 24.8201C29.5379 24.8201 29.1541 24.7063 28.8074 24.48V24.4786ZM31.1763 23.2664C31.4198 22.9925 31.5415 22.6219 31.5415 22.1548C31.5415 21.6876 31.4198 21.3171 31.1763 21.0431C30.9328 20.7692 30.6271 20.6329 30.2605 20.6329C29.8939 20.6329 29.5882 20.7705 29.3447 21.0431C29.1012 21.3171 28.9795 21.6876 28.9795 22.1548C28.9795 22.6219 29.1012 22.9925 29.3447 23.2664C29.5882 23.5404 29.8939 23.6767 30.2605 23.6767C30.6271 23.6767 30.9328 23.5404 31.1763 23.2664Z" fill="black"></path><path d="M34.2624 24.6388C33.9951 24.5183 33.782 24.3437 33.6219 24.1134C33.4618 23.8831 33.3824 23.6079 33.3824 23.2876C33.3824 22.7807 33.5729 22.3718 33.9527 22.0608C34.3339 21.7511 34.8473 21.595 35.4945 21.595H36.6061V21.415C36.6061 21.1543 36.5161 20.9465 36.3361 20.789C36.1562 20.6329 35.9127 20.5535 35.6056 20.5535C35.3582 20.5535 35.1345 20.6183 34.9347 20.7493C34.7349 20.879 34.584 21.0312 34.4834 21.2046L33.5319 20.6342C33.7119 20.3073 33.9792 20.0347 34.3325 19.8177C34.6859 19.6006 35.1094 19.4921 35.6043 19.4921C36.3123 19.4921 36.8629 19.6615 37.2559 20.003C37.6503 20.3431 37.8461 20.834 37.8461 21.4746V24.7393H36.8245L36.6538 24.079C36.487 24.3066 36.2753 24.4866 36.0172 24.6189C35.7605 24.7526 35.4574 24.8187 35.1107 24.8187C34.8103 24.8187 34.5271 24.7592 34.2598 24.6388H34.2624ZM36.2607 23.457C36.491 23.2572 36.6061 23.0097 36.6061 22.7159V22.5756H35.6255C35.3383 22.5756 35.1094 22.6312 34.94 22.741C34.7693 22.8509 34.6846 23.0031 34.6846 23.1963C34.6846 23.3763 34.7468 23.5152 34.8698 23.6118C34.9929 23.7084 35.1755 23.7574 35.4151 23.7574C35.7486 23.7574 36.0304 23.6568 36.2607 23.457V23.457Z" fill="black"></path><path d="M39.7571 24.4178L37.8845 19.5715H39.1364L40.3473 22.8562L41.4894 19.5715H42.7308L40.088 26.7813H38.8863L39.7571 24.4178Z" fill="black"></path><path d="M13.652 33.1164H12.6185V27.5515H14.6618C15.7985 27.5515 16.4589 28.3072 16.4589 29.2772C16.4589 30.2473 15.7985 31.0029 14.6618 31.0029H13.652V33.1177V33.1164ZM15.4095 29.2759C15.4095 28.7505 15.076 28.5044 14.5824 28.5044H13.652V30.0461H14.5824C15.0747 30.0461 15.4095 29.8 15.4095 29.2746V29.2759Z" fill="black"></path><path d="M17.0981 29.0139H18.084V29.6345C18.3222 29.1899 18.7682 28.9503 19.2843 28.9503C19.5464 28.9503 19.7687 29.0139 19.9209 29.133L19.5874 29.968C19.4524 29.8966 19.3095 29.8569 19.1507 29.8569C18.5856 29.8569 18.0854 30.3015 18.0854 31.4793V33.1177H17.0994V29.0152L17.0981 29.0139Z" fill="black"></path><path d="M20.9703 27.312C21.3356 27.312 21.6069 27.5899 21.6069 27.9485C21.6069 28.3072 21.3369 28.5851 20.9703 28.5851C20.6038 28.5851 20.3338 28.3072 20.3338 27.9485C20.3338 27.5899 20.6038 27.312 20.9703 27.312ZM21.4626 33.1164H20.4767V29.0139H21.4626V33.1164Z" fill="black"></path><path d="M22.2355 31.0651C22.2355 29.8251 23.0785 28.9503 24.3026 28.9503C25.1774 28.9503 25.8205 29.2997 26.1553 30.0713L25.2568 30.4762C25.0583 30.0792 24.7565 29.8555 24.3026 29.8555C23.6899 29.8555 23.2373 30.3399 23.2373 31.0638C23.2373 31.7877 23.6899 32.272 24.3026 32.272C24.7552 32.272 25.0583 32.0497 25.2568 31.6514L26.1553 32.0563C25.8219 32.8279 25.1774 33.1772 24.3026 33.1772C23.0785 33.1772 22.2355 32.3025 22.2355 31.0625V31.0651Z" fill="black"></path><path d="M30.5874 31.3827H27.5581C27.6693 32.0113 28.1153 32.3051 28.6473 32.3051C29.1316 32.3051 29.4109 32.0907 29.6808 31.7083L30.5159 32.1609C30.1348 32.7736 29.5617 33.1786 28.5917 33.1786C27.2167 33.1786 26.5484 32.0894 26.5484 31.0638C26.5484 30.0382 27.2723 28.949 28.5838 28.949C29.8952 28.949 30.5874 29.9667 30.5874 30.9765V31.3814V31.3827ZM29.5776 30.6033C29.5062 30.1586 29.1409 29.8079 28.5838 29.8079C28.1391 29.8079 27.7408 30.0938 27.5978 30.6033H29.5776V30.6033Z" fill="black"></path><path d="M31.0294 32.2416L31.7374 31.6448C31.9677 32.0577 32.2866 32.3051 32.7551 32.3051C33.0965 32.3051 33.3281 32.1463 33.3281 31.8922C33.3281 31.6381 33.0105 31.4952 32.4613 31.343C31.785 31.1604 31.253 30.7713 31.253 30.1507C31.253 29.4665 31.8975 28.9503 32.7154 28.9503C33.4472 28.9503 33.876 29.3156 34.1142 29.7139L33.4776 30.2631C33.2553 29.9058 32.9602 29.7933 32.7061 29.7933C32.3726 29.7933 32.1728 29.9442 32.1728 30.1189C32.1728 30.365 32.3951 30.4762 33.0634 30.6522C33.7397 30.8269 34.2796 31.1855 34.2796 31.8922C34.2796 32.5989 33.7225 33.1799 32.6902 33.1799C31.9028 33.1799 31.3311 32.8464 31.0281 32.2416H31.0294Z" fill="black"></path><path d="M23.5046 47.8549H24.2007C24.3979 47.8549 24.4045 47.8443 24.3609 47.6498C24.2643 47.2263 24.1796 46.8015 24.0724 46.382C24.0155 46.161 24.0287 46.0207 24.2391 45.8579C24.7473 45.4675 24.7658 44.7013 24.3212 44.2315C23.8792 43.7643 23.1288 43.763 22.6855 44.2275C22.2395 44.696 22.2514 45.4636 22.7609 45.854C22.9898 46.0286 22.9925 46.1822 22.9237 46.4018C22.9171 46.423 22.9118 46.4429 22.9078 46.464C22.8165 46.8743 22.7238 47.2859 22.6339 47.6961C22.6021 47.8443 22.614 47.8562 22.7715 47.8562C23.0163 47.8562 23.2611 47.8562 23.506 47.8562M23.4954 41.1361C24.2179 41.1361 24.9392 41.1334 25.6604 41.1374C25.7689 41.1374 25.8166 41.1096 25.8139 40.9932C25.8086 40.62 25.8139 40.2454 25.81 39.8723C25.806 39.5771 25.7517 39.29 25.634 39.0187C25.1602 37.9229 24.0406 37.3803 22.88 37.6807C22.0357 37.8991 21.329 38.668 21.2337 39.5374C21.1808 40.0139 21.2072 40.4982 21.1914 40.9786C21.1874 41.1056 21.235 41.1387 21.3568 41.1387C22.0701 41.1334 22.7834 41.1361 23.4967 41.1361M23.4967 50.6023C22.217 50.6023 20.9359 50.6023 19.6562 50.6023C18.6849 50.6023 17.9186 50.0041 17.699 49.0592C17.6619 48.903 17.654 48.735 17.654 48.5735C17.6513 46.7856 17.6566 44.9977 17.65 43.2112C17.6473 42.4899 17.9028 41.9037 18.4943 41.4815C18.8132 41.2539 19.1758 41.1427 19.5689 41.1374C19.7396 41.1348 19.7383 41.1321 19.7396 40.9627C19.7436 40.5035 19.7198 40.0403 19.7595 39.5851C19.9408 37.4822 21.7631 35.9683 23.862 36.1549C25.7584 36.3243 27.2578 37.96 27.2617 39.867C27.2617 40.2282 27.2617 40.5895 27.2617 40.9495C27.2617 41.1321 27.2617 41.1308 27.4457 41.1387C28.2159 41.1731 28.7796 41.5357 29.1436 42.212C29.3024 42.5071 29.3513 42.8274 29.3513 43.1595C29.3513 44.9779 29.3553 46.7949 29.3513 48.6132C29.3487 49.5965 28.732 50.3601 27.7845 50.5639C27.6429 50.5943 27.4946 50.6023 27.3491 50.6023C26.0641 50.6049 24.7804 50.6036 23.4954 50.6036" fill="black"></path></svg><p class="styled__StyledBodyText-sc-119w3hf-5 ggtTyf styled__DarkGreyBodyText-sc-9yzfq2-2 lmkdDf">Low Everyday Price</p></div></div></div></div></div></div></div></li><li class="product-list--list-item"><div class="styles__StyledVerticalTileWrapper-dvv1wj-0 dtCNPH"><div data-auto="product-tile" data-auto-type="Quantity" data-auto-available="true" data-auto-is-restricted-disabled="false" data-auto-is-substitute="false" class="styles__StyledVerticalTile-dvv1wj-1 gSCsYK"><div class="styles__StyledTileContentWrapper-dvv1wj-2 bkNhNP beans"><div id="tile-268153546" data-auto-id="268153546" class="styles__StyledTiledContent-dvv1wj-3 bcglTg"><a href="https://www.tesco.com/groceries/en-GB/products/268153546" aria-hidden="true" class="product-image-wrapper" tabindex="1"><div class="product-image__container"><picture><img class="styled__Image-sjvkdn-0 bJErKA product-image beans-responsive-image__image" src="data:image/gif;base64,R0lGODlhAQABAAAAACH5BAEKAAEALAAAAAABAAEAAAICTAEAOw==" srcset="https://digitalcontent.api.tesco.com/v2/media/ghs/4488cd88-7d9a-420c-a8b7-ad5ea6d55e1c/3c00771c-b90e-4d97-ae3a-501adb7832a9.jpeg?h=225&amp;w=225 768w, data:image/gif;base64,R0lGODlhAQABAAAAACH5BAEKAAEALAAAAAABAAEAAAICTAEAOw== 4000w" alt="Sure Women Bright Antiperspirant Deodorant 250Ml"></picture></div></a><div class="product-details--wrapper"><h3 class="styles__H3-oa5soe-0 bCKNNq"><a href="https://www.tesco.com/groceries/en-GB/products/268153546" class="styled__Anchor-sc-1xbujuz-0 csVOnh beans-link__anchor" data-auto="product-tile--title"><span class="styled__Text-sc-1xbujuz-1 ldbwMG beans-link__text">Sure Women Bright Antiperspirant Deodorant 250Ml</span></a></h3><div class="styles__StyledPromotionsAboveMobile-dvv1wj-7 iPTMuo"></div><div class="styles__StyledProductDetailsContent-dvv1wj-5 ddRSrq"><a href="https://www.tesco.com/groceries/en-GB/reviews/submission/268153546?from=%2Fshop%2Fhealth-and-beauty%2Fall" aria-label="Write a review for Sure Women Bright Antiperspirant Deodorant 250Ml" class="styled__Anchor-sc-1xbujuz-0 jSzuDt write-a-review-link beans-link__anchor" data-auto="review-link"><span class="styled__Text-sc-1xbujuz-1 fyDIEo beans-link__text">Write a review</span><span class="styled__IconContainer-sc-1xbujuz-2 bSauSL beans-link__icon-container"><svg aria-hidden="true" class="styled__SVG-xxa4wh-1 hQMCqc beans-link__icon beans-icon__svg" height="13.33" preserveAspectRatio="xMinYMax meet" viewBox="-1 0 12 20" width="8" xmlns="http://www.w3.org/2000/svg" color="currentColor"><path d="M1.312 1.348L10.276 10l-8.964 8.644" fill="none" stroke="currentColor"></path></svg></span></a><div><a href="https://www.tesco.com/groceries/en-GB/shop/health-and-beauty/deodorants/antiperspirant/womens-deodorant-antiperspirant" class="styled__Anchor-sc-1xbujuz-0 jSzuDt rest-of-shelf-link beans-link__anchor" data-auto="rest-of-shelf-link"><span class="styled__Text-sc-1xbujuz-1 fyDIEo beans-link__text">Rest of <span class="visually-hidden">Womens Deodorant - Antiperspirant</span> shelf</span><span class="styled__IconContainer-sc-1xbujuz-2 bSauSL beans-link__icon-container"><svg aria-hidden="true" class="styled__SVG-xxa4wh-1 hQMCqc beans-link__icon beans-icon__svg" height="13.33" preserveAspectRatio="xMinYMax meet" viewBox="-1 0 12 20" width="8" xmlns="http://www.w3.org/2000/svg" color="currentColor"><path d="M1.312 1.348L10.276 10l-8.964 8.644" fill="none" stroke="currentColor"></path></svg></span></a></div><div class="product-info-message-section"><div class="product-info-message-list"><div class="styled__WhiteBackground-sc-9yzfq2-1 jthPIJ"><svg width="56" height="56" viewBox="0 0 56 56" fill="none" xmlns="http://www.w3.org/2000/svg"><path d="M52.1301 27.8766C52.1301 14.5534 41.3293 3.75308 28.0066 3.75308C14.6834 3.75308 3.88306 14.5534 3.88306 27.8766C3.88306 41.1998 14.6834 52.0002 28.0066 52.0002C41.3293 52.0002 52.1301 41.1998 52.1301 27.8766Z" fill="#EE1C2E"></path><path d="M19.6853 36.5687L31.8169 48.6998L52.6633 27.8998L51.9894 23.0423L31.886 43.1452L22.5438 33.803L19.6853 36.5687Z" fill="white"></path><path d="M24.2699 12.0048L23.5594 9.93467L22.8484 12.0048H24.2699ZM24.6345 13.0711H22.4844L21.9776 14.5375H20.7515L22.9815 8.31722H24.1369L26.3669 14.5375H25.1408L24.6345 13.0711Z" fill="white"></path><path d="M27.8359 14.5375H26.734V8.24609H27.8359V14.5375Z" fill="white"></path><path d="M31.5684 13.2309C31.7849 12.9886 31.8927 12.6597 31.8927 12.2446C31.8927 11.8306 31.7849 11.5016 31.5684 11.2588C31.3524 11.0159 31.0811 10.8942 30.7558 10.8942C30.4299 10.8942 30.1587 11.0159 29.9427 11.2588C29.7267 11.5016 29.6184 11.8306 29.6184 12.2446C29.6184 12.6597 29.7267 12.9886 29.9427 13.2309C30.1587 13.4738 30.4299 13.5955 30.7558 13.5955C31.0811 13.5955 31.3524 13.4738 31.5684 13.2309ZM29.4673 14.3065C29.159 14.1049 28.9177 13.8234 28.7429 13.4619C28.5681 13.101 28.481 12.6952 28.481 12.2446C28.481 11.7888 28.5655 11.3815 28.7341 11.0231C28.9032 10.6648 29.1384 10.3848 29.4405 10.1837C29.7426 9.98212 30.0891 9.88158 30.48 9.88158C30.7883 9.88158 31.0579 9.93624 31.2889 10.0455C31.5199 10.1554 31.6978 10.3106 31.8221 10.5122V8.24609H32.9239V14.5375H31.8221V13.9863C31.6916 14.1704 31.5137 14.3194 31.2889 14.4349C31.0636 14.5504 30.797 14.6086 30.4892 14.6086C30.1159 14.6086 29.7751 14.5076 29.4673 14.3065Z" fill="white"></path><path d="M34.9657 14.5375H33.8638V9.95224H34.9657V14.5375ZM33.9082 8.34408C34.0443 8.20796 34.2129 8.1399 34.4145 8.1399C34.6161 8.1399 34.7847 8.20796 34.9208 8.34408C35.0574 8.48071 35.1255 8.64931 35.1255 8.8504C35.1255 9.052 35.0574 9.22112 34.9208 9.35724C34.7847 9.49336 34.6161 9.56142 34.4145 9.56142C34.2129 9.56142 34.0443 9.49336 33.9082 9.35724C33.7715 9.22112 33.704 9.052 33.704 8.8504C33.704 8.64931 33.7715 8.48071 33.9082 8.34408Z" fill="white"></path><path d="M19.6791 19.3347C19.8894 19.1506 19.9946 18.8779 19.9946 18.5169C19.9946 18.1565 19.8894 17.8838 19.6791 17.6997C19.4682 17.5156 19.183 17.4233 18.8221 17.4233H17.5027V19.6111H18.8221C19.183 19.6111 19.4682 19.5188 19.6791 19.3347ZM17.5027 23.9628H16.0374V16.0704H18.9345C19.461 16.0704 19.9157 16.1776 20.2988 16.3921C20.6824 16.6061 20.9753 16.8995 21.1784 17.2712C21.3816 17.6435 21.4826 18.0586 21.4826 18.5169C21.4826 18.9758 21.3816 19.3909 21.1784 19.7632C20.9753 20.1354 20.6824 20.4283 20.2988 20.6423C19.9157 20.8568 19.461 20.9635 18.9345 20.9635H17.5027V23.9628Z" fill="white"></path><path d="M22.0396 18.1451H23.4379V19.0248C23.6029 18.7087 23.8359 18.4684 24.1365 18.3029C24.4376 18.1374 24.7717 18.0549 25.1404 18.0549C25.5235 18.0549 25.8241 18.1415 26.0422 18.3143L25.5689 19.4981C25.3729 19.3929 25.1662 19.3403 24.9486 19.3403C24.5124 19.3403 24.152 19.528 23.8663 19.9039C23.5802 20.2797 23.4379 20.8582 23.4379 21.6404V23.9627H22.0396V18.1451Z" fill="white"></path><path d="M27.8879 23.9627H26.4896V18.1451H27.8879V23.9627ZM26.5458 16.1044C26.7191 15.9316 26.933 15.845 27.1888 15.845C27.444 15.845 27.658 15.9316 27.8312 16.1044C28.0039 16.2771 28.0906 16.4916 28.0906 16.7468C28.0906 17.0026 28.0039 17.217 27.8312 17.3898C27.658 17.5625 27.444 17.6491 27.1888 17.6491C26.933 17.6491 26.7191 17.5625 26.5458 17.3898C26.3731 17.217 26.287 17.0026 26.287 16.7468C26.287 16.4916 26.3731 16.2771 26.5458 16.1044Z" fill="white"></path><path d="M30.0603 23.6693C29.6168 23.4141 29.2714 23.0588 29.0234 22.6041C28.7754 22.1493 28.6511 21.6327 28.6511 21.0537C28.6511 20.4752 28.7754 19.9585 29.0234 19.5038C29.2714 19.049 29.6168 18.6937 30.0603 18.438C30.5037 18.1828 31.011 18.0549 31.5823 18.0549C32.8749 18.0549 33.751 18.585 34.2093 19.6445L32.9353 20.2199C32.6424 19.6332 32.1913 19.3403 31.5823 19.3403C31.1466 19.3403 30.7857 19.4981 30.5001 19.8136C30.2144 20.1297 30.0716 20.5427 30.0716 21.0537C30.0716 21.5651 30.2144 21.9787 30.5001 22.2942C30.7857 22.6097 31.1466 22.7675 31.5823 22.7675C32.1913 22.7675 32.6424 22.4747 32.9353 21.8884L34.2093 22.4633C33.751 23.5229 32.8749 24.0529 31.5823 24.0529C31.011 24.0529 30.5037 23.9251 30.0603 23.6693Z" fill="white"></path><path d="M38.727 20.3999C38.6744 20.0694 38.5223 19.7987 38.2707 19.5883C38.0186 19.3779 37.7015 19.2728 37.3179 19.2728C36.9946 19.2728 36.7048 19.3723 36.4496 19.5713C36.1939 19.7708 36.0175 20.0467 35.9196 20.3999H38.727ZM40.1588 21.5048H35.8633C35.9381 21.9333 36.115 22.2586 36.3934 22.4803C36.6713 22.702 37.0095 22.8129 37.4081 22.8129C37.7386 22.8129 38.015 22.7433 38.2367 22.6041C38.4584 22.4649 38.6708 22.253 38.874 21.9673L40.0573 22.6097C39.7716 23.0759 39.4092 23.4327 38.9693 23.6812C38.5295 23.9287 37.983 24.0529 37.3292 24.0529C36.7125 24.0529 36.1846 23.9086 35.7453 23.6188C35.3055 23.3295 34.9765 22.9557 34.7584 22.4968C34.5403 22.0385 34.4315 21.5574 34.4315 21.0537C34.4315 20.5504 34.546 20.0694 34.7754 19.611C35.0044 19.1526 35.3374 18.7783 35.7731 18.4891C36.2088 18.1998 36.7239 18.0549 37.3179 18.0549C37.9191 18.0549 38.4341 18.19 38.8626 18.4607C39.2911 18.7314 39.6139 19.0866 39.832 19.5264C40.0501 19.9657 40.1588 20.4339 40.1588 20.9299V21.5048Z" fill="white"></path><path d="M16.3879 25.558H17.7399L19.2454 29.4977L20.751 25.558H22.1029V31.8684H20.9309V28.0282L19.6873 31.2915H18.8035L17.5599 28.0282V31.8684H16.3879V25.558Z" fill="white"></path><path d="M25.4058 30.7146C25.6131 30.5341 25.7167 30.3119 25.7167 30.0474V29.9216H24.8335C24.5746 29.9216 24.3689 29.971 24.2158 30.07C24.0626 30.169 23.9858 30.3057 23.9858 30.48C23.9858 30.6424 24.0415 30.7671 24.1529 30.8543C24.2637 30.9414 24.4277 30.9847 24.6437 30.9847C24.9443 30.9847 25.1985 30.8945 25.4058 30.7146ZM23.6074 31.7782C23.3671 31.67 23.1748 31.5122 23.0304 31.3049C22.886 31.0976 22.8138 30.8496 22.8138 30.5609C22.8138 30.1046 22.9855 29.7364 23.3279 29.457C23.6703 29.1775 24.1333 29.0378 24.7159 29.0378H25.7167V28.8754C25.7167 28.6413 25.6357 28.4531 25.4733 28.3118C25.3109 28.1711 25.0918 28.1004 24.8154 28.1004C24.5927 28.1004 24.3916 28.1592 24.2111 28.2763C24.0312 28.3933 23.8956 28.5299 23.8059 28.6862L22.9494 28.1726C23.1113 27.8782 23.3516 27.6333 23.6703 27.4379C23.9889 27.2425 24.3705 27.145 24.8154 27.145C25.4522 27.145 25.9482 27.2982 26.3024 27.6044C26.6572 27.9112 26.8345 28.3526 26.8345 28.9295V31.8685H25.9152L25.7621 31.2735C25.6115 31.4776 25.4207 31.6401 25.1892 31.7602C24.9582 31.8803 24.686 31.9401 24.3735 31.9401C24.1029 31.9401 23.8476 31.8865 23.6074 31.7782Z" fill="white"></path><path d="M27.8214 30.3V28.1726H27.1182V27.2167H27.8214V26.4417L28.9393 25.7384V27.2167H30.1381V28.1726H28.9393V30.2458C28.9393 30.6903 29.1166 30.9125 29.4709 30.9125C29.6333 30.9125 29.7895 30.8496 29.9395 30.7233L30.4443 31.5797C30.2881 31.706 30.1169 31.7978 29.9308 31.855C29.7446 31.9117 29.5549 31.9401 29.3626 31.9401C28.3355 31.9401 27.8214 31.3936 27.8214 30.3Z" fill="white"></path><path d="M31.5487 31.6339C31.194 31.4297 30.9176 31.1456 30.7196 30.7821C30.5211 30.4186 30.4221 30.0056 30.4221 29.5426C30.4221 29.0801 30.5211 28.6666 30.7196 28.3031C30.9176 27.9396 31.194 27.6555 31.5487 27.4513C31.9034 27.2471 32.3087 27.145 32.7655 27.145C33.7993 27.145 34.4995 27.5683 34.8661 28.416L33.8473 28.8754C33.6132 28.4067 33.2528 28.1726 32.7655 28.1726C32.417 28.1726 32.1288 28.2989 31.9004 28.5511C31.6719 28.8037 31.558 29.1342 31.558 29.5426C31.558 29.9509 31.6719 30.282 31.9004 30.5341C32.1288 30.7867 32.417 30.9125 32.7655 30.9125C33.2528 30.9125 33.6132 30.6785 33.8473 30.2098L34.8661 30.6697C34.4995 31.5168 33.7993 31.9401 32.7655 31.9401C32.3087 31.9401 31.9034 31.8386 31.5487 31.6339Z" fill="white"></path><path d="M35.3998 25.4863H36.5176V27.9473C36.662 27.707 36.8615 27.5132 37.1167 27.3657C37.3725 27.2188 37.6592 27.145 37.9778 27.145C38.4702 27.145 38.8579 27.2909 39.1405 27.5823C39.423 27.8736 39.5643 28.2804 39.5643 28.8037V31.8685H38.4465V29.0285C38.4465 28.7522 38.3758 28.5408 38.2346 28.3933C38.0933 28.2458 37.8907 28.1726 37.6262 28.1726C37.3199 28.1726 37.0585 28.3093 36.8419 28.5825C36.6254 28.8558 36.5176 29.275 36.5176 29.8401V31.8685H35.3998V25.4863Z" fill="white"></path></svg><p class="styled__StyledBodyText-sc-119w3hf-5 ggtTyf styled__DarkGreyBodyText-jk5kya-0 iwRWTH">Aldi Price Match</p></div></div></div></div><div class="styles__StyledBuyBoxWrapper-dvv1wj-4 dSvjUC"><div class="styles__StyledBuyBoxContainer-sc-1wx0qp6-0 erryje" data-auto="buybox-container"><div class="styles__SafeFormWrapper-jtpu2t-0 lcrYKS"><form action="https://www.tesco.com/groceries/en-GB/trolley/items/268153546?_method=PUT" method="POST"><input type="submit" class="hidden"><input name="id" type="hidden" value="268153546"><input name="identifier" type="hidden" value="Page"><input name="anchorId" type="hidden" value="#tile-268153546"><input name="returnUrl" type="hidden" value="/groceries/en-GB/shop/health-and-beauty/all?redirectIfUnavailable=true#tile-268153546"><input name="backToUrl" type="hidden" value="#"><input name="oldValue" type="hidden" value="0"><input name="oldUnitChoice" type="hidden" value="pcs"><input name="newUnitChoice" type="hidden" value="pcs"><div class="base-components__RootElement-sc-1mosoyj-1 styled__Container-sc-6nhkzi-0 jptQqM hSNpTb beans-buybox__container"><div class="base-components__BaseElement-sc-1mosoyj-0 styled__PriceAndActions-sc-6nhkzi-3 oznwo eEPLov beans-buybox__price-and-actions"><div class="base-components__RootElement-sc-1mosoyj-1 styled__Container-sc-8qlq5b-0 jptQqM bgZrjw styled__StyledPrice-sc-6nhkzi-5 iYHeik beans-buybox__price beans-price__container"><p class="styled__StyledHeading-sc-119w3hf-2 jWPEtj styled__Text-sc-8qlq5b-1 lnaeiZ beans-price__text">£1.75</p><p class="styled__StyledFootnote-sc-119w3hf-7 icrlVF styled__Subtext-sc-8qlq5b-2 bNJmdc beans-price__subtext">£0.70/100ml</p></div><div class="base-components__RootElement-sc-1mosoyj-1 styled__Container-vtxwzb-0 jptQqM bDFhXJ beans-buybox__actions beans-quantity-controls__container"><div class="base-components__RootElement-sc-1mosoyj-1 styled__Container-sc-16t2b2a-0 jptQqM PUfgZ styled__StyledFormGroup-vtxwzb-1 kzKuAr beans-quantity-controls__form-group beans-form-group__container"><label class="styled__StyledLabel-sc-1ttuvhr-0 izGEjV beans-form-group__label beans-label" for="quantity-controls-268153546">Quantity controls </label><div class="base-components__BaseElement-sc-1mosoyj-0 styled__Children-sc-16t2b2a-3 oznwo gdJvjO beans-form-group__children"><div class="styled__StyledQuantityControlWrapper-vtxwzb-6 LCxOg"><label id="quantity-controls-268153546-label" class="styled__VisuallyHiddenLabel-vtxwzb-7 gXlLiM">Quantity of Sure Women Bright Antiperspirant Deodorant 250Ml</label><div class="component__Wrapper-sc-1kpmik-3 dReplG input-wrapper"><input class="base-components__RootElement-sc-1mosoyj-1 styled__StyledInput-sc-1jd5f57-0 component__StyledAsInput-sc-1kpmik-4 jptQqM eJLlow styled__StyledInput-vtxwzb-3 lwMHo beans-quantity-controls__input beans-input" data-auto="beans-quantity-controls-input" autocomplete="off" id="quantity-controls-268153546" maxlength="2" name="newValue" type="number" aria-labelledby="quantity-controls-268153546-label" value="1"></div></div><button class="styled__BaseButton-rsekm1-0 styled__PrimaryButton-rsekm1-2 jChbeY geeWOF styled__StyledButton-vtxwzb-5 japAxb beans-quantity-controls__add-button beans-button__container" type="submit" data-auto="beans-quantity-controls-add-button" aria-label="Quantity of Sure Women Bright Antiperspirant Deodorant 250Ml"><span class="base-components__BaseElement-sc-1mosoyj-0 styled__InnerContainer-rsekm1-1 oznwo fuFres beans-button__inner-container"><span class="base-components__BaseElement-sc-1mosoyj-0 styled__TextSpan-rsekm1-4 oznwo GDiMp beans-button__text">Add</span></span></button></div></div></div></div></div><input name="_csrf" type="hidden" value="0WbpBJF9-cS-fAMl-ByHnl5hECj1JaZiBQ20"></form></div></div></div></div><div class="hidden-medium product-info-section-small"><div class="product-info-message-list"><div class="styled__WhiteBackground-sc-9yzfq2-1 jthPIJ"><svg width="56" height="56" viewBox="0 0 56 56" fill="none" xmlns="http://www.w3.org/2000/svg"><path d="M52.1301 27.8766C52.1301 14.5534 41.3293 3.75308 28.0066 3.75308C14.6834 3.75308 3.88306 14.5534 3.88306 27.8766C3.88306 41.1998 14.6834 52.0002 28.0066 52.0002C41.3293 52.0002 52.1301 41.1998 52.1301 27.8766Z" fill="#EE1C2E"></path><path d="M19.6853 36.5687L31.8169 48.6998L52.6633 27.8998L51.9894 23.0423L31.886 43.1452L22.5438 33.803L19.6853 36.5687Z" fill="white"></path><path d="M24.2699 12.0048L23.5594 9.93467L22.8484 12.0048H24.2699ZM24.6345 13.0711H22.4844L21.9776 14.5375H20.7515L22.9815 8.31722H24.1369L26.3669 14.5375H25.1408L24.6345 13.0711Z" fill="white"></path><path d="M27.8359 14.5375H26.734V8.24609H27.8359V14.5375Z" fill="white"></path><path d="M31.5684 13.2309C31.7849 12.9886 31.8927 12.6597 31.8927 12.2446C31.8927 11.8306 31.7849 11.5016 31.5684 11.2588C31.3524 11.0159 31.0811 10.8942 30.7558 10.8942C30.4299 10.8942 30.1587 11.0159 29.9427 11.2588C29.7267 11.5016 29.6184 11.8306 29.6184 12.2446C29.6184 12.6597 29.7267 12.9886 29.9427 13.2309C30.1587 13.4738 30.4299 13.5955 30.7558 13.5955C31.0811 13.5955 31.3524 13.4738 31.5684 13.2309ZM29.4673 14.3065C29.159 14.1049 28.9177 13.8234 28.7429 13.4619C28.5681 13.101 28.481 12.6952 28.481 12.2446C28.481 11.7888 28.5655 11.3815 28.7341 11.0231C28.9032 10.6648 29.1384 10.3848 29.4405 10.1837C29.7426 9.98212 30.0891 9.88158 30.48 9.88158C30.7883 9.88158 31.0579 9.93624 31.2889 10.0455C31.5199 10.1554 31.6978 10.3106 31.8221 10.5122V8.24609H32.9239V14.5375H31.8221V13.9863C31.6916 14.1704 31.5137 14.3194 31.2889 14.4349C31.0636 14.5504 30.797 14.6086 30.4892 14.6086C30.1159 14.6086 29.7751 14.5076 29.4673 14.3065Z" fill="white"></path><path d="M34.9657 14.5375H33.8638V9.95224H34.9657V14.5375ZM33.9082 8.34408C34.0443 8.20796 34.2129 8.1399 34.4145 8.1399C34.6161 8.1399 34.7847 8.20796 34.9208 8.34408C35.0574 8.48071 35.1255 8.64931 35.1255 8.8504C35.1255 9.052 35.0574 9.22112 34.9208 9.35724C34.7847 9.49336 34.6161 9.56142 34.4145 9.56142C34.2129 9.56142 34.0443 9.49336 33.9082 9.35724C33.7715 9.22112 33.704 9.052 33.704 8.8504C33.704 8.64931 33.7715 8.48071 33.9082 8.34408Z" fill="white"></path><path d="M19.6791 19.3347C19.8894 19.1506 19.9946 18.8779 19.9946 18.5169C19.9946 18.1565 19.8894 17.8838 19.6791 17.6997C19.4682 17.5156 19.183 17.4233 18.8221 17.4233H17.5027V19.6111H18.8221C19.183 19.6111 19.4682 19.5188 19.6791 19.3347ZM17.5027 23.9628H16.0374V16.0704H18.9345C19.461 16.0704 19.9157 16.1776 20.2988 16.3921C20.6824 16.6061 20.9753 16.8995 21.1784 17.2712C21.3816 17.6435 21.4826 18.0586 21.4826 18.5169C21.4826 18.9758 21.3816 19.3909 21.1784 19.7632C20.9753 20.1354 20.6824 20.4283 20.2988 20.6423C19.9157 20.8568 19.461 20.9635 18.9345 20.9635H17.5027V23.9628Z" fill="white"></path><path d="M22.0396 18.1451H23.4379V19.0248C23.6029 18.7087 23.8359 18.4684 24.1365 18.3029C24.4376 18.1374 24.7717 18.0549 25.1404 18.0549C25.5235 18.0549 25.8241 18.1415 26.0422 18.3143L25.5689 19.4981C25.3729 19.3929 25.1662 19.3403 24.9486 19.3403C24.5124 19.3403 24.152 19.528 23.8663 19.9039C23.5802 20.2797 23.4379 20.8582 23.4379 21.6404V23.9627H22.0396V18.1451Z" fill="white"></path><path d="M27.8879 23.9627H26.4896V18.1451H27.8879V23.9627ZM26.5458 16.1044C26.7191 15.9316 26.933 15.845 27.1888 15.845C27.444 15.845 27.658 15.9316 27.8312 16.1044C28.0039 16.2771 28.0906 16.4916 28.0906 16.7468C28.0906 17.0026 28.0039 17.217 27.8312 17.3898C27.658 17.5625 27.444 17.6491 27.1888 17.6491C26.933 17.6491 26.7191 17.5625 26.5458 17.3898C26.3731 17.217 26.287 17.0026 26.287 16.7468C26.287 16.4916 26.3731 16.2771 26.5458 16.1044Z" fill="white"></path><path d="M30.0603 23.6693C29.6168 23.4141 29.2714 23.0588 29.0234 22.6041C28.7754 22.1493 28.6511 21.6327 28.6511 21.0537C28.6511 20.4752 28.7754 19.9585 29.0234 19.5038C29.2714 19.049 29.6168 18.6937 30.0603 18.438C30.5037 18.1828 31.011 18.0549 31.5823 18.0549C32.8749 18.0549 33.751 18.585 34.2093 19.6445L32.9353 20.2199C32.6424 19.6332 32.1913 19.3403 31.5823 19.3403C31.1466 19.3403 30.7857 19.4981 30.5001 19.8136C30.2144 20.1297 30.0716 20.5427 30.0716 21.0537C30.0716 21.5651 30.2144 21.9787 30.5001 22.2942C30.7857 22.6097 31.1466 22.7675 31.5823 22.7675C32.1913 22.7675 32.6424 22.4747 32.9353 21.8884L34.2093 22.4633C33.751 23.5229 32.8749 24.0529 31.5823 24.0529C31.011 24.0529 30.5037 23.9251 30.0603 23.6693Z" fill="white"></path><path d="M38.727 20.3999C38.6744 20.0694 38.5223 19.7987 38.2707 19.5883C38.0186 19.3779 37.7015 19.2728 37.3179 19.2728C36.9946 19.2728 36.7048 19.3723 36.4496 19.5713C36.1939 19.7708 36.0175 20.0467 35.9196 20.3999H38.727ZM40.1588 21.5048H35.8633C35.9381 21.9333 36.115 22.2586 36.3934 22.4803C36.6713 22.702 37.0095 22.8129 37.4081 22.8129C37.7386 22.8129 38.015 22.7433 38.2367 22.6041C38.4584 22.4649 38.6708 22.253 38.874 21.9673L40.0573 22.6097C39.7716 23.0759 39.4092 23.4327 38.9693 23.6812C38.5295 23.9287 37.983 24.0529 37.3292 24.0529C36.7125 24.0529 36.1846 23.9086 35.7453 23.6188C35.3055 23.3295 34.9765 22.9557 34.7584 22.4968C34.5403 22.0385 34.4315 21.5574 34.4315 21.0537C34.4315 20.5504 34.546 20.0694 34.7754 19.611C35.0044 19.1526 35.3374 18.7783 35.7731 18.4891C36.2088 18.1998 36.7239 18.0549 37.3179 18.0549C37.9191 18.0549 38.4341 18.19 38.8626 18.4607C39.2911 18.7314 39.6139 19.0866 39.832 19.5264C40.0501 19.9657 40.1588 20.4339 40.1588 20.9299V21.5048Z" fill="white"></path><path d="M16.3879 25.558H17.7399L19.2454 29.4977L20.751 25.558H22.1029V31.8684H20.9309V28.0282L19.6873 31.2915H18.8035L17.5599 28.0282V31.8684H16.3879V25.558Z" fill="white"></path><path d="M25.4058 30.7146C25.6131 30.5341 25.7167 30.3119 25.7167 30.0474V29.9216H24.8335C24.5746 29.9216 24.3689 29.971 24.2158 30.07C24.0626 30.169 23.9858 30.3057 23.9858 30.48C23.9858 30.6424 24.0415 30.7671 24.1529 30.8543C24.2637 30.9414 24.4277 30.9847 24.6437 30.9847C24.9443 30.9847 25.1985 30.8945 25.4058 30.7146ZM23.6074 31.7782C23.3671 31.67 23.1748 31.5122 23.0304 31.3049C22.886 31.0976 22.8138 30.8496 22.8138 30.5609C22.8138 30.1046 22.9855 29.7364 23.3279 29.457C23.6703 29.1775 24.1333 29.0378 24.7159 29.0378H25.7167V28.8754C25.7167 28.6413 25.6357 28.4531 25.4733 28.3118C25.3109 28.1711 25.0918 28.1004 24.8154 28.1004C24.5927 28.1004 24.3916 28.1592 24.2111 28.2763C24.0312 28.3933 23.8956 28.5299 23.8059 28.6862L22.9494 28.1726C23.1113 27.8782 23.3516 27.6333 23.6703 27.4379C23.9889 27.2425 24.3705 27.145 24.8154 27.145C25.4522 27.145 25.9482 27.2982 26.3024 27.6044C26.6572 27.9112 26.8345 28.3526 26.8345 28.9295V31.8685H25.9152L25.7621 31.2735C25.6115 31.4776 25.4207 31.6401 25.1892 31.7602C24.9582 31.8803 24.686 31.9401 24.3735 31.9401C24.1029 31.9401 23.8476 31.8865 23.6074 31.7782Z" fill="white"></path><path d="M27.8214 30.3V28.1726H27.1182V27.2167H27.8214V26.4417L28.9393 25.7384V27.2167H30.1381V28.1726H28.9393V30.2458C28.9393 30.6903 29.1166 30.9125 29.4709 30.9125C29.6333 30.9125 29.7895 30.8496 29.9395 30.7233L30.4443 31.5797C30.2881 31.706 30.1169 31.7978 29.9308 31.855C29.7446 31.9117 29.5549 31.9401 29.3626 31.9401C28.3355 31.9401 27.8214 31.3936 27.8214 30.3Z" fill="white"></path><path d="M31.5487 31.6339C31.194 31.4297 30.9176 31.1456 30.7196 30.7821C30.5211 30.4186 30.4221 30.0056 30.4221 29.5426C30.4221 29.0801 30.5211 28.6666 30.7196 28.3031C30.9176 27.9396 31.194 27.6555 31.5487 27.4513C31.9034 27.2471 32.3087 27.145 32.7655 27.145C33.7993 27.145 34.4995 27.5683 34.8661 28.416L33.8473 28.8754C33.6132 28.4067 33.2528 28.1726 32.7655 28.1726C32.417 28.1726 32.1288 28.2989 31.9004 28.5511C31.6719 28.8037 31.558 29.1342 31.558 29.5426C31.558 29.9509 31.6719 30.282 31.9004 30.5341C32.1288 30.7867 32.417 30.9125 32.7655 30.9125C33.2528 30.9125 33.6132 30.6785 33.8473 30.2098L34.8661 30.6697C34.4995 31.5168 33.7993 31.9401 32.7655 31.9401C32.3087 31.9401 31.9034 31.8386 31.5487 31.6339Z" fill="white"></path><path d="M35.3998 25.4863H36.5176V27.9473C36.662 27.707 36.8615 27.5132 37.1167 27.3657C37.3725 27.2188 37.6592 27.145 37.9778 27.145C38.4702 27.145 38.8579 27.2909 39.1405 27.5823C39.423 27.8736 39.5643 28.2804 39.5643 28.8037V31.8685H38.4465V29.0285C38.4465 28.7522 38.3758 28.5408 38.2346 28.3933C38.0933 28.2458 37.8907 28.1726 37.6262 28.1726C37.3199 28.1726 37.0585 28.3093 36.8419 28.5825C36.6254 28.8558 36.5176 29.275 36.5176 29.8401V31.8685H35.3998V25.4863Z" fill="white"></path></svg><p class="styled__StyledBodyText-sc-119w3hf-5 ggtTyf styled__DarkGreyBodyText-jk5kya-0 iwRWTH">Aldi Price Match</p></div></div></div></div></div></div></div></li><li class="product-list--list-item"><div class="styles__StyledVerticalTileWrapper-dvv1wj-0 dtCNPH"><div data-auto="product-tile" data-auto-type="Quantity" data-auto-available="true" data-auto-is-restricted-disabled="false" data-auto-is-substitute="false" class="styles__StyledVerticalTile-dvv1wj-1 gSCsYK"><div class="styles__StyledTileContentWrapper-dvv1wj-2 bkNhNP beans"><div id="tile-261609096" data-auto-id="261609096" class="styles__StyledTiledContent-dvv1wj-3 bcglTg"><a href="https://www.tesco.com/groceries/en-GB/products/261609096" aria-hidden="true" class="product-image-wrapper" tabindex="1"><div class="product-image__container"><picture><img class="styled__Image-sjvkdn-0 bJErKA product-image beans-responsive-image__image" src="data:image/gif;base64,R0lGODlhAQABAAAAACH5BAEKAAEALAAAAAABAAEAAAICTAEAOw==" srcset="https://digitalcontent.api.tesco.com/v2/media/ghs/5b875de6-3581-4e03-9caa-5389df7a70bb/618483f0-c0f4-47ff-a210-2d04619c8750_936822324.jpeg?h=225&amp;w=225 768w, data:image/gif;base64,R0lGODlhAQABAAAAACH5BAEKAAEALAAAAAABAAEAAAICTAEAOw== 4000w" alt="Carex Handwash Moisture Plus 250Ml"></picture></div></a><div class="product-details--wrapper"><h3 class="styles__H3-oa5soe-0 bCKNNq"><a href="https://www.tesco.com/groceries/en-GB/products/261609096" class="styled__Anchor-sc-1xbujuz-0 csVOnh beans-link__anchor" data-auto="product-tile--title"><span class="styled__Text-sc-1xbujuz-1 ldbwMG beans-link__text">Carex Handwash Moisture Plus 250Ml</span></a></h3><div class="styles__StyledPromotionsAboveMobile-dvv1wj-7 iPTMuo"></div><div class="styles__StyledProductDetailsContent-dvv1wj-5 ddRSrq"><a href="https://www.tesco.com/groceries/en-GB/reviews/submission/261609096?from=%2Fshop%2Fhealth-and-beauty%2Fall" aria-label="Write a review for Carex Handwash Moisture Plus 250Ml" class="styled__Anchor-sc-1xbujuz-0 jSzuDt write-a-review-link beans-link__anchor" data-auto="review-link"><span class="styled__Text-sc-1xbujuz-1 fyDIEo beans-link__text">Write a review</span><span class="styled__IconContainer-sc-1xbujuz-2 bSauSL beans-link__icon-container"><svg aria-hidden="true" class="styled__SVG-xxa4wh-1 hQMCqc beans-link__icon beans-icon__svg" height="13.33" preserveAspectRatio="xMinYMax meet" viewBox="-1 0 12 20" width="8" xmlns="http://www.w3.org/2000/svg" color="currentColor"><path d="M1.312 1.348L10.276 10l-8.964 8.644" fill="none" stroke="currentColor"></path></svg></span></a><div><a href="https://www.tesco.com/groceries/en-GB/shop/health-and-beauty/shower-bath-and-hand-hygiene/handwash/antibacterial-handwash" class="styled__Anchor-sc-1xbujuz-0 jSzuDt rest-of-shelf-link beans-link__anchor" data-auto="rest-of-shelf-link"><span class="styled__Text-sc-1xbujuz-1 fyDIEo beans-link__text">Rest of <span class="visually-hidden">Antibacterial Handwash</span> shelf</span><span class="styled__IconContainer-sc-1xbujuz-2 bSauSL beans-link__icon-container"><svg aria-hidden="true" class="styled__SVG-xxa4wh-1 hQMCqc beans-link__icon beans-icon__svg" height="13.33" preserveAspectRatio="xMinYMax meet" viewBox="-1 0 12 20" width="8" xmlns="http://www.w3.org/2000/svg" color="currentColor"><path d="M1.312 1.348L10.276 10l-8.964 8.644" fill="none" stroke="currentColor"></path></svg></span></a></div><div class="product-info-message-section"><div class="product-info-message-list"><div class="styled__WhiteBackground-sc-9yzfq2-1 jthPIJ"><svg width="56" height="61" viewBox="0 0 56 61" fill="none" xmlns="http://www.w3.org/2000/svg"><path d="M30.8759 45.8182C40.0086 42.7996 46.6572 34.3312 46.9801 24.2629H47V23.502V22.7397H46.9801C46.5765 10.112 36.2237 0 23.4993 0C10.5209 0 0 10.5209 0 23.4993C0 33.8972 6.75323 42.7162 16.1109 45.8142L16.1294 42.8684C13.3741 41.8189 10.9007 40.1978 8.8508 38.1492C5.099 34.3961 2.78308 29.2256 2.78308 23.4993C2.78308 17.7744 5.10032 12.6039 8.8508 8.84947C12.6039 5.09768 17.7744 2.78175 23.5007 2.78175C29.2256 2.78175 34.3961 5.09768 38.1505 8.84947C41.9023 12.6026 44.2182 17.7731 44.2182 23.4993C44.2182 29.2256 41.901 34.3948 38.1505 38.1492C36.1033 40.1952 33.6338 41.815 30.8838 42.8644L30.8772 45.8182H30.8759Z" fill="#EE1C2E"></path><path d="M9.82217 16.0368C10.5434 14.6962 11.4566 13.472 12.5245 12.4041C15.3354 9.59453 19.2116 7.85825 23.4994 7.85825C27.7871 7.85825 31.6633 9.59453 34.4742 12.4041C35.5435 13.4734 36.4553 14.6962 37.1765 16.0368H38.6256C35.8995 10.4309 30.1507 6.56662 23.498 6.56662C16.8454 6.56662 11.0966 10.4309 8.37042 16.0368H9.81952H9.82217Z" fill="black"></path><path d="M38.2419 28.245C37.4743 30.5728 36.1694 32.6571 34.4742 34.3537C32.8385 35.9881 30.8428 37.2599 28.6142 38.038C28.605 38.0407 28.5825 38.0394 28.5878 38.0473C28.773 38.3278 28.7836 39.3429 28.7836 39.3429C33.9567 37.6318 38.0142 33.4763 39.593 28.245H38.2419Z" fill="black"></path><path d="M12.5245 34.3537C10.4322 32.2601 8.9355 29.5763 8.30822 26.5722H6.99409C8.14941 32.5791 12.4994 37.4491 18.2085 39.3416C18.2111 39.3416 18.2177 39.3482 18.2177 39.3442C18.2627 38.2286 18.3898 38.0394 18.3898 38.0394C18.3818 38.0367 18.3726 38.0341 18.3646 38.0301C16.144 37.2519 14.1536 35.9828 12.5232 34.3524L12.5245 34.3537Z" fill="black"></path><path d="M17.6645 15.8727H20.1062V16.8335H16.623V11.2289H17.6645V15.8727Z" fill="black"></path><path d="M20.527 13.6745C20.7031 13.3516 20.9532 13.0975 21.2761 12.9136C21.599 12.7296 21.9682 12.637 22.3851 12.637C22.8019 12.637 23.1712 12.7296 23.4941 12.9136C23.817 13.0975 24.0658 13.3516 24.2431 13.6745C24.4191 13.9974 24.5065 14.3614 24.5065 14.7676C24.5065 15.1739 24.4191 15.5379 24.2431 15.8608C24.0671 16.1837 23.817 16.4364 23.4941 16.6217C23.1712 16.8057 22.8019 16.897 22.3851 16.897C21.9682 16.897 21.599 16.8057 21.2761 16.6217C20.9532 16.4378 20.7031 16.1837 20.527 15.8608C20.351 15.5379 20.2637 15.1739 20.2637 14.7676C20.2637 14.3614 20.351 13.9974 20.527 13.6745ZM21.5805 15.6477C21.7856 15.8727 22.0542 15.9838 22.3851 15.9838C22.7159 15.9838 22.9846 15.8713 23.1897 15.6477C23.3948 15.424 23.498 15.1303 23.498 14.7676C23.498 14.405 23.3948 14.1112 23.1897 13.8876C22.9846 13.6639 22.7159 13.5515 22.3851 13.5515C22.0542 13.5515 21.7856 13.6639 21.5805 13.8876C21.3753 14.1112 21.2721 14.405 21.2721 14.7676C21.2721 15.1303 21.3753 15.424 21.5805 15.6477Z" fill="black"></path><path d="M29.1687 16.8334H28.208L27.5119 14.1271L26.8158 16.8334H25.855L24.566 12.7018H25.5347L26.3182 15.4082L27.0315 12.7018H27.9923L28.7056 15.4082L29.489 12.7018H30.4577L29.1687 16.8334Z" fill="black"></path><path d="M8.61654 18.931H5.58202V20.4026H8.01572V21.6042H5.58202V23.5377H8.71579V24.738H4.27981V17.7294H8.61654V18.931Z" fill="black"></path><path d="M8.73168 19.5715H9.9836L11.2051 23.0269L12.4266 19.5715H13.6785L11.7662 24.738H10.644L8.73168 19.5715Z" fill="black"></path><path d="M18.7126 22.5558H14.8973C14.9635 22.9369 15.121 23.2254 15.3684 23.4226C15.6159 23.6198 15.9163 23.7177 16.2697 23.7177C16.5635 23.7177 16.8083 23.6555 17.0055 23.5324C17.2027 23.4093 17.3906 23.2201 17.5719 22.966L18.6226 23.5377C18.3686 23.9519 18.047 24.2682 17.6566 24.4892C17.2662 24.7089 16.7805 24.8201 16.1995 24.8201C15.6517 24.8201 15.1832 24.6917 14.7928 24.435C14.4024 24.1782 14.1099 23.8461 13.9167 23.4385C13.7235 23.0322 13.6269 22.6047 13.6269 22.1574C13.6269 21.7101 13.7288 21.2827 13.9326 20.8764C14.1364 20.4688 14.4315 20.1366 14.8192 19.8799C15.207 19.6231 15.6636 19.4948 16.1916 19.4948C16.7196 19.4948 17.1828 19.6152 17.5626 19.8547C17.9438 20.0956 18.2296 20.4106 18.4241 20.801C18.6174 21.1914 18.714 21.6069 18.714 22.0476V22.5584L18.7126 22.5558ZM17.4409 21.5751C17.3945 21.2813 17.2582 21.0418 17.0346 20.8539C16.8109 20.6673 16.5291 20.5733 16.1889 20.5733C15.9018 20.5733 15.645 20.662 15.4174 20.838C15.1911 21.0153 15.0336 21.2602 14.9463 21.5738H17.4395L17.4409 21.5751Z" fill="black"></path><path d="M19.3849 19.5715H20.6263V20.3523C20.7732 20.0718 20.9809 19.8587 21.2469 19.7118C21.5142 19.5649 21.8107 19.4921 22.1376 19.4921C22.4644 19.4921 22.745 19.5689 22.9382 19.7224L22.5174 20.7732C22.344 20.6805 22.1601 20.6329 21.9668 20.6329C21.5791 20.6329 21.2588 20.7996 21.0061 21.1331C20.752 21.4666 20.6249 21.9814 20.6249 22.6749V24.738H19.3836V19.5715H19.3849Z" fill="black"></path><path d="M24.8518 24.4178L22.9792 19.5715H24.2312L25.4434 22.8562L26.5841 19.5715H27.8255L25.1827 26.7813H23.981L24.8518 24.4178Z" fill="black"></path><path d="M28.8074 24.4786C28.4607 24.251 28.1881 23.9347 27.9909 23.5271C27.7937 23.1195 27.6958 22.663 27.6958 22.1548C27.6958 21.6466 27.7911 21.1821 27.9816 20.7785C28.1722 20.3748 28.4369 20.0585 28.7783 19.8322C29.1184 19.6059 29.5088 19.4921 29.9495 19.4921C30.2962 19.4921 30.6006 19.5543 30.86 19.6774C31.1207 19.8005 31.3205 19.9765 31.4608 20.2028V17.65H32.7021V24.7393H31.4608V24.1187C31.3139 24.3251 31.1141 24.4945 30.86 24.6242C30.6059 24.7539 30.3055 24.8201 29.9588 24.8201C29.5379 24.8201 29.1541 24.7063 28.8074 24.48V24.4786ZM31.1763 23.2664C31.4198 22.9925 31.5415 22.6219 31.5415 22.1548C31.5415 21.6876 31.4198 21.3171 31.1763 21.0431C30.9328 20.7692 30.6271 20.6329 30.2605 20.6329C29.8939 20.6329 29.5882 20.7705 29.3447 21.0431C29.1012 21.3171 28.9795 21.6876 28.9795 22.1548C28.9795 22.6219 29.1012 22.9925 29.3447 23.2664C29.5882 23.5404 29.8939 23.6767 30.2605 23.6767C30.6271 23.6767 30.9328 23.5404 31.1763 23.2664Z" fill="black"></path><path d="M34.2624 24.6388C33.9951 24.5183 33.782 24.3437 33.6219 24.1134C33.4618 23.8831 33.3824 23.6079 33.3824 23.2876C33.3824 22.7807 33.5729 22.3718 33.9527 22.0608C34.3339 21.7511 34.8473 21.595 35.4945 21.595H36.6061V21.415C36.6061 21.1543 36.5161 20.9465 36.3361 20.789C36.1562 20.6329 35.9127 20.5535 35.6056 20.5535C35.3582 20.5535 35.1345 20.6183 34.9347 20.7493C34.7349 20.879 34.584 21.0312 34.4834 21.2046L33.5319 20.6342C33.7119 20.3073 33.9792 20.0347 34.3325 19.8177C34.6859 19.6006 35.1094 19.4921 35.6043 19.4921C36.3123 19.4921 36.8629 19.6615 37.2559 20.003C37.6503 20.3431 37.8461 20.834 37.8461 21.4746V24.7393H36.8245L36.6538 24.079C36.487 24.3066 36.2753 24.4866 36.0172 24.6189C35.7605 24.7526 35.4574 24.8187 35.1107 24.8187C34.8103 24.8187 34.5271 24.7592 34.2598 24.6388H34.2624ZM36.2607 23.457C36.491 23.2572 36.6061 23.0097 36.6061 22.7159V22.5756H35.6255C35.3383 22.5756 35.1094 22.6312 34.94 22.741C34.7693 22.8509 34.6846 23.0031 34.6846 23.1963C34.6846 23.3763 34.7468 23.5152 34.8698 23.6118C34.9929 23.7084 35.1755 23.7574 35.4151 23.7574C35.7486 23.7574 36.0304 23.6568 36.2607 23.457V23.457Z" fill="black"></path><path d="M39.7571 24.4178L37.8845 19.5715H39.1364L40.3473 22.8562L41.4894 19.5715H42.7308L40.088 26.7813H38.8863L39.7571 24.4178Z" fill="black"></path><path d="M13.652 33.1164H12.6185V27.5515H14.6618C15.7985 27.5515 16.4589 28.3072 16.4589 29.2772C16.4589 30.2473 15.7985 31.0029 14.6618 31.0029H13.652V33.1177V33.1164ZM15.4095 29.2759C15.4095 28.7505 15.076 28.5044 14.5824 28.5044H13.652V30.0461H14.5824C15.0747 30.0461 15.4095 29.8 15.4095 29.2746V29.2759Z" fill="black"></path><path d="M17.0981 29.0139H18.084V29.6345C18.3222 29.1899 18.7682 28.9503 19.2843 28.9503C19.5464 28.9503 19.7687 29.0139 19.9209 29.133L19.5874 29.968C19.4524 29.8966 19.3095 29.8569 19.1507 29.8569C18.5856 29.8569 18.0854 30.3015 18.0854 31.4793V33.1177H17.0994V29.0152L17.0981 29.0139Z" fill="black"></path><path d="M20.9703 27.312C21.3356 27.312 21.6069 27.5899 21.6069 27.9485C21.6069 28.3072 21.3369 28.5851 20.9703 28.5851C20.6038 28.5851 20.3338 28.3072 20.3338 27.9485C20.3338 27.5899 20.6038 27.312 20.9703 27.312ZM21.4626 33.1164H20.4767V29.0139H21.4626V33.1164Z" fill="black"></path><path d="M22.2355 31.0651C22.2355 29.8251 23.0785 28.9503 24.3026 28.9503C25.1774 28.9503 25.8205 29.2997 26.1553 30.0713L25.2568 30.4762C25.0583 30.0792 24.7565 29.8555 24.3026 29.8555C23.6899 29.8555 23.2373 30.3399 23.2373 31.0638C23.2373 31.7877 23.6899 32.272 24.3026 32.272C24.7552 32.272 25.0583 32.0497 25.2568 31.6514L26.1553 32.0563C25.8219 32.8279 25.1774 33.1772 24.3026 33.1772C23.0785 33.1772 22.2355 32.3025 22.2355 31.0625V31.0651Z" fill="black"></path><path d="M30.5874 31.3827H27.5581C27.6693 32.0113 28.1153 32.3051 28.6473 32.3051C29.1316 32.3051 29.4109 32.0907 29.6808 31.7083L30.5159 32.1609C30.1348 32.7736 29.5617 33.1786 28.5917 33.1786C27.2167 33.1786 26.5484 32.0894 26.5484 31.0638C26.5484 30.0382 27.2723 28.949 28.5838 28.949C29.8952 28.949 30.5874 29.9667 30.5874 30.9765V31.3814V31.3827ZM29.5776 30.6033C29.5062 30.1586 29.1409 29.8079 28.5838 29.8079C28.1391 29.8079 27.7408 30.0938 27.5978 30.6033H29.5776V30.6033Z" fill="black"></path><path d="M31.0294 32.2416L31.7374 31.6448C31.9677 32.0577 32.2866 32.3051 32.7551 32.3051C33.0965 32.3051 33.3281 32.1463 33.3281 31.8922C33.3281 31.6381 33.0105 31.4952 32.4613 31.343C31.785 31.1604 31.253 30.7713 31.253 30.1507C31.253 29.4665 31.8975 28.9503 32.7154 28.9503C33.4472 28.9503 33.876 29.3156 34.1142 29.7139L33.4776 30.2631C33.2553 29.9058 32.9602 29.7933 32.7061 29.7933C32.3726 29.7933 32.1728 29.9442 32.1728 30.1189C32.1728 30.365 32.3951 30.4762 33.0634 30.6522C33.7397 30.8269 34.2796 31.1855 34.2796 31.8922C34.2796 32.5989 33.7225 33.1799 32.6902 33.1799C31.9028 33.1799 31.3311 32.8464 31.0281 32.2416H31.0294Z" fill="black"></path><path d="M23.5046 47.8549H24.2007C24.3979 47.8549 24.4045 47.8443 24.3609 47.6498C24.2643 47.2263 24.1796 46.8015 24.0724 46.382C24.0155 46.161 24.0287 46.0207 24.2391 45.8579C24.7473 45.4675 24.7658 44.7013 24.3212 44.2315C23.8792 43.7643 23.1288 43.763 22.6855 44.2275C22.2395 44.696 22.2514 45.4636 22.7609 45.854C22.9898 46.0286 22.9925 46.1822 22.9237 46.4018C22.9171 46.423 22.9118 46.4429 22.9078 46.464C22.8165 46.8743 22.7238 47.2859 22.6339 47.6961C22.6021 47.8443 22.614 47.8562 22.7715 47.8562C23.0163 47.8562 23.2611 47.8562 23.506 47.8562M23.4954 41.1361C24.2179 41.1361 24.9392 41.1334 25.6604 41.1374C25.7689 41.1374 25.8166 41.1096 25.8139 40.9932C25.8086 40.62 25.8139 40.2454 25.81 39.8723C25.806 39.5771 25.7517 39.29 25.634 39.0187C25.1602 37.9229 24.0406 37.3803 22.88 37.6807C22.0357 37.8991 21.329 38.668 21.2337 39.5374C21.1808 40.0139 21.2072 40.4982 21.1914 40.9786C21.1874 41.1056 21.235 41.1387 21.3568 41.1387C22.0701 41.1334 22.7834 41.1361 23.4967 41.1361M23.4967 50.6023C22.217 50.6023 20.9359 50.6023 19.6562 50.6023C18.6849 50.6023 17.9186 50.0041 17.699 49.0592C17.6619 48.903 17.654 48.735 17.654 48.5735C17.6513 46.7856 17.6566 44.9977 17.65 43.2112C17.6473 42.4899 17.9028 41.9037 18.4943 41.4815C18.8132 41.2539 19.1758 41.1427 19.5689 41.1374C19.7396 41.1348 19.7383 41.1321 19.7396 40.9627C19.7436 40.5035 19.7198 40.0403 19.7595 39.5851C19.9408 37.4822 21.7631 35.9683 23.862 36.1549C25.7584 36.3243 27.2578 37.96 27.2617 39.867C27.2617 40.2282 27.2617 40.5895 27.2617 40.9495C27.2617 41.1321 27.2617 41.1308 27.4457 41.1387C28.2159 41.1731 28.7796 41.5357 29.1436 42.212C29.3024 42.5071 29.3513 42.8274 29.3513 43.1595C29.3513 44.9779 29.3553 46.7949 29.3513 48.6132C29.3487 49.5965 28.732 50.3601 27.7845 50.5639C27.6429 50.5943 27.4946 50.6023 27.3491 50.6023C26.0641 50.6049 24.7804 50.6036 23.4954 50.6036" fill="black"></path></svg><p class="styled__StyledBodyText-sc-119w3hf-5 ggtTyf styled__DarkGreyBodyText-sc-9yzfq2-2 lmkdDf">Low Everyday Price</p></div></div></div></div><div class="styles__StyledBuyBoxWrapper-dvv1wj-4 dSvjUC"><div class="styles__StyledBuyBoxContainer-sc-1wx0qp6-0 erryje" data-auto="buybox-container"><div class="styles__SafeFormWrapper-jtpu2t-0 lcrYKS"><form action="https://www.tesco.com/groceries/en-GB/trolley/items/261609096?_method=PUT" method="POST"><input type="submit" class="hidden"><input name="id" type="hidden" value="261609096"><input name="identifier" type="hidden" value="Page"><input name="anchorId" type="hidden" value="#tile-261609096"><input name="returnUrl" type="hidden" value="/groceries/en-GB/shop/health-and-beauty/all?redirectIfUnavailable=true#tile-261609096"><input name="backToUrl" type="hidden" value="#"><input name="oldValue" type="hidden" value="0"><input name="oldUnitChoice" type="hidden" value="pcs"><input name="newUnitChoice" type="hidden" value="pcs"><div class="base-components__RootElement-sc-1mosoyj-1 styled__Container-sc-6nhkzi-0 jptQqM hSNpTb beans-buybox__container"><div class="base-components__BaseElement-sc-1mosoyj-0 styled__PriceAndActions-sc-6nhkzi-3 oznwo eEPLov beans-buybox__price-and-actions"><div class="base-components__RootElement-sc-1mosoyj-1 styled__Container-sc-8qlq5b-0 jptQqM bgZrjw styled__StyledPrice-sc-6nhkzi-5 iYHeik beans-buybox__price beans-price__container"><p class="styled__StyledHeading-sc-119w3hf-2 jWPEtj styled__Text-sc-8qlq5b-1 lnaeiZ beans-price__text">£1.20</p><p class="styled__StyledFootnote-sc-119w3hf-7 icrlVF styled__Subtext-sc-8qlq5b-2 bNJmdc beans-price__subtext">£0.48/100ml</p></div><div class="base-components__RootElement-sc-1mosoyj-1 styled__Container-vtxwzb-0 jptQqM bDFhXJ beans-buybox__actions beans-quantity-controls__container"><div class="base-components__RootElement-sc-1mosoyj-1 styled__Container-sc-16t2b2a-0 jptQqM PUfgZ styled__StyledFormGroup-vtxwzb-1 kzKuAr beans-quantity-controls__form-group beans-form-group__container"><label class="styled__StyledLabel-sc-1ttuvhr-0 izGEjV beans-form-group__label beans-label" for="quantity-controls-261609096">Quantity controls </label><div class="base-components__BaseElement-sc-1mosoyj-0 styled__Children-sc-16t2b2a-3 oznwo gdJvjO beans-form-group__children"><div class="styled__StyledQuantityControlWrapper-vtxwzb-6 LCxOg"><label id="quantity-controls-261609096-label" class="styled__VisuallyHiddenLabel-vtxwzb-7 gXlLiM">Quantity of Carex Handwash Moisture Plus 250Ml</label><div class="component__Wrapper-sc-1kpmik-3 dReplG input-wrapper"><input class="base-components__RootElement-sc-1mosoyj-1 styled__StyledInput-sc-1jd5f57-0 component__StyledAsInput-sc-1kpmik-4 jptQqM eJLlow styled__StyledInput-vtxwzb-3 lwMHo beans-quantity-controls__input beans-input" data-auto="beans-quantity-controls-input" autocomplete="off" id="quantity-controls-261609096" maxlength="2" name="newValue" type="number" aria-labelledby="quantity-controls-261609096-label" value="1"></div></div><button class="styled__BaseButton-rsekm1-0 styled__PrimaryButton-rsekm1-2 jChbeY geeWOF styled__StyledButton-vtxwzb-5 japAxb beans-quantity-controls__add-button beans-button__container" type="submit" data-auto="beans-quantity-controls-add-button" aria-label="Quantity of Carex Handwash Moisture Plus 250Ml"><span class="base-components__BaseElement-sc-1mosoyj-0 styled__InnerContainer-rsekm1-1 oznwo fuFres beans-button__inner-container"><span class="base-components__BaseElement-sc-1mosoyj-0 styled__TextSpan-rsekm1-4 oznwo GDiMp beans-button__text">Add</span></span></button></div></div></div></div></div><input name="_csrf" type="hidden" value="0WbpBJF9-cS-fAMl-ByHnl5hECj1JaZiBQ20"></form></div></div></div></div><div class="hidden-medium product-info-section-small"><div class="product-info-message-list"><div class="styled__WhiteBackground-sc-9yzfq2-1 jthPIJ"><svg width="56" height="61" viewBox="0 0 56 61" fill="none" xmlns="http://www.w3.org/2000/svg"><path d="M30.8759 45.8182C40.0086 42.7996 46.6572 34.3312 46.9801 24.2629H47V23.502V22.7397H46.9801C46.5765 10.112 36.2237 0 23.4993 0C10.5209 0 0 10.5209 0 23.4993C0 33.8972 6.75323 42.7162 16.1109 45.8142L16.1294 42.8684C13.3741 41.8189 10.9007 40.1978 8.8508 38.1492C5.099 34.3961 2.78308 29.2256 2.78308 23.4993C2.78308 17.7744 5.10032 12.6039 8.8508 8.84947C12.6039 5.09768 17.7744 2.78175 23.5007 2.78175C29.2256 2.78175 34.3961 5.09768 38.1505 8.84947C41.9023 12.6026 44.2182 17.7731 44.2182 23.4993C44.2182 29.2256 41.901 34.3948 38.1505 38.1492C36.1033 40.1952 33.6338 41.815 30.8838 42.8644L30.8772 45.8182H30.8759Z" fill="#EE1C2E"></path><path d="M9.82217 16.0368C10.5434 14.6962 11.4566 13.472 12.5245 12.4041C15.3354 9.59453 19.2116 7.85825 23.4994 7.85825C27.7871 7.85825 31.6633 9.59453 34.4742 12.4041C35.5435 13.4734 36.4553 14.6962 37.1765 16.0368H38.6256C35.8995 10.4309 30.1507 6.56662 23.498 6.56662C16.8454 6.56662 11.0966 10.4309 8.37042 16.0368H9.81952H9.82217Z" fill="black"></path><path d="M38.2419 28.245C37.4743 30.5728 36.1694 32.6571 34.4742 34.3537C32.8385 35.9881 30.8428 37.2599 28.6142 38.038C28.605 38.0407 28.5825 38.0394 28.5878 38.0473C28.773 38.3278 28.7836 39.3429 28.7836 39.3429C33.9567 37.6318 38.0142 33.4763 39.593 28.245H38.2419Z" fill="black"></path><path d="M12.5245 34.3537C10.4322 32.2601 8.9355 29.5763 8.30822 26.5722H6.99409C8.14941 32.5791 12.4994 37.4491 18.2085 39.3416C18.2111 39.3416 18.2177 39.3482 18.2177 39.3442C18.2627 38.2286 18.3898 38.0394 18.3898 38.0394C18.3818 38.0367 18.3726 38.0341 18.3646 38.0301C16.144 37.2519 14.1536 35.9828 12.5232 34.3524L12.5245 34.3537Z" fill="black"></path><path d="M17.6645 15.8727H20.1062V16.8335H16.623V11.2289H17.6645V15.8727Z" fill="black"></path><path d="M20.527 13.6745C20.7031 13.3516 20.9532 13.0975 21.2761 12.9136C21.599 12.7296 21.9682 12.637 22.3851 12.637C22.8019 12.637 23.1712 12.7296 23.4941 12.9136C23.817 13.0975 24.0658 13.3516 24.2431 13.6745C24.4191 13.9974 24.5065 14.3614 24.5065 14.7676C24.5065 15.1739 24.4191 15.5379 24.2431 15.8608C24.0671 16.1837 23.817 16.4364 23.4941 16.6217C23.1712 16.8057 22.8019 16.897 22.3851 16.897C21.9682 16.897 21.599 16.8057 21.2761 16.6217C20.9532 16.4378 20.7031 16.1837 20.527 15.8608C20.351 15.5379 20.2637 15.1739 20.2637 14.7676C20.2637 14.3614 20.351 13.9974 20.527 13.6745ZM21.5805 15.6477C21.7856 15.8727 22.0542 15.9838 22.3851 15.9838C22.7159 15.9838 22.9846 15.8713 23.1897 15.6477C23.3948 15.424 23.498 15.1303 23.498 14.7676C23.498 14.405 23.3948 14.1112 23.1897 13.8876C22.9846 13.6639 22.7159 13.5515 22.3851 13.5515C22.0542 13.5515 21.7856 13.6639 21.5805 13.8876C21.3753 14.1112 21.2721 14.405 21.2721 14.7676C21.2721 15.1303 21.3753 15.424 21.5805 15.6477Z" fill="black"></path><path d="M29.1687 16.8334H28.208L27.5119 14.1271L26.8158 16.8334H25.855L24.566 12.7018H25.5347L26.3182 15.4082L27.0315 12.7018H27.9923L28.7056 15.4082L29.489 12.7018H30.4577L29.1687 16.8334Z" fill="black"></path><path d="M8.61654 18.931H5.58202V20.4026H8.01572V21.6042H5.58202V23.5377H8.71579V24.738H4.27981V17.7294H8.61654V18.931Z" fill="black"></path><path d="M8.73168 19.5715H9.9836L11.2051 23.0269L12.4266 19.5715H13.6785L11.7662 24.738H10.644L8.73168 19.5715Z" fill="black"></path><path d="M18.7126 22.5558H14.8973C14.9635 22.9369 15.121 23.2254 15.3684 23.4226C15.6159 23.6198 15.9163 23.7177 16.2697 23.7177C16.5635 23.7177 16.8083 23.6555 17.0055 23.5324C17.2027 23.4093 17.3906 23.2201 17.5719 22.966L18.6226 23.5377C18.3686 23.9519 18.047 24.2682 17.6566 24.4892C17.2662 24.7089 16.7805 24.8201 16.1995 24.8201C15.6517 24.8201 15.1832 24.6917 14.7928 24.435C14.4024 24.1782 14.1099 23.8461 13.9167 23.4385C13.7235 23.0322 13.6269 22.6047 13.6269 22.1574C13.6269 21.7101 13.7288 21.2827 13.9326 20.8764C14.1364 20.4688 14.4315 20.1366 14.8192 19.8799C15.207 19.6231 15.6636 19.4948 16.1916 19.4948C16.7196 19.4948 17.1828 19.6152 17.5626 19.8547C17.9438 20.0956 18.2296 20.4106 18.4241 20.801C18.6174 21.1914 18.714 21.6069 18.714 22.0476V22.5584L18.7126 22.5558ZM17.4409 21.5751C17.3945 21.2813 17.2582 21.0418 17.0346 20.8539C16.8109 20.6673 16.5291 20.5733 16.1889 20.5733C15.9018 20.5733 15.645 20.662 15.4174 20.838C15.1911 21.0153 15.0336 21.2602 14.9463 21.5738H17.4395L17.4409 21.5751Z" fill="black"></path><path d="M19.3849 19.5715H20.6263V20.3523C20.7732 20.0718 20.9809 19.8587 21.2469 19.7118C21.5142 19.5649 21.8107 19.4921 22.1376 19.4921C22.4644 19.4921 22.745 19.5689 22.9382 19.7224L22.5174 20.7732C22.344 20.6805 22.1601 20.6329 21.9668 20.6329C21.5791 20.6329 21.2588 20.7996 21.0061 21.1331C20.752 21.4666 20.6249 21.9814 20.6249 22.6749V24.738H19.3836V19.5715H19.3849Z" fill="black"></path><path d="M24.8518 24.4178L22.9792 19.5715H24.2312L25.4434 22.8562L26.5841 19.5715H27.8255L25.1827 26.7813H23.981L24.8518 24.4178Z" fill="black"></path><path d="M28.8074 24.4786C28.4607 24.251 28.1881 23.9347 27.9909 23.5271C27.7937 23.1195 27.6958 22.663 27.6958 22.1548C27.6958 21.6466 27.7911 21.1821 27.9816 20.7785C28.1722 20.3748 28.4369 20.0585 28.7783 19.8322C29.1184 19.6059 29.5088 19.4921 29.9495 19.4921C30.2962 19.4921 30.6006 19.5543 30.86 19.6774C31.1207 19.8005 31.3205 19.9765 31.4608 20.2028V17.65H32.7021V24.7393H31.4608V24.1187C31.3139 24.3251 31.1141 24.4945 30.86 24.6242C30.6059 24.7539 30.3055 24.8201 29.9588 24.8201C29.5379 24.8201 29.1541 24.7063 28.8074 24.48V24.4786ZM31.1763 23.2664C31.4198 22.9925 31.5415 22.6219 31.5415 22.1548C31.5415 21.6876 31.4198 21.3171 31.1763 21.0431C30.9328 20.7692 30.6271 20.6329 30.2605 20.6329C29.8939 20.6329 29.5882 20.7705 29.3447 21.0431C29.1012 21.3171 28.9795 21.6876 28.9795 22.1548C28.9795 22.6219 29.1012 22.9925 29.3447 23.2664C29.5882 23.5404 29.8939 23.6767 30.2605 23.6767C30.6271 23.6767 30.9328 23.5404 31.1763 23.2664Z" fill="black"></path><path d="M34.2624 24.6388C33.9951 24.5183 33.782 24.3437 33.6219 24.1134C33.4618 23.8831 33.3824 23.6079 33.3824 23.2876C33.3824 22.7807 33.5729 22.3718 33.9527 22.0608C34.3339 21.7511 34.8473 21.595 35.4945 21.595H36.6061V21.415C36.6061 21.1543 36.5161 20.9465 36.3361 20.789C36.1562 20.6329 35.9127 20.5535 35.6056 20.5535C35.3582 20.5535 35.1345 20.6183 34.9347 20.7493C34.7349 20.879 34.584 21.0312 34.4834 21.2046L33.5319 20.6342C33.7119 20.3073 33.9792 20.0347 34.3325 19.8177C34.6859 19.6006 35.1094 19.4921 35.6043 19.4921C36.3123 19.4921 36.8629 19.6615 37.2559 20.003C37.6503 20.3431 37.8461 20.834 37.8461 21.4746V24.7393H36.8245L36.6538 24.079C36.487 24.3066 36.2753 24.4866 36.0172 24.6189C35.7605 24.7526 35.4574 24.8187 35.1107 24.8187C34.8103 24.8187 34.5271 24.7592 34.2598 24.6388H34.2624ZM36.2607 23.457C36.491 23.2572 36.6061 23.0097 36.6061 22.7159V22.5756H35.6255C35.3383 22.5756 35.1094 22.6312 34.94 22.741C34.7693 22.8509 34.6846 23.0031 34.6846 23.1963C34.6846 23.3763 34.7468 23.5152 34.8698 23.6118C34.9929 23.7084 35.1755 23.7574 35.4151 23.7574C35.7486 23.7574 36.0304 23.6568 36.2607 23.457V23.457Z" fill="black"></path><path d="M39.7571 24.4178L37.8845 19.5715H39.1364L40.3473 22.8562L41.4894 19.5715H42.7308L40.088 26.7813H38.8863L39.7571 24.4178Z" fill="black"></path><path d="M13.652 33.1164H12.6185V27.5515H14.6618C15.7985 27.5515 16.4589 28.3072 16.4589 29.2772C16.4589 30.2473 15.7985 31.0029 14.6618 31.0029H13.652V33.1177V33.1164ZM15.4095 29.2759C15.4095 28.7505 15.076 28.5044 14.5824 28.5044H13.652V30.0461H14.5824C15.0747 30.0461 15.4095 29.8 15.4095 29.2746V29.2759Z" fill="black"></path><path d="M17.0981 29.0139H18.084V29.6345C18.3222 29.1899 18.7682 28.9503 19.2843 28.9503C19.5464 28.9503 19.7687 29.0139 19.9209 29.133L19.5874 29.968C19.4524 29.8966 19.3095 29.8569 19.1507 29.8569C18.5856 29.8569 18.0854 30.3015 18.0854 31.4793V33.1177H17.0994V29.0152L17.0981 29.0139Z" fill="black"></path><path d="M20.9703 27.312C21.3356 27.312 21.6069 27.5899 21.6069 27.9485C21.6069 28.3072 21.3369 28.5851 20.9703 28.5851C20.6038 28.5851 20.3338 28.3072 20.3338 27.9485C20.3338 27.5899 20.6038 27.312 20.9703 27.312ZM21.4626 33.1164H20.4767V29.0139H21.4626V33.1164Z" fill="black"></path><path d="M22.2355 31.0651C22.2355 29.8251 23.0785 28.9503 24.3026 28.9503C25.1774 28.9503 25.8205 29.2997 26.1553 30.0713L25.2568 30.4762C25.0583 30.0792 24.7565 29.8555 24.3026 29.8555C23.6899 29.8555 23.2373 30.3399 23.2373 31.0638C23.2373 31.7877 23.6899 32.272 24.3026 32.272C24.7552 32.272 25.0583 32.0497 25.2568 31.6514L26.1553 32.0563C25.8219 32.8279 25.1774 33.1772 24.3026 33.1772C23.0785 33.1772 22.2355 32.3025 22.2355 31.0625V31.0651Z" fill="black"></path><path d="M30.5874 31.3827H27.5581C27.6693 32.0113 28.1153 32.3051 28.6473 32.3051C29.1316 32.3051 29.4109 32.0907 29.6808 31.7083L30.5159 32.1609C30.1348 32.7736 29.5617 33.1786 28.5917 33.1786C27.2167 33.1786 26.5484 32.0894 26.5484 31.0638C26.5484 30.0382 27.2723 28.949 28.5838 28.949C29.8952 28.949 30.5874 29.9667 30.5874 30.9765V31.3814V31.3827ZM29.5776 30.6033C29.5062 30.1586 29.1409 29.8079 28.5838 29.8079C28.1391 29.8079 27.7408 30.0938 27.5978 30.6033H29.5776V30.6033Z" fill="black"></path><path d="M31.0294 32.2416L31.7374 31.6448C31.9677 32.0577 32.2866 32.3051 32.7551 32.3051C33.0965 32.3051 33.3281 32.1463 33.3281 31.8922C33.3281 31.6381 33.0105 31.4952 32.4613 31.343C31.785 31.1604 31.253 30.7713 31.253 30.1507C31.253 29.4665 31.8975 28.9503 32.7154 28.9503C33.4472 28.9503 33.876 29.3156 34.1142 29.7139L33.4776 30.2631C33.2553 29.9058 32.9602 29.7933 32.7061 29.7933C32.3726 29.7933 32.1728 29.9442 32.1728 30.1189C32.1728 30.365 32.3951 30.4762 33.0634 30.6522C33.7397 30.8269 34.2796 31.1855 34.2796 31.8922C34.2796 32.5989 33.7225 33.1799 32.6902 33.1799C31.9028 33.1799 31.3311 32.8464 31.0281 32.2416H31.0294Z" fill="black"></path><path d="M23.5046 47.8549H24.2007C24.3979 47.8549 24.4045 47.8443 24.3609 47.6498C24.2643 47.2263 24.1796 46.8015 24.0724 46.382C24.0155 46.161 24.0287 46.0207 24.2391 45.8579C24.7473 45.4675 24.7658 44.7013 24.3212 44.2315C23.8792 43.7643 23.1288 43.763 22.6855 44.2275C22.2395 44.696 22.2514 45.4636 22.7609 45.854C22.9898 46.0286 22.9925 46.1822 22.9237 46.4018C22.9171 46.423 22.9118 46.4429 22.9078 46.464C22.8165 46.8743 22.7238 47.2859 22.6339 47.6961C22.6021 47.8443 22.614 47.8562 22.7715 47.8562C23.0163 47.8562 23.2611 47.8562 23.506 47.8562M23.4954 41.1361C24.2179 41.1361 24.9392 41.1334 25.6604 41.1374C25.7689 41.1374 25.8166 41.1096 25.8139 40.9932C25.8086 40.62 25.8139 40.2454 25.81 39.8723C25.806 39.5771 25.7517 39.29 25.634 39.0187C25.1602 37.9229 24.0406 37.3803 22.88 37.6807C22.0357 37.8991 21.329 38.668 21.2337 39.5374C21.1808 40.0139 21.2072 40.4982 21.1914 40.9786C21.1874 41.1056 21.235 41.1387 21.3568 41.1387C22.0701 41.1334 22.7834 41.1361 23.4967 41.1361M23.4967 50.6023C22.217 50.6023 20.9359 50.6023 19.6562 50.6023C18.6849 50.6023 17.9186 50.0041 17.699 49.0592C17.6619 48.903 17.654 48.735 17.654 48.5735C17.6513 46.7856 17.6566 44.9977 17.65 43.2112C17.6473 42.4899 17.9028 41.9037 18.4943 41.4815C18.8132 41.2539 19.1758 41.1427 19.5689 41.1374C19.7396 41.1348 19.7383 41.1321 19.7396 40.9627C19.7436 40.5035 19.7198 40.0403 19.7595 39.5851C19.9408 37.4822 21.7631 35.9683 23.862 36.1549C25.7584 36.3243 27.2578 37.96 27.2617 39.867C27.2617 40.2282 27.2617 40.5895 27.2617 40.9495C27.2617 41.1321 27.2617 41.1308 27.4457 41.1387C28.2159 41.1731 28.7796 41.5357 29.1436 42.212C29.3024 42.5071 29.3513 42.8274 29.3513 43.1595C29.3513 44.9779 29.3553 46.7949 29.3513 48.6132C29.3487 49.5965 28.732 50.3601 27.7845 50.5639C27.6429 50.5943 27.4946 50.6023 27.3491 50.6023C26.0641 50.6049 24.7804 50.6036 23.4954 50.6036" fill="black"></path></svg><p class="styled__StyledBodyText-sc-119w3hf-5 ggtTyf styled__DarkGreyBodyText-sc-9yzfq2-2 lmkdDf">Low Everyday Price</p></div></div></div></div></div></div></div></li><li class="product-list--list-item"><div class="styles__StyledVerticalTileWrapper-dvv1wj-0 dtCNPH"><div data-auto="product-tile" data-auto-type="Quantity" data-auto-available="true" data-auto-is-restricted-disabled="false" data-auto-is-substitute="false" class="styles__StyledVerticalTile-dvv1wj-1 gSCsYK"><div class="styles__StyledTileContentWrapper-dvv1wj-2 bkNhNP beans"><div id="tile-305732767" data-auto-id="305732767" class="styles__StyledTiledContent-dvv1wj-3 bcglTg"><a href="https://www.tesco.com/groceries/en-GB/products/305732767" aria-hidden="true" class="product-image-wrapper" tabindex="1"><div class="product-image__container"><picture><img class="styled__Image-sjvkdn-0 bJErKA product-image beans-responsive-image__image" src="data:image/gif;base64,R0lGODlhAQABAAAAACH5BAEKAAEALAAAAAABAAEAAAICTAEAOw==" srcset="https://digitalcontent.api.tesco.com/v2/media/ghs/4edf7717-40c5-4c7b-8144-0c4275d56003/a427ae77-7cef-4b8d-9489-5f96729428a2_1897935188.jpeg?h=225&amp;w=225 768w, data:image/gif;base64,R0lGODlhAQABAAAAACH5BAEKAAEALAAAAAABAAEAAAICTAEAOw== 4000w" alt="Tesco Luxury Soft Coconut Oil 40 Flushable Wipes"></picture></div></a><div class="product-details--wrapper"><h3 class="styles__H3-oa5soe-0 bCKNNq"><a href="https://www.tesco.com/groceries/en-GB/products/305732767" class="styled__Anchor-sc-1xbujuz-0 csVOnh beans-link__anchor" data-auto="product-tile--title"><span class="styled__Text-sc-1xbujuz-1 ldbwMG beans-link__text">Tesco Luxury Soft Coconut Oil 40 Flushable Wipes</span></a></h3><div class="styles__StyledPromotionsAboveMobile-dvv1wj-7 iPTMuo"></div><div class="styles__StyledProductDetailsContent-dvv1wj-5 ddRSrq"><a href="https://www.tesco.com/groceries/en-GB/reviews/submission/305732767?from=%2Fshop%2Fhealth-and-beauty%2Fall" aria-label="Write a review for Tesco Luxury Soft Coconut Oil 40 Flushable Wipes" class="styled__Anchor-sc-1xbujuz-0 jSzuDt write-a-review-link beans-link__anchor" data-auto="review-link"><span class="styled__Text-sc-1xbujuz-1 fyDIEo beans-link__text">Write a review</span><span class="styled__IconContainer-sc-1xbujuz-2 bSauSL beans-link__icon-container"><svg aria-hidden="true" class="styled__SVG-xxa4wh-1 hQMCqc beans-link__icon beans-icon__svg" height="13.33" preserveAspectRatio="xMinYMax meet" viewBox="-1 0 12 20" width="8" xmlns="http://www.w3.org/2000/svg" color="currentColor"><path d="M1.312 1.348L10.276 10l-8.964 8.644" fill="none" stroke="currentColor"></path></svg></span></a><div><a href="https://www.tesco.com/groceries/en-GB/shop/household/toilet-roll/moist-toilet-tissue/moist-toilet-wipes-single-pack" class="styled__Anchor-sc-1xbujuz-0 jSzuDt rest-of-shelf-link beans-link__anchor" data-auto="rest-of-shelf-link"><span class="styled__Text-sc-1xbujuz-1 fyDIEo beans-link__text">Rest of <span class="visually-hidden">Moist Toilet Wipes Single Pack</span> shelf</span><span class="styled__IconContainer-sc-1xbujuz-2 bSauSL beans-link__icon-container"><svg aria-hidden="true" class="styled__SVG-xxa4wh-1 hQMCqc beans-link__icon beans-icon__svg" height="13.33" preserveAspectRatio="xMinYMax meet" viewBox="-1 0 12 20" width="8" xmlns="http://www.w3.org/2000/svg" color="currentColor"><path d="M1.312 1.348L10.276 10l-8.964 8.644" fill="none" stroke="currentColor"></path></svg></span></a></div><div class="product-info-message-section"><div class="product-info-message-list"></div></div></div><div class="styles__StyledBuyBoxWrapper-dvv1wj-4 dSvjUC"><div class="styles__StyledBuyBoxContainer-sc-1wx0qp6-0 erryje" data-auto="buybox-container"><div class="styles__SafeFormWrapper-jtpu2t-0 lcrYKS"><form action="https://www.tesco.com/groceries/en-GB/trolley/items/305732767?_method=PUT" method="POST"><input type="submit" class="hidden"><input name="id" type="hidden" value="305732767"><input name="identifier" type="hidden" value="Page"><input name="anchorId" type="hidden" value="#tile-305732767"><input name="returnUrl" type="hidden" value="/groceries/en-GB/shop/health-and-beauty/all?redirectIfUnavailable=true#tile-305732767"><input name="backToUrl" type="hidden" value="#"><input name="oldValue" type="hidden" value="0"><input name="oldUnitChoice" type="hidden" value="pcs"><input name="newUnitChoice" type="hidden" value="pcs"><div class="base-components__RootElement-sc-1mosoyj-1 styled__Container-sc-6nhkzi-0 jptQqM hSNpTb beans-buybox__container"><div class="base-components__BaseElement-sc-1mosoyj-0 styled__PriceAndActions-sc-6nhkzi-3 oznwo eEPLov beans-buybox__price-and-actions"><div class="base-components__RootElement-sc-1mosoyj-1 styled__Container-sc-8qlq5b-0 jptQqM bgZrjw styled__StyledPrice-sc-6nhkzi-5 iYHeik beans-buybox__price beans-price__container"><p class="styled__StyledHeading-sc-119w3hf-2 jWPEtj styled__Text-sc-8qlq5b-1 lnaeiZ beans-price__text">£0.65</p><p class="styled__StyledFootnote-sc-119w3hf-7 icrlVF styled__Subtext-sc-8qlq5b-2 bNJmdc beans-price__subtext">£1.63/100sht</p></div><div class="base-components__RootElement-sc-1mosoyj-1 styled__Container-vtxwzb-0 jptQqM bDFhXJ beans-buybox__actions beans-quantity-controls__container"><div class="base-components__RootElement-sc-1mosoyj-1 styled__Container-sc-16t2b2a-0 jptQqM PUfgZ styled__StyledFormGroup-vtxwzb-1 kzKuAr beans-quantity-controls__form-group beans-form-group__container"><label class="styled__StyledLabel-sc-1ttuvhr-0 izGEjV beans-form-group__label beans-label" for="quantity-controls-305732767">Quantity controls </label><div class="base-components__BaseElement-sc-1mosoyj-0 styled__Children-sc-16t2b2a-3 oznwo gdJvjO beans-form-group__children"><div class="styled__StyledQuantityControlWrapper-vtxwzb-6 LCxOg"><label id="quantity-controls-305732767-label" class="styled__VisuallyHiddenLabel-vtxwzb-7 gXlLiM">Quantity of Tesco Luxury Soft Coconut Oil 40 Flushable Wipes</label><div class="component__Wrapper-sc-1kpmik-3 dReplG input-wrapper"><input class="base-components__RootElement-sc-1mosoyj-1 styled__StyledInput-sc-1jd5f57-0 component__StyledAsInput-sc-1kpmik-4 jptQqM eJLlow styled__StyledInput-vtxwzb-3 lwMHo beans-quantity-controls__input beans-input" data-auto="beans-quantity-controls-input" autocomplete="off" id="quantity-controls-305732767" maxlength="2" name="newValue" type="number" aria-labelledby="quantity-controls-305732767-label" value="1"></div></div><button class="styled__BaseButton-rsekm1-0 styled__PrimaryButton-rsekm1-2 jChbeY geeWOF styled__StyledButton-vtxwzb-5 japAxb beans-quantity-controls__add-button beans-button__container" type="submit" data-auto="beans-quantity-controls-add-button" aria-label="Quantity of Tesco Luxury Soft Coconut Oil 40 Flushable Wipes"><span class="base-components__BaseElement-sc-1mosoyj-0 styled__InnerContainer-rsekm1-1 oznwo fuFres beans-button__inner-container"><span class="base-components__BaseElement-sc-1mosoyj-0 styled__TextSpan-rsekm1-4 oznwo GDiMp beans-button__text">Add</span></span></button></div></div></div></div></div><input name="_csrf" type="hidden" value="0WbpBJF9-cS-fAMl-ByHnl5hECj1JaZiBQ20"></form></div></div></div></div><div class="hidden-medium product-info-section-small"><div class="product-info-message-list"></div></div></div></div></div></div></li><li class="product-list--list-item"><div class="styles__StyledVerticalTileWrapper-dvv1wj-0 dtCNPH"><div data-auto="product-tile" data-auto-type="Quantity" data-auto-available="true" data-auto-is-restricted-disabled="false" data-auto-is-substitute="false" class="styles__StyledVerticalTile-dvv1wj-1 gSCsYK"><div class="styles__StyledTileContentWrapper-dvv1wj-2 bkNhNP beans"><div id="tile-253576247" data-auto-id="253576247" class="styles__StyledTiledContent-dvv1wj-3 bcglTg"><a href="https://www.tesco.com/groceries/en-GB/products/253576247" aria-hidden="true" class="product-image-wrapper" tabindex="1"><div class="product-image__container"><picture><img class="styled__Image-sjvkdn-0 bJErKA product-image beans-responsive-image__image" src="data:image/gif;base64,R0lGODlhAQABAAAAACH5BAEKAAEALAAAAAABAAEAAAICTAEAOw==" srcset="https://digitalcontent.api.tesco.com/v2/media/ghs/91bc9a4c-3826-4c63-ab60-2cd8188404bb/49bee7e0-c198-4c12-be60-28c799ec5cd5_1159130909.jpeg?h=225&amp;w=225 768w, data:image/gif;base64,R0lGODlhAQABAAAAACH5BAEKAAEALAAAAAABAAEAAAICTAEAOw== 4000w" alt="Oral-B Pro- Expert Professional Protect Toothpaste 75Ml"></picture></div></a><div class="product-details--wrapper"><h3 class="styles__H3-oa5soe-0 bCKNNq"><a href="https://www.tesco.com/groceries/en-GB/products/253576247" class="styled__Anchor-sc-1xbujuz-0 csVOnh beans-link__anchor" data-auto="product-tile--title"><span class="styled__Text-sc-1xbujuz-1 ldbwMG beans-link__text">Oral-B Pro- Expert Professional Protect Toothpaste 75Ml</span></a></h3><div class="styles__StyledPromotionsAboveMobile-dvv1wj-7 iPTMuo"></div><div class="styles__StyledProductDetailsContent-dvv1wj-5 ddRSrq"><a href="https://www.tesco.com/groceries/en-GB/reviews/submission/253576247?from=%2Fshop%2Fhealth-and-beauty%2Fall" aria-label="Write a review for Oral-B Pro- Expert Professional Protect Toothpaste 75Ml" class="styled__Anchor-sc-1xbujuz-0 jSzuDt write-a-review-link beans-link__anchor" data-auto="review-link"><span class="styled__Text-sc-1xbujuz-1 fyDIEo beans-link__text">Write a review</span><span class="styled__IconContainer-sc-1xbujuz-2 bSauSL beans-link__icon-container"><svg aria-hidden="true" class="styled__SVG-xxa4wh-1 hQMCqc beans-link__icon beans-icon__svg" height="13.33" preserveAspectRatio="xMinYMax meet" viewBox="-1 0 12 20" width="8" xmlns="http://www.w3.org/2000/svg" color="currentColor"><path d="M1.312 1.348L10.276 10l-8.964 8.644" fill="none" stroke="currentColor"></path></svg></span></a><div><a href="https://www.tesco.com/groceries/en-GB/shop/health-and-beauty/toothpaste-mouthwash-and-toothbrush/toothpaste/regular-toothpaste" class="styled__Anchor-sc-1xbujuz-0 jSzuDt rest-of-shelf-link beans-link__anchor" data-auto="rest-of-shelf-link"><span class="styled__Text-sc-1xbujuz-1 fyDIEo beans-link__text">Rest of <span class="visually-hidden">Regular Toothpaste</span> shelf</span><span class="styled__IconContainer-sc-1xbujuz-2 bSauSL beans-link__icon-container"><svg aria-hidden="true" class="styled__SVG-xxa4wh-1 hQMCqc beans-link__icon beans-icon__svg" height="13.33" preserveAspectRatio="xMinYMax meet" viewBox="-1 0 12 20" width="8" xmlns="http://www.w3.org/2000/svg" color="currentColor"><path d="M1.312 1.348L10.276 10l-8.964 8.644" fill="none" stroke="currentColor"></path></svg></span></a></div><div class="product-info-message-section"><div class="product-info-message-list"><div class="styled__WhiteBackground-sc-9yzfq2-1 jthPIJ"><svg width="56" height="61" viewBox="0 0 56 61" fill="none" xmlns="http://www.w3.org/2000/svg"><path d="M30.8759 45.8182C40.0086 42.7996 46.6572 34.3312 46.9801 24.2629H47V23.502V22.7397H46.9801C46.5765 10.112 36.2237 0 23.4993 0C10.5209 0 0 10.5209 0 23.4993C0 33.8972 6.75323 42.7162 16.1109 45.8142L16.1294 42.8684C13.3741 41.8189 10.9007 40.1978 8.8508 38.1492C5.099 34.3961 2.78308 29.2256 2.78308 23.4993C2.78308 17.7744 5.10032 12.6039 8.8508 8.84947C12.6039 5.09768 17.7744 2.78175 23.5007 2.78175C29.2256 2.78175 34.3961 5.09768 38.1505 8.84947C41.9023 12.6026 44.2182 17.7731 44.2182 23.4993C44.2182 29.2256 41.901 34.3948 38.1505 38.1492C36.1033 40.1952 33.6338 41.815 30.8838 42.8644L30.8772 45.8182H30.8759Z" fill="#EE1C2E"></path><path d="M9.82217 16.0368C10.5434 14.6962 11.4566 13.472 12.5245 12.4041C15.3354 9.59453 19.2116 7.85825 23.4994 7.85825C27.7871 7.85825 31.6633 9.59453 34.4742 12.4041C35.5435 13.4734 36.4553 14.6962 37.1765 16.0368H38.6256C35.8995 10.4309 30.1507 6.56662 23.498 6.56662C16.8454 6.56662 11.0966 10.4309 8.37042 16.0368H9.81952H9.82217Z" fill="black"></path><path d="M38.2419 28.245C37.4743 30.5728 36.1694 32.6571 34.4742 34.3537C32.8385 35.9881 30.8428 37.2599 28.6142 38.038C28.605 38.0407 28.5825 38.0394 28.5878 38.0473C28.773 38.3278 28.7836 39.3429 28.7836 39.3429C33.9567 37.6318 38.0142 33.4763 39.593 28.245H38.2419Z" fill="black"></path><path d="M12.5245 34.3537C10.4322 32.2601 8.9355 29.5763 8.30822 26.5722H6.99409C8.14941 32.5791 12.4994 37.4491 18.2085 39.3416C18.2111 39.3416 18.2177 39.3482 18.2177 39.3442C18.2627 38.2286 18.3898 38.0394 18.3898 38.0394C18.3818 38.0367 18.3726 38.0341 18.3646 38.0301C16.144 37.2519 14.1536 35.9828 12.5232 34.3524L12.5245 34.3537Z" fill="black"></path><path d="M17.6645 15.8727H20.1062V16.8335H16.623V11.2289H17.6645V15.8727Z" fill="black"></path><path d="M20.527 13.6745C20.7031 13.3516 20.9532 13.0975 21.2761 12.9136C21.599 12.7296 21.9682 12.637 22.3851 12.637C22.8019 12.637 23.1712 12.7296 23.4941 12.9136C23.817 13.0975 24.0658 13.3516 24.2431 13.6745C24.4191 13.9974 24.5065 14.3614 24.5065 14.7676C24.5065 15.1739 24.4191 15.5379 24.2431 15.8608C24.0671 16.1837 23.817 16.4364 23.4941 16.6217C23.1712 16.8057 22.8019 16.897 22.3851 16.897C21.9682 16.897 21.599 16.8057 21.2761 16.6217C20.9532 16.4378 20.7031 16.1837 20.527 15.8608C20.351 15.5379 20.2637 15.1739 20.2637 14.7676C20.2637 14.3614 20.351 13.9974 20.527 13.6745ZM21.5805 15.6477C21.7856 15.8727 22.0542 15.9838 22.3851 15.9838C22.7159 15.9838 22.9846 15.8713 23.1897 15.6477C23.3948 15.424 23.498 15.1303 23.498 14.7676C23.498 14.405 23.3948 14.1112 23.1897 13.8876C22.9846 13.6639 22.7159 13.5515 22.3851 13.5515C22.0542 13.5515 21.7856 13.6639 21.5805 13.8876C21.3753 14.1112 21.2721 14.405 21.2721 14.7676C21.2721 15.1303 21.3753 15.424 21.5805 15.6477Z" fill="black"></path><path d="M29.1687 16.8334H28.208L27.5119 14.1271L26.8158 16.8334H25.855L24.566 12.7018H25.5347L26.3182 15.4082L27.0315 12.7018H27.9923L28.7056 15.4082L29.489 12.7018H30.4577L29.1687 16.8334Z" fill="black"></path><path d="M8.61654 18.931H5.58202V20.4026H8.01572V21.6042H5.58202V23.5377H8.71579V24.738H4.27981V17.7294H8.61654V18.931Z" fill="black"></path><path d="M8.73168 19.5715H9.9836L11.2051 23.0269L12.4266 19.5715H13.6785L11.7662 24.738H10.644L8.73168 19.5715Z" fill="black"></path><path d="M18.7126 22.5558H14.8973C14.9635 22.9369 15.121 23.2254 15.3684 23.4226C15.6159 23.6198 15.9163 23.7177 16.2697 23.7177C16.5635 23.7177 16.8083 23.6555 17.0055 23.5324C17.2027 23.4093 17.3906 23.2201 17.5719 22.966L18.6226 23.5377C18.3686 23.9519 18.047 24.2682 17.6566 24.4892C17.2662 24.7089 16.7805 24.8201 16.1995 24.8201C15.6517 24.8201 15.1832 24.6917 14.7928 24.435C14.4024 24.1782 14.1099 23.8461 13.9167 23.4385C13.7235 23.0322 13.6269 22.6047 13.6269 22.1574C13.6269 21.7101 13.7288 21.2827 13.9326 20.8764C14.1364 20.4688 14.4315 20.1366 14.8192 19.8799C15.207 19.6231 15.6636 19.4948 16.1916 19.4948C16.7196 19.4948 17.1828 19.6152 17.5626 19.8547C17.9438 20.0956 18.2296 20.4106 18.4241 20.801C18.6174 21.1914 18.714 21.6069 18.714 22.0476V22.5584L18.7126 22.5558ZM17.4409 21.5751C17.3945 21.2813 17.2582 21.0418 17.0346 20.8539C16.8109 20.6673 16.5291 20.5733 16.1889 20.5733C15.9018 20.5733 15.645 20.662 15.4174 20.838C15.1911 21.0153 15.0336 21.2602 14.9463 21.5738H17.4395L17.4409 21.5751Z" fill="black"></path><path d="M19.3849 19.5715H20.6263V20.3523C20.7732 20.0718 20.9809 19.8587 21.2469 19.7118C21.5142 19.5649 21.8107 19.4921 22.1376 19.4921C22.4644 19.4921 22.745 19.5689 22.9382 19.7224L22.5174 20.7732C22.344 20.6805 22.1601 20.6329 21.9668 20.6329C21.5791 20.6329 21.2588 20.7996 21.0061 21.1331C20.752 21.4666 20.6249 21.9814 20.6249 22.6749V24.738H19.3836V19.5715H19.3849Z" fill="black"></path><path d="M24.8518 24.4178L22.9792 19.5715H24.2312L25.4434 22.8562L26.5841 19.5715H27.8255L25.1827 26.7813H23.981L24.8518 24.4178Z" fill="black"></path><path d="M28.8074 24.4786C28.4607 24.251 28.1881 23.9347 27.9909 23.5271C27.7937 23.1195 27.6958 22.663 27.6958 22.1548C27.6958 21.6466 27.7911 21.1821 27.9816 20.7785C28.1722 20.3748 28.4369 20.0585 28.7783 19.8322C29.1184 19.6059 29.5088 19.4921 29.9495 19.4921C30.2962 19.4921 30.6006 19.5543 30.86 19.6774C31.1207 19.8005 31.3205 19.9765 31.4608 20.2028V17.65H32.7021V24.7393H31.4608V24.1187C31.3139 24.3251 31.1141 24.4945 30.86 24.6242C30.6059 24.7539 30.3055 24.8201 29.9588 24.8201C29.5379 24.8201 29.1541 24.7063 28.8074 24.48V24.4786ZM31.1763 23.2664C31.4198 22.9925 31.5415 22.6219 31.5415 22.1548C31.5415 21.6876 31.4198 21.3171 31.1763 21.0431C30.9328 20.7692 30.6271 20.6329 30.2605 20.6329C29.8939 20.6329 29.5882 20.7705 29.3447 21.0431C29.1012 21.3171 28.9795 21.6876 28.9795 22.1548C28.9795 22.6219 29.1012 22.9925 29.3447 23.2664C29.5882 23.5404 29.8939 23.6767 30.2605 23.6767C30.6271 23.6767 30.9328 23.5404 31.1763 23.2664Z" fill="black"></path><path d="M34.2624 24.6388C33.9951 24.5183 33.782 24.3437 33.6219 24.1134C33.4618 23.8831 33.3824 23.6079 33.3824 23.2876C33.3824 22.7807 33.5729 22.3718 33.9527 22.0608C34.3339 21.7511 34.8473 21.595 35.4945 21.595H36.6061V21.415C36.6061 21.1543 36.5161 20.9465 36.3361 20.789C36.1562 20.6329 35.9127 20.5535 35.6056 20.5535C35.3582 20.5535 35.1345 20.6183 34.9347 20.7493C34.7349 20.879 34.584 21.0312 34.4834 21.2046L33.5319 20.6342C33.7119 20.3073 33.9792 20.0347 34.3325 19.8177C34.6859 19.6006 35.1094 19.4921 35.6043 19.4921C36.3123 19.4921 36.8629 19.6615 37.2559 20.003C37.6503 20.3431 37.8461 20.834 37.8461 21.4746V24.7393H36.8245L36.6538 24.079C36.487 24.3066 36.2753 24.4866 36.0172 24.6189C35.7605 24.7526 35.4574 24.8187 35.1107 24.8187C34.8103 24.8187 34.5271 24.7592 34.2598 24.6388H34.2624ZM36.2607 23.457C36.491 23.2572 36.6061 23.0097 36.6061 22.7159V22.5756H35.6255C35.3383 22.5756 35.1094 22.6312 34.94 22.741C34.7693 22.8509 34.6846 23.0031 34.6846 23.1963C34.6846 23.3763 34.7468 23.5152 34.8698 23.6118C34.9929 23.7084 35.1755 23.7574 35.4151 23.7574C35.7486 23.7574 36.0304 23.6568 36.2607 23.457V23.457Z" fill="black"></path><path d="M39.7571 24.4178L37.8845 19.5715H39.1364L40.3473 22.8562L41.4894 19.5715H42.7308L40.088 26.7813H38.8863L39.7571 24.4178Z" fill="black"></path><path d="M13.652 33.1164H12.6185V27.5515H14.6618C15.7985 27.5515 16.4589 28.3072 16.4589 29.2772C16.4589 30.2473 15.7985 31.0029 14.6618 31.0029H13.652V33.1177V33.1164ZM15.4095 29.2759C15.4095 28.7505 15.076 28.5044 14.5824 28.5044H13.652V30.0461H14.5824C15.0747 30.0461 15.4095 29.8 15.4095 29.2746V29.2759Z" fill="black"></path><path d="M17.0981 29.0139H18.084V29.6345C18.3222 29.1899 18.7682 28.9503 19.2843 28.9503C19.5464 28.9503 19.7687 29.0139 19.9209 29.133L19.5874 29.968C19.4524 29.8966 19.3095 29.8569 19.1507 29.8569C18.5856 29.8569 18.0854 30.3015 18.0854 31.4793V33.1177H17.0994V29.0152L17.0981 29.0139Z" fill="black"></path><path d="M20.9703 27.312C21.3356 27.312 21.6069 27.5899 21.6069 27.9485C21.6069 28.3072 21.3369 28.5851 20.9703 28.5851C20.6038 28.5851 20.3338 28.3072 20.3338 27.9485C20.3338 27.5899 20.6038 27.312 20.9703 27.312ZM21.4626 33.1164H20.4767V29.0139H21.4626V33.1164Z" fill="black"></path><path d="M22.2355 31.0651C22.2355 29.8251 23.0785 28.9503 24.3026 28.9503C25.1774 28.9503 25.8205 29.2997 26.1553 30.0713L25.2568 30.4762C25.0583 30.0792 24.7565 29.8555 24.3026 29.8555C23.6899 29.8555 23.2373 30.3399 23.2373 31.0638C23.2373 31.7877 23.6899 32.272 24.3026 32.272C24.7552 32.272 25.0583 32.0497 25.2568 31.6514L26.1553 32.0563C25.8219 32.8279 25.1774 33.1772 24.3026 33.1772C23.0785 33.1772 22.2355 32.3025 22.2355 31.0625V31.0651Z" fill="black"></path><path d="M30.5874 31.3827H27.5581C27.6693 32.0113 28.1153 32.3051 28.6473 32.3051C29.1316 32.3051 29.4109 32.0907 29.6808 31.7083L30.5159 32.1609C30.1348 32.7736 29.5617 33.1786 28.5917 33.1786C27.2167 33.1786 26.5484 32.0894 26.5484 31.0638C26.5484 30.0382 27.2723 28.949 28.5838 28.949C29.8952 28.949 30.5874 29.9667 30.5874 30.9765V31.3814V31.3827ZM29.5776 30.6033C29.5062 30.1586 29.1409 29.8079 28.5838 29.8079C28.1391 29.8079 27.7408 30.0938 27.5978 30.6033H29.5776V30.6033Z" fill="black"></path><path d="M31.0294 32.2416L31.7374 31.6448C31.9677 32.0577 32.2866 32.3051 32.7551 32.3051C33.0965 32.3051 33.3281 32.1463 33.3281 31.8922C33.3281 31.6381 33.0105 31.4952 32.4613 31.343C31.785 31.1604 31.253 30.7713 31.253 30.1507C31.253 29.4665 31.8975 28.9503 32.7154 28.9503C33.4472 28.9503 33.876 29.3156 34.1142 29.7139L33.4776 30.2631C33.2553 29.9058 32.9602 29.7933 32.7061 29.7933C32.3726 29.7933 32.1728 29.9442 32.1728 30.1189C32.1728 30.365 32.3951 30.4762 33.0634 30.6522C33.7397 30.8269 34.2796 31.1855 34.2796 31.8922C34.2796 32.5989 33.7225 33.1799 32.6902 33.1799C31.9028 33.1799 31.3311 32.8464 31.0281 32.2416H31.0294Z" fill="black"></path><path d="M23.5046 47.8549H24.2007C24.3979 47.8549 24.4045 47.8443 24.3609 47.6498C24.2643 47.2263 24.1796 46.8015 24.0724 46.382C24.0155 46.161 24.0287 46.0207 24.2391 45.8579C24.7473 45.4675 24.7658 44.7013 24.3212 44.2315C23.8792 43.7643 23.1288 43.763 22.6855 44.2275C22.2395 44.696 22.2514 45.4636 22.7609 45.854C22.9898 46.0286 22.9925 46.1822 22.9237 46.4018C22.9171 46.423 22.9118 46.4429 22.9078 46.464C22.8165 46.8743 22.7238 47.2859 22.6339 47.6961C22.6021 47.8443 22.614 47.8562 22.7715 47.8562C23.0163 47.8562 23.2611 47.8562 23.506 47.8562M23.4954 41.1361C24.2179 41.1361 24.9392 41.1334 25.6604 41.1374C25.7689 41.1374 25.8166 41.1096 25.8139 40.9932C25.8086 40.62 25.8139 40.2454 25.81 39.8723C25.806 39.5771 25.7517 39.29 25.634 39.0187C25.1602 37.9229 24.0406 37.3803 22.88 37.6807C22.0357 37.8991 21.329 38.668 21.2337 39.5374C21.1808 40.0139 21.2072 40.4982 21.1914 40.9786C21.1874 41.1056 21.235 41.1387 21.3568 41.1387C22.0701 41.1334 22.7834 41.1361 23.4967 41.1361M23.4967 50.6023C22.217 50.6023 20.9359 50.6023 19.6562 50.6023C18.6849 50.6023 17.9186 50.0041 17.699 49.0592C17.6619 48.903 17.654 48.735 17.654 48.5735C17.6513 46.7856 17.6566 44.9977 17.65 43.2112C17.6473 42.4899 17.9028 41.9037 18.4943 41.4815C18.8132 41.2539 19.1758 41.1427 19.5689 41.1374C19.7396 41.1348 19.7383 41.1321 19.7396 40.9627C19.7436 40.5035 19.7198 40.0403 19.7595 39.5851C19.9408 37.4822 21.7631 35.9683 23.862 36.1549C25.7584 36.3243 27.2578 37.96 27.2617 39.867C27.2617 40.2282 27.2617 40.5895 27.2617 40.9495C27.2617 41.1321 27.2617 41.1308 27.4457 41.1387C28.2159 41.1731 28.7796 41.5357 29.1436 42.212C29.3024 42.5071 29.3513 42.8274 29.3513 43.1595C29.3513 44.9779 29.3553 46.7949 29.3513 48.6132C29.3487 49.5965 28.732 50.3601 27.7845 50.5639C27.6429 50.5943 27.4946 50.6023 27.3491 50.6023C26.0641 50.6049 24.7804 50.6036 23.4954 50.6036" fill="black"></path></svg><p class="styled__StyledBodyText-sc-119w3hf-5 ggtTyf styled__DarkGreyBodyText-sc-9yzfq2-2 lmkdDf">Low Everyday Price</p></div></div></div></div><div class="styles__StyledBuyBoxWrapper-dvv1wj-4 dSvjUC"><div class="styles__StyledBuyBoxContainer-sc-1wx0qp6-0 erryje" data-auto="buybox-container"><div class="styles__SafeFormWrapper-jtpu2t-0 lcrYKS"><form action="https://www.tesco.com/groceries/en-GB/trolley/items/253576247?_method=PUT" method="POST"><input type="submit" class="hidden"><input name="id" type="hidden" value="253576247"><input name="identifier" type="hidden" value="Page"><input name="anchorId" type="hidden" value="#tile-253576247"><input name="returnUrl" type="hidden" value="/groceries/en-GB/shop/health-and-beauty/all?redirectIfUnavailable=true#tile-253576247"><input name="backToUrl" type="hidden" value="#"><input name="oldValue" type="hidden" value="0"><input name="oldUnitChoice" type="hidden" value="pcs"><input name="newUnitChoice" type="hidden" value="pcs"><div class="base-components__RootElement-sc-1mosoyj-1 styled__Container-sc-6nhkzi-0 jptQqM hSNpTb beans-buybox__container"><div class="base-components__BaseElement-sc-1mosoyj-0 styled__PriceAndActions-sc-6nhkzi-3 oznwo eEPLov beans-buybox__price-and-actions"><div class="base-components__RootElement-sc-1mosoyj-1 styled__Container-sc-8qlq5b-0 jptQqM bgZrjw styled__StyledPrice-sc-6nhkzi-5 iYHeik beans-buybox__price beans-price__container"><p class="styled__StyledHeading-sc-119w3hf-2 jWPEtj styled__Text-sc-8qlq5b-1 lnaeiZ beans-price__text">£1.99</p><p class="styled__StyledFootnote-sc-119w3hf-7 icrlVF styled__Subtext-sc-8qlq5b-2 bNJmdc beans-price__subtext">£2.66/100ml</p></div><div class="base-components__RootElement-sc-1mosoyj-1 styled__Container-vtxwzb-0 jptQqM bDFhXJ beans-buybox__actions beans-quantity-controls__container"><div class="base-components__RootElement-sc-1mosoyj-1 styled__Container-sc-16t2b2a-0 jptQqM PUfgZ styled__StyledFormGroup-vtxwzb-1 kzKuAr beans-quantity-controls__form-group beans-form-group__container"><label class="styled__StyledLabel-sc-1ttuvhr-0 izGEjV beans-form-group__label beans-label" for="quantity-controls-253576247">Quantity controls </label><div class="base-components__BaseElement-sc-1mosoyj-0 styled__Children-sc-16t2b2a-3 oznwo gdJvjO beans-form-group__children"><div class="styled__StyledQuantityControlWrapper-vtxwzb-6 LCxOg"><label id="quantity-controls-253576247-label" class="styled__VisuallyHiddenLabel-vtxwzb-7 gXlLiM">Quantity of Oral-B Pro- Expert Professional Protect Toothpaste 75Ml</label><div class="component__Wrapper-sc-1kpmik-3 dReplG input-wrapper"><input class="base-components__RootElement-sc-1mosoyj-1 styled__StyledInput-sc-1jd5f57-0 component__StyledAsInput-sc-1kpmik-4 jptQqM eJLlow styled__StyledInput-vtxwzb-3 lwMHo beans-quantity-controls__input beans-input" data-auto="beans-quantity-controls-input" autocomplete="off" id="quantity-controls-253576247" maxlength="2" name="newValue" type="number" aria-labelledby="quantity-controls-253576247-label" value="1"></div></div><button class="styled__BaseButton-rsekm1-0 styled__PrimaryButton-rsekm1-2 jChbeY geeWOF styled__StyledButton-vtxwzb-5 japAxb beans-quantity-controls__add-button beans-button__container" type="submit" data-auto="beans-quantity-controls-add-button" aria-label="Quantity of Oral-B Pro- Expert Professional Protect Toothpaste 75Ml"><span class="base-components__BaseElement-sc-1mosoyj-0 styled__InnerContainer-rsekm1-1 oznwo fuFres beans-button__inner-container"><span class="base-components__BaseElement-sc-1mosoyj-0 styled__TextSpan-rsekm1-4 oznwo GDiMp beans-button__text">Add</span></span></button></div></div></div></div></div><input name="_csrf" type="hidden" value="0WbpBJF9-cS-fAMl-ByHnl5hECj1JaZiBQ20"></form></div></div></div></div><div class="hidden-medium product-info-section-small"><div class="product-info-message-list"><div class="styled__WhiteBackground-sc-9yzfq2-1 jthPIJ"><svg width="56" height="61" viewBox="0 0 56 61" fill="none" xmlns="http://www.w3.org/2000/svg"><path d="M30.8759 45.8182C40.0086 42.7996 46.6572 34.3312 46.9801 24.2629H47V23.502V22.7397H46.9801C46.5765 10.112 36.2237 0 23.4993 0C10.5209 0 0 10.5209 0 23.4993C0 33.8972 6.75323 42.7162 16.1109 45.8142L16.1294 42.8684C13.3741 41.8189 10.9007 40.1978 8.8508 38.1492C5.099 34.3961 2.78308 29.2256 2.78308 23.4993C2.78308 17.7744 5.10032 12.6039 8.8508 8.84947C12.6039 5.09768 17.7744 2.78175 23.5007 2.78175C29.2256 2.78175 34.3961 5.09768 38.1505 8.84947C41.9023 12.6026 44.2182 17.7731 44.2182 23.4993C44.2182 29.2256 41.901 34.3948 38.1505 38.1492C36.1033 40.1952 33.6338 41.815 30.8838 42.8644L30.8772 45.8182H30.8759Z" fill="#EE1C2E"></path><path d="M9.82217 16.0368C10.5434 14.6962 11.4566 13.472 12.5245 12.4041C15.3354 9.59453 19.2116 7.85825 23.4994 7.85825C27.7871 7.85825 31.6633 9.59453 34.4742 12.4041C35.5435 13.4734 36.4553 14.6962 37.1765 16.0368H38.6256C35.8995 10.4309 30.1507 6.56662 23.498 6.56662C16.8454 6.56662 11.0966 10.4309 8.37042 16.0368H9.81952H9.82217Z" fill="black"></path><path d="M38.2419 28.245C37.4743 30.5728 36.1694 32.6571 34.4742 34.3537C32.8385 35.9881 30.8428 37.2599 28.6142 38.038C28.605 38.0407 28.5825 38.0394 28.5878 38.0473C28.773 38.3278 28.7836 39.3429 28.7836 39.3429C33.9567 37.6318 38.0142 33.4763 39.593 28.245H38.2419Z" fill="black"></path><path d="M12.5245 34.3537C10.4322 32.2601 8.9355 29.5763 8.30822 26.5722H6.99409C8.14941 32.5791 12.4994 37.4491 18.2085 39.3416C18.2111 39.3416 18.2177 39.3482 18.2177 39.3442C18.2627 38.2286 18.3898 38.0394 18.3898 38.0394C18.3818 38.0367 18.3726 38.0341 18.3646 38.0301C16.144 37.2519 14.1536 35.9828 12.5232 34.3524L12.5245 34.3537Z" fill="black"></path><path d="M17.6645 15.8727H20.1062V16.8335H16.623V11.2289H17.6645V15.8727Z" fill="black"></path><path d="M20.527 13.6745C20.7031 13.3516 20.9532 13.0975 21.2761 12.9136C21.599 12.7296 21.9682 12.637 22.3851 12.637C22.8019 12.637 23.1712 12.7296 23.4941 12.9136C23.817 13.0975 24.0658 13.3516 24.2431 13.6745C24.4191 13.9974 24.5065 14.3614 24.5065 14.7676C24.5065 15.1739 24.4191 15.5379 24.2431 15.8608C24.0671 16.1837 23.817 16.4364 23.4941 16.6217C23.1712 16.8057 22.8019 16.897 22.3851 16.897C21.9682 16.897 21.599 16.8057 21.2761 16.6217C20.9532 16.4378 20.7031 16.1837 20.527 15.8608C20.351 15.5379 20.2637 15.1739 20.2637 14.7676C20.2637 14.3614 20.351 13.9974 20.527 13.6745ZM21.5805 15.6477C21.7856 15.8727 22.0542 15.9838 22.3851 15.9838C22.7159 15.9838 22.9846 15.8713 23.1897 15.6477C23.3948 15.424 23.498 15.1303 23.498 14.7676C23.498 14.405 23.3948 14.1112 23.1897 13.8876C22.9846 13.6639 22.7159 13.5515 22.3851 13.5515C22.0542 13.5515 21.7856 13.6639 21.5805 13.8876C21.3753 14.1112 21.2721 14.405 21.2721 14.7676C21.2721 15.1303 21.3753 15.424 21.5805 15.6477Z" fill="black"></path><path d="M29.1687 16.8334H28.208L27.5119 14.1271L26.8158 16.8334H25.855L24.566 12.7018H25.5347L26.3182 15.4082L27.0315 12.7018H27.9923L28.7056 15.4082L29.489 12.7018H30.4577L29.1687 16.8334Z" fill="black"></path><path d="M8.61654 18.931H5.58202V20.4026H8.01572V21.6042H5.58202V23.5377H8.71579V24.738H4.27981V17.7294H8.61654V18.931Z" fill="black"></path><path d="M8.73168 19.5715H9.9836L11.2051 23.0269L12.4266 19.5715H13.6785L11.7662 24.738H10.644L8.73168 19.5715Z" fill="black"></path><path d="M18.7126 22.5558H14.8973C14.9635 22.9369 15.121 23.2254 15.3684 23.4226C15.6159 23.6198 15.9163 23.7177 16.2697 23.7177C16.5635 23.7177 16.8083 23.6555 17.0055 23.5324C17.2027 23.4093 17.3906 23.2201 17.5719 22.966L18.6226 23.5377C18.3686 23.9519 18.047 24.2682 17.6566 24.4892C17.2662 24.7089 16.7805 24.8201 16.1995 24.8201C15.6517 24.8201 15.1832 24.6917 14.7928 24.435C14.4024 24.1782 14.1099 23.8461 13.9167 23.4385C13.7235 23.0322 13.6269 22.6047 13.6269 22.1574C13.6269 21.7101 13.7288 21.2827 13.9326 20.8764C14.1364 20.4688 14.4315 20.1366 14.8192 19.8799C15.207 19.6231 15.6636 19.4948 16.1916 19.4948C16.7196 19.4948 17.1828 19.6152 17.5626 19.8547C17.9438 20.0956 18.2296 20.4106 18.4241 20.801C18.6174 21.1914 18.714 21.6069 18.714 22.0476V22.5584L18.7126 22.5558ZM17.4409 21.5751C17.3945 21.2813 17.2582 21.0418 17.0346 20.8539C16.8109 20.6673 16.5291 20.5733 16.1889 20.5733C15.9018 20.5733 15.645 20.662 15.4174 20.838C15.1911 21.0153 15.0336 21.2602 14.9463 21.5738H17.4395L17.4409 21.5751Z" fill="black"></path><path d="M19.3849 19.5715H20.6263V20.3523C20.7732 20.0718 20.9809 19.8587 21.2469 19.7118C21.5142 19.5649 21.8107 19.4921 22.1376 19.4921C22.4644 19.4921 22.745 19.5689 22.9382 19.7224L22.5174 20.7732C22.344 20.6805 22.1601 20.6329 21.9668 20.6329C21.5791 20.6329 21.2588 20.7996 21.0061 21.1331C20.752 21.4666 20.6249 21.9814 20.6249 22.6749V24.738H19.3836V19.5715H19.3849Z" fill="black"></path><path d="M24.8518 24.4178L22.9792 19.5715H24.2312L25.4434 22.8562L26.5841 19.5715H27.8255L25.1827 26.7813H23.981L24.8518 24.4178Z" fill="black"></path><path d="M28.8074 24.4786C28.4607 24.251 28.1881 23.9347 27.9909 23.5271C27.7937 23.1195 27.6958 22.663 27.6958 22.1548C27.6958 21.6466 27.7911 21.1821 27.9816 20.7785C28.1722 20.3748 28.4369 20.0585 28.7783 19.8322C29.1184 19.6059 29.5088 19.4921 29.9495 19.4921C30.2962 19.4921 30.6006 19.5543 30.86 19.6774C31.1207 19.8005 31.3205 19.9765 31.4608 20.2028V17.65H32.7021V24.7393H31.4608V24.1187C31.3139 24.3251 31.1141 24.4945 30.86 24.6242C30.6059 24.7539 30.3055 24.8201 29.9588 24.8201C29.5379 24.8201 29.1541 24.7063 28.8074 24.48V24.4786ZM31.1763 23.2664C31.4198 22.9925 31.5415 22.6219 31.5415 22.1548C31.5415 21.6876 31.4198 21.3171 31.1763 21.0431C30.9328 20.7692 30.6271 20.6329 30.2605 20.6329C29.8939 20.6329 29.5882 20.7705 29.3447 21.0431C29.1012 21.3171 28.9795 21.6876 28.9795 22.1548C28.9795 22.6219 29.1012 22.9925 29.3447 23.2664C29.5882 23.5404 29.8939 23.6767 30.2605 23.6767C30.6271 23.6767 30.9328 23.5404 31.1763 23.2664Z" fill="black"></path><path d="M34.2624 24.6388C33.9951 24.5183 33.782 24.3437 33.6219 24.1134C33.4618 23.8831 33.3824 23.6079 33.3824 23.2876C33.3824 22.7807 33.5729 22.3718 33.9527 22.0608C34.3339 21.7511 34.8473 21.595 35.4945 21.595H36.6061V21.415C36.6061 21.1543 36.5161 20.9465 36.3361 20.789C36.1562 20.6329 35.9127 20.5535 35.6056 20.5535C35.3582 20.5535 35.1345 20.6183 34.9347 20.7493C34.7349 20.879 34.584 21.0312 34.4834 21.2046L33.5319 20.6342C33.7119 20.3073 33.9792 20.0347 34.3325 19.8177C34.6859 19.6006 35.1094 19.4921 35.6043 19.4921C36.3123 19.4921 36.8629 19.6615 37.2559 20.003C37.6503 20.3431 37.8461 20.834 37.8461 21.4746V24.7393H36.8245L36.6538 24.079C36.487 24.3066 36.2753 24.4866 36.0172 24.6189C35.7605 24.7526 35.4574 24.8187 35.1107 24.8187C34.8103 24.8187 34.5271 24.7592 34.2598 24.6388H34.2624ZM36.2607 23.457C36.491 23.2572 36.6061 23.0097 36.6061 22.7159V22.5756H35.6255C35.3383 22.5756 35.1094 22.6312 34.94 22.741C34.7693 22.8509 34.6846 23.0031 34.6846 23.1963C34.6846 23.3763 34.7468 23.5152 34.8698 23.6118C34.9929 23.7084 35.1755 23.7574 35.4151 23.7574C35.7486 23.7574 36.0304 23.6568 36.2607 23.457V23.457Z" fill="black"></path><path d="M39.7571 24.4178L37.8845 19.5715H39.1364L40.3473 22.8562L41.4894 19.5715H42.7308L40.088 26.7813H38.8863L39.7571 24.4178Z" fill="black"></path><path d="M13.652 33.1164H12.6185V27.5515H14.6618C15.7985 27.5515 16.4589 28.3072 16.4589 29.2772C16.4589 30.2473 15.7985 31.0029 14.6618 31.0029H13.652V33.1177V33.1164ZM15.4095 29.2759C15.4095 28.7505 15.076 28.5044 14.5824 28.5044H13.652V30.0461H14.5824C15.0747 30.0461 15.4095 29.8 15.4095 29.2746V29.2759Z" fill="black"></path><path d="M17.0981 29.0139H18.084V29.6345C18.3222 29.1899 18.7682 28.9503 19.2843 28.9503C19.5464 28.9503 19.7687 29.0139 19.9209 29.133L19.5874 29.968C19.4524 29.8966 19.3095 29.8569 19.1507 29.8569C18.5856 29.8569 18.0854 30.3015 18.0854 31.4793V33.1177H17.0994V29.0152L17.0981 29.0139Z" fill="black"></path><path d="M20.9703 27.312C21.3356 27.312 21.6069 27.5899 21.6069 27.9485C21.6069 28.3072 21.3369 28.5851 20.9703 28.5851C20.6038 28.5851 20.3338 28.3072 20.3338 27.9485C20.3338 27.5899 20.6038 27.312 20.9703 27.312ZM21.4626 33.1164H20.4767V29.0139H21.4626V33.1164Z" fill="black"></path><path d="M22.2355 31.0651C22.2355 29.8251 23.0785 28.9503 24.3026 28.9503C25.1774 28.9503 25.8205 29.2997 26.1553 30.0713L25.2568 30.4762C25.0583 30.0792 24.7565 29.8555 24.3026 29.8555C23.6899 29.8555 23.2373 30.3399 23.2373 31.0638C23.2373 31.7877 23.6899 32.272 24.3026 32.272C24.7552 32.272 25.0583 32.0497 25.2568 31.6514L26.1553 32.0563C25.8219 32.8279 25.1774 33.1772 24.3026 33.1772C23.0785 33.1772 22.2355 32.3025 22.2355 31.0625V31.0651Z" fill="black"></path><path d="M30.5874 31.3827H27.5581C27.6693 32.0113 28.1153 32.3051 28.6473 32.3051C29.1316 32.3051 29.4109 32.0907 29.6808 31.7083L30.5159 32.1609C30.1348 32.7736 29.5617 33.1786 28.5917 33.1786C27.2167 33.1786 26.5484 32.0894 26.5484 31.0638C26.5484 30.0382 27.2723 28.949 28.5838 28.949C29.8952 28.949 30.5874 29.9667 30.5874 30.9765V31.3814V31.3827ZM29.5776 30.6033C29.5062 30.1586 29.1409 29.8079 28.5838 29.8079C28.1391 29.8079 27.7408 30.0938 27.5978 30.6033H29.5776V30.6033Z" fill="black"></path><path d="M31.0294 32.2416L31.7374 31.6448C31.9677 32.0577 32.2866 32.3051 32.7551 32.3051C33.0965 32.3051 33.3281 32.1463 33.3281 31.8922C33.3281 31.6381 33.0105 31.4952 32.4613 31.343C31.785 31.1604 31.253 30.7713 31.253 30.1507C31.253 29.4665 31.8975 28.9503 32.7154 28.9503C33.4472 28.9503 33.876 29.3156 34.1142 29.7139L33.4776 30.2631C33.2553 29.9058 32.9602 29.7933 32.7061 29.7933C32.3726 29.7933 32.1728 29.9442 32.1728 30.1189C32.1728 30.365 32.3951 30.4762 33.0634 30.6522C33.7397 30.8269 34.2796 31.1855 34.2796 31.8922C34.2796 32.5989 33.7225 33.1799 32.6902 33.1799C31.9028 33.1799 31.3311 32.8464 31.0281 32.2416H31.0294Z" fill="black"></path><path d="M23.5046 47.8549H24.2007C24.3979 47.8549 24.4045 47.8443 24.3609 47.6498C24.2643 47.2263 24.1796 46.8015 24.0724 46.382C24.0155 46.161 24.0287 46.0207 24.2391 45.8579C24.7473 45.4675 24.7658 44.7013 24.3212 44.2315C23.8792 43.7643 23.1288 43.763 22.6855 44.2275C22.2395 44.696 22.2514 45.4636 22.7609 45.854C22.9898 46.0286 22.9925 46.1822 22.9237 46.4018C22.9171 46.423 22.9118 46.4429 22.9078 46.464C22.8165 46.8743 22.7238 47.2859 22.6339 47.6961C22.6021 47.8443 22.614 47.8562 22.7715 47.8562C23.0163 47.8562 23.2611 47.8562 23.506 47.8562M23.4954 41.1361C24.2179 41.1361 24.9392 41.1334 25.6604 41.1374C25.7689 41.1374 25.8166 41.1096 25.8139 40.9932C25.8086 40.62 25.8139 40.2454 25.81 39.8723C25.806 39.5771 25.7517 39.29 25.634 39.0187C25.1602 37.9229 24.0406 37.3803 22.88 37.6807C22.0357 37.8991 21.329 38.668 21.2337 39.5374C21.1808 40.0139 21.2072 40.4982 21.1914 40.9786C21.1874 41.1056 21.235 41.1387 21.3568 41.1387C22.0701 41.1334 22.7834 41.1361 23.4967 41.1361M23.4967 50.6023C22.217 50.6023 20.9359 50.6023 19.6562 50.6023C18.6849 50.6023 17.9186 50.0041 17.699 49.0592C17.6619 48.903 17.654 48.735 17.654 48.5735C17.6513 46.7856 17.6566 44.9977 17.65 43.2112C17.6473 42.4899 17.9028 41.9037 18.4943 41.4815C18.8132 41.2539 19.1758 41.1427 19.5689 41.1374C19.7396 41.1348 19.7383 41.1321 19.7396 40.9627C19.7436 40.5035 19.7198 40.0403 19.7595 39.5851C19.9408 37.4822 21.7631 35.9683 23.862 36.1549C25.7584 36.3243 27.2578 37.96 27.2617 39.867C27.2617 40.2282 27.2617 40.5895 27.2617 40.9495C27.2617 41.1321 27.2617 41.1308 27.4457 41.1387C28.2159 41.1731 28.7796 41.5357 29.1436 42.212C29.3024 42.5071 29.3513 42.8274 29.3513 43.1595C29.3513 44.9779 29.3553 46.7949 29.3513 48.6132C29.3487 49.5965 28.732 50.3601 27.7845 50.5639C27.6429 50.5943 27.4946 50.6023 27.3491 50.6023C26.0641 50.6049 24.7804 50.6036 23.4954 50.6036" fill="black"></path></svg><p class="styled__StyledBodyText-sc-119w3hf-5 ggtTyf styled__DarkGreyBodyText-sc-9yzfq2-2 lmkdDf">Low Everyday Price</p></div></div></div></div></div></div></div></li><li class="product-list--list-item"><div class="styles__StyledVerticalTileWrapper-dvv1wj-0 dtCNPH"><div data-auto="product-tile" data-auto-type="Quantity" data-auto-available="true" data-auto-is-restricted-disabled="false" data-auto-is-substitute="false" class="styles__StyledVerticalTile-dvv1wj-1 gSCsYK"><div class="styles__StyledTileContentWrapper-dvv1wj-2 bkNhNP beans"><div id="tile-305730061" data-auto-id="305730061" class="styles__StyledTiledContent-dvv1wj-3 bcglTg"><a href="https://www.tesco.com/groceries/en-GB/products/305730061" aria-hidden="true" class="product-image-wrapper" tabindex="1"><div class="product-image__container"><picture><img class="styled__Image-sjvkdn-0 bJErKA product-image beans-responsive-image__image" src="data:image/gif;base64,R0lGODlhAQABAAAAACH5BAEKAAEALAAAAAABAAEAAAICTAEAOw==" srcset="https://digitalcontent.api.tesco.com/v2/media/ghs/e7aaa9ec-97eb-49ef-9d13-6298e66ad741/bba86dfc-f23b-45f2-b7ce-d1652175f028_696154144.jpeg?h=225&amp;w=225 768w, data:image/gif;base64,R0lGODlhAQABAAAAACH5BAEKAAEALAAAAAABAAEAAAICTAEAOw== 4000w" alt="Tesco Luxury Soft Spring Fresh 40 Flushable Wipes"></picture></div></a><div class="product-details--wrapper"><h3 class="styles__H3-oa5soe-0 bCKNNq"><a href="https://www.tesco.com/groceries/en-GB/products/305730061" class="styled__Anchor-sc-1xbujuz-0 csVOnh beans-link__anchor" data-auto="product-tile--title"><span class="styled__Text-sc-1xbujuz-1 ldbwMG beans-link__text">Tesco Luxury Soft Spring Fresh 40 Flushable Wipes</span></a></h3><div class="styles__StyledPromotionsAboveMobile-dvv1wj-7 iPTMuo"></div><div class="styles__StyledProductDetailsContent-dvv1wj-5 ddRSrq"><a href="https://www.tesco.com/groceries/en-GB/reviews/submission/305730061?from=%2Fshop%2Fhealth-and-beauty%2Fall" aria-label="Write a review for Tesco Luxury Soft Spring Fresh 40 Flushable Wipes" class="styled__Anchor-sc-1xbujuz-0 jSzuDt write-a-review-link beans-link__anchor" data-auto="review-link"><span class="styled__Text-sc-1xbujuz-1 fyDIEo beans-link__text">Write a review</span><span class="styled__IconContainer-sc-1xbujuz-2 bSauSL beans-link__icon-container"><svg aria-hidden="true" class="styled__SVG-xxa4wh-1 hQMCqc beans-link__icon beans-icon__svg" height="13.33" preserveAspectRatio="xMinYMax meet" viewBox="-1 0 12 20" width="8" xmlns="http://www.w3.org/2000/svg" color="currentColor"><path d="M1.312 1.348L10.276 10l-8.964 8.644" fill="none" stroke="currentColor"></path></svg></span></a><div><a href="https://www.tesco.com/groceries/en-GB/shop/household/toilet-roll/moist-toilet-tissue/moist-toilet-wipes-single-pack" class="styled__Anchor-sc-1xbujuz-0 jSzuDt rest-of-shelf-link beans-link__anchor" data-auto="rest-of-shelf-link"><span class="styled__Text-sc-1xbujuz-1 fyDIEo beans-link__text">Rest of <span class="visually-hidden">Moist Toilet Wipes Single Pack</span> shelf</span><span class="styled__IconContainer-sc-1xbujuz-2 bSauSL beans-link__icon-container"><svg aria-hidden="true" class="styled__SVG-xxa4wh-1 hQMCqc beans-link__icon beans-icon__svg" height="13.33" preserveAspectRatio="xMinYMax meet" viewBox="-1 0 12 20" width="8" xmlns="http://www.w3.org/2000/svg" color="currentColor"><path d="M1.312 1.348L10.276 10l-8.964 8.644" fill="none" stroke="currentColor"></path></svg></span></a></div><div class="product-info-message-section"><div class="product-info-message-list"></div></div></div><div class="styles__StyledBuyBoxWrapper-dvv1wj-4 dSvjUC"><div class="styles__StyledBuyBoxContainer-sc-1wx0qp6-0 erryje" data-auto="buybox-container"><div class="styles__SafeFormWrapper-jtpu2t-0 lcrYKS"><form action="https://www.tesco.com/groceries/en-GB/trolley/items/305730061?_method=PUT" method="POST"><input type="submit" class="hidden"><input name="id" type="hidden" value="305730061"><input name="identifier" type="hidden" value="Page"><input name="anchorId" type="hidden" value="#tile-305730061"><input name="returnUrl" type="hidden" value="/groceries/en-GB/shop/health-and-beauty/all?redirectIfUnavailable=true#tile-305730061"><input name="backToUrl" type="hidden" value="#"><input name="oldValue" type="hidden" value="0"><input name="oldUnitChoice" type="hidden" value="pcs"><input name="newUnitChoice" type="hidden" value="pcs"><div class="base-components__RootElement-sc-1mosoyj-1 styled__Container-sc-6nhkzi-0 jptQqM hSNpTb beans-buybox__container"><div class="base-components__BaseElement-sc-1mosoyj-0 styled__PriceAndActions-sc-6nhkzi-3 oznwo eEPLov beans-buybox__price-and-actions"><div class="base-components__RootElement-sc-1mosoyj-1 styled__Container-sc-8qlq5b-0 jptQqM bgZrjw styled__StyledPrice-sc-6nhkzi-5 iYHeik beans-buybox__price beans-price__container"><p class="styled__StyledHeading-sc-119w3hf-2 jWPEtj styled__Text-sc-8qlq5b-1 lnaeiZ beans-price__text">£0.65</p><p class="styled__StyledFootnote-sc-119w3hf-7 icrlVF styled__Subtext-sc-8qlq5b-2 bNJmdc beans-price__subtext">£1.63/100sht</p></div><div class="base-components__RootElement-sc-1mosoyj-1 styled__Container-vtxwzb-0 jptQqM bDFhXJ beans-buybox__actions beans-quantity-controls__container"><div class="base-components__RootElement-sc-1mosoyj-1 styled__Container-sc-16t2b2a-0 jptQqM PUfgZ styled__StyledFormGroup-vtxwzb-1 kzKuAr beans-quantity-controls__form-group beans-form-group__container"><label class="styled__StyledLabel-sc-1ttuvhr-0 izGEjV beans-form-group__label beans-label" for="quantity-controls-305730061">Quantity controls </label><div class="base-components__BaseElement-sc-1mosoyj-0 styled__Children-sc-16t2b2a-3 oznwo gdJvjO beans-form-group__children"><div class="styled__StyledQuantityControlWrapper-vtxwzb-6 LCxOg"><label id="quantity-controls-305730061-label" class="styled__VisuallyHiddenLabel-vtxwzb-7 gXlLiM">Quantity of Tesco Luxury Soft Spring Fresh 40 Flushable Wipes</label><div class="component__Wrapper-sc-1kpmik-3 dReplG input-wrapper"><input class="base-components__RootElement-sc-1mosoyj-1 styled__StyledInput-sc-1jd5f57-0 component__StyledAsInput-sc-1kpmik-4 jptQqM eJLlow styled__StyledInput-vtxwzb-3 lwMHo beans-quantity-controls__input beans-input" data-auto="beans-quantity-controls-input" autocomplete="off" id="quantity-controls-305730061" maxlength="2" name="newValue" type="number" aria-labelledby="quantity-controls-305730061-label" value="1"></div></div><button class="styled__BaseButton-rsekm1-0 styled__PrimaryButton-rsekm1-2 jChbeY geeWOF styled__StyledButton-vtxwzb-5 japAxb beans-quantity-controls__add-button beans-button__container" type="submit" data-auto="beans-quantity-controls-add-button" aria-label="Quantity of Tesco Luxury Soft Spring Fresh 40 Flushable Wipes"><span class="base-components__BaseElement-sc-1mosoyj-0 styled__InnerContainer-rsekm1-1 oznwo fuFres beans-button__inner-container"><span class="base-components__BaseElement-sc-1mosoyj-0 styled__TextSpan-rsekm1-4 oznwo GDiMp beans-button__text">Add</span></span></button></div></div></div></div></div><input name="_csrf" type="hidden" value="0WbpBJF9-cS-fAMl-ByHnl5hECj1JaZiBQ20"></form></div></div></div></div><div class="hidden-medium product-info-section-small"><div class="product-info-message-list"></div></div></div></div></div></div></li><li class="product-list--list-item"><div class="styles__StyledVerticalTileWrapper-dvv1wj-0 dtCNPH"><div data-auto="product-tile" data-auto-type="Quantity" data-auto-available="true" data-auto-is-restricted-disabled="false" data-auto-is-substitute="false" class="styles__StyledVerticalTile-dvv1wj-1 gSCsYK"><div class="styles__StyledTileContentWrapper-dvv1wj-2 bkNhNP beans"><div id="tile-258116232" data-auto-id="258116232" class="styles__StyledTiledContent-dvv1wj-3 bcglTg"><a href="https://www.tesco.com/groceries/en-GB/products/258116232" aria-hidden="true" class="product-image-wrapper" tabindex="1"><div class="product-image__container"><picture><img class="styled__Image-sjvkdn-0 bJErKA product-image beans-responsive-image__image" src="data:image/gif;base64,R0lGODlhAQABAAAAACH5BAEKAAEALAAAAAABAAEAAAICTAEAOw==" srcset="https://digitalcontent.api.tesco.com/v2/media/ghs/30ad736a-99e9-4f6c-b737-741cf385e85a/c2aa6467-9dad-4e96-8f8d-114496b6c008_1210989855.jpeg?h=225&amp;w=225 768w, data:image/gif;base64,R0lGODlhAQABAAAAACH5BAEKAAEALAAAAAABAAEAAAICTAEAOw== 4000w" alt="Carex Handwash Original 250Ml"></picture></div></a><div class="product-details--wrapper"><h3 class="styles__H3-oa5soe-0 bCKNNq"><a href="https://www.tesco.com/groceries/en-GB/products/258116232" class="styled__Anchor-sc-1xbujuz-0 csVOnh beans-link__anchor" data-auto="product-tile--title"><span class="styled__Text-sc-1xbujuz-1 ldbwMG beans-link__text">Carex Handwash Original 250Ml</span></a></h3><div class="styles__StyledPromotionsAboveMobile-dvv1wj-7 iPTMuo"></div><div class="styles__StyledProductDetailsContent-dvv1wj-5 ddRSrq"><a href="https://www.tesco.com/groceries/en-GB/reviews/submission/258116232?from=%2Fshop%2Fhealth-and-beauty%2Fall" aria-label="Write a review for Carex Handwash Original 250Ml" class="styled__Anchor-sc-1xbujuz-0 jSzuDt write-a-review-link beans-link__anchor" data-auto="review-link"><span class="styled__Text-sc-1xbujuz-1 fyDIEo beans-link__text">Write a review</span><span class="styled__IconContainer-sc-1xbujuz-2 bSauSL beans-link__icon-container"><svg aria-hidden="true" class="styled__SVG-xxa4wh-1 hQMCqc beans-link__icon beans-icon__svg" height="13.33" preserveAspectRatio="xMinYMax meet" viewBox="-1 0 12 20" width="8" xmlns="http://www.w3.org/2000/svg" color="currentColor"><path d="M1.312 1.348L10.276 10l-8.964 8.644" fill="none" stroke="currentColor"></path></svg></span></a><div><a href="https://www.tesco.com/groceries/en-GB/shop/health-and-beauty/shower-bath-and-hand-hygiene/handwash/antibacterial-handwash" class="styled__Anchor-sc-1xbujuz-0 jSzuDt rest-of-shelf-link beans-link__anchor" data-auto="rest-of-shelf-link"><span class="styled__Text-sc-1xbujuz-1 fyDIEo beans-link__text">Rest of <span class="visually-hidden">Antibacterial Handwash</span> shelf</span><span class="styled__IconContainer-sc-1xbujuz-2 bSauSL beans-link__icon-container"><svg aria-hidden="true" class="styled__SVG-xxa4wh-1 hQMCqc beans-link__icon beans-icon__svg" height="13.33" preserveAspectRatio="xMinYMax meet" viewBox="-1 0 12 20" width="8" xmlns="http://www.w3.org/2000/svg" color="currentColor"><path d="M1.312 1.348L10.276 10l-8.964 8.644" fill="none" stroke="currentColor"></path></svg></span></a></div><div class="product-info-message-section"><div class="product-info-message-list"><div class="styled__WhiteBackground-sc-9yzfq2-1 jthPIJ"><svg width="56" height="61" viewBox="0 0 56 61" fill="none" xmlns="http://www.w3.org/2000/svg"><path d="M30.8759 45.8182C40.0086 42.7996 46.6572 34.3312 46.9801 24.2629H47V23.502V22.7397H46.9801C46.5765 10.112 36.2237 0 23.4993 0C10.5209 0 0 10.5209 0 23.4993C0 33.8972 6.75323 42.7162 16.1109 45.8142L16.1294 42.8684C13.3741 41.8189 10.9007 40.1978 8.8508 38.1492C5.099 34.3961 2.78308 29.2256 2.78308 23.4993C2.78308 17.7744 5.10032 12.6039 8.8508 8.84947C12.6039 5.09768 17.7744 2.78175 23.5007 2.78175C29.2256 2.78175 34.3961 5.09768 38.1505 8.84947C41.9023 12.6026 44.2182 17.7731 44.2182 23.4993C44.2182 29.2256 41.901 34.3948 38.1505 38.1492C36.1033 40.1952 33.6338 41.815 30.8838 42.8644L30.8772 45.8182H30.8759Z" fill="#EE1C2E"></path><path d="M9.82217 16.0368C10.5434 14.6962 11.4566 13.472 12.5245 12.4041C15.3354 9.59453 19.2116 7.85825 23.4994 7.85825C27.7871 7.85825 31.6633 9.59453 34.4742 12.4041C35.5435 13.4734 36.4553 14.6962 37.1765 16.0368H38.6256C35.8995 10.4309 30.1507 6.56662 23.498 6.56662C16.8454 6.56662 11.0966 10.4309 8.37042 16.0368H9.81952H9.82217Z" fill="black"></path><path d="M38.2419 28.245C37.4743 30.5728 36.1694 32.6571 34.4742 34.3537C32.8385 35.9881 30.8428 37.2599 28.6142 38.038C28.605 38.0407 28.5825 38.0394 28.5878 38.0473C28.773 38.3278 28.7836 39.3429 28.7836 39.3429C33.9567 37.6318 38.0142 33.4763 39.593 28.245H38.2419Z" fill="black"></path><path d="M12.5245 34.3537C10.4322 32.2601 8.9355 29.5763 8.30822 26.5722H6.99409C8.14941 32.5791 12.4994 37.4491 18.2085 39.3416C18.2111 39.3416 18.2177 39.3482 18.2177 39.3442C18.2627 38.2286 18.3898 38.0394 18.3898 38.0394C18.3818 38.0367 18.3726 38.0341 18.3646 38.0301C16.144 37.2519 14.1536 35.9828 12.5232 34.3524L12.5245 34.3537Z" fill="black"></path><path d="M17.6645 15.8727H20.1062V16.8335H16.623V11.2289H17.6645V15.8727Z" fill="black"></path><path d="M20.527 13.6745C20.7031 13.3516 20.9532 13.0975 21.2761 12.9136C21.599 12.7296 21.9682 12.637 22.3851 12.637C22.8019 12.637 23.1712 12.7296 23.4941 12.9136C23.817 13.0975 24.0658 13.3516 24.2431 13.6745C24.4191 13.9974 24.5065 14.3614 24.5065 14.7676C24.5065 15.1739 24.4191 15.5379 24.2431 15.8608C24.0671 16.1837 23.817 16.4364 23.4941 16.6217C23.1712 16.8057 22.8019 16.897 22.3851 16.897C21.9682 16.897 21.599 16.8057 21.2761 16.6217C20.9532 16.4378 20.7031 16.1837 20.527 15.8608C20.351 15.5379 20.2637 15.1739 20.2637 14.7676C20.2637 14.3614 20.351 13.9974 20.527 13.6745ZM21.5805 15.6477C21.7856 15.8727 22.0542 15.9838 22.3851 15.9838C22.7159 15.9838 22.9846 15.8713 23.1897 15.6477C23.3948 15.424 23.498 15.1303 23.498 14.7676C23.498 14.405 23.3948 14.1112 23.1897 13.8876C22.9846 13.6639 22.7159 13.5515 22.3851 13.5515C22.0542 13.5515 21.7856 13.6639 21.5805 13.8876C21.3753 14.1112 21.2721 14.405 21.2721 14.7676C21.2721 15.1303 21.3753 15.424 21.5805 15.6477Z" fill="black"></path><path d="M29.1687 16.8334H28.208L27.5119 14.1271L26.8158 16.8334H25.855L24.566 12.7018H25.5347L26.3182 15.4082L27.0315 12.7018H27.9923L28.7056 15.4082L29.489 12.7018H30.4577L29.1687 16.8334Z" fill="black"></path><path d="M8.61654 18.931H5.58202V20.4026H8.01572V21.6042H5.58202V23.5377H8.71579V24.738H4.27981V17.7294H8.61654V18.931Z" fill="black"></path><path d="M8.73168 19.5715H9.9836L11.2051 23.0269L12.4266 19.5715H13.6785L11.7662 24.738H10.644L8.73168 19.5715Z" fill="black"></path><path d="M18.7126 22.5558H14.8973C14.9635 22.9369 15.121 23.2254 15.3684 23.4226C15.6159 23.6198 15.9163 23.7177 16.2697 23.7177C16.5635 23.7177 16.8083 23.6555 17.0055 23.5324C17.2027 23.4093 17.3906 23.2201 17.5719 22.966L18.6226 23.5377C18.3686 23.9519 18.047 24.2682 17.6566 24.4892C17.2662 24.7089 16.7805 24.8201 16.1995 24.8201C15.6517 24.8201 15.1832 24.6917 14.7928 24.435C14.4024 24.1782 14.1099 23.8461 13.9167 23.4385C13.7235 23.0322 13.6269 22.6047 13.6269 22.1574C13.6269 21.7101 13.7288 21.2827 13.9326 20.8764C14.1364 20.4688 14.4315 20.1366 14.8192 19.8799C15.207 19.6231 15.6636 19.4948 16.1916 19.4948C16.7196 19.4948 17.1828 19.6152 17.5626 19.8547C17.9438 20.0956 18.2296 20.4106 18.4241 20.801C18.6174 21.1914 18.714 21.6069 18.714 22.0476V22.5584L18.7126 22.5558ZM17.4409 21.5751C17.3945 21.2813 17.2582 21.0418 17.0346 20.8539C16.8109 20.6673 16.5291 20.5733 16.1889 20.5733C15.9018 20.5733 15.645 20.662 15.4174 20.838C15.1911 21.0153 15.0336 21.2602 14.9463 21.5738H17.4395L17.4409 21.5751Z" fill="black"></path><path d="M19.3849 19.5715H20.6263V20.3523C20.7732 20.0718 20.9809 19.8587 21.2469 19.7118C21.5142 19.5649 21.8107 19.4921 22.1376 19.4921C22.4644 19.4921 22.745 19.5689 22.9382 19.7224L22.5174 20.7732C22.344 20.6805 22.1601 20.6329 21.9668 20.6329C21.5791 20.6329 21.2588 20.7996 21.0061 21.1331C20.752 21.4666 20.6249 21.9814 20.6249 22.6749V24.738H19.3836V19.5715H19.3849Z" fill="black"></path><path d="M24.8518 24.4178L22.9792 19.5715H24.2312L25.4434 22.8562L26.5841 19.5715H27.8255L25.1827 26.7813H23.981L24.8518 24.4178Z" fill="black"></path><path d="M28.8074 24.4786C28.4607 24.251 28.1881 23.9347 27.9909 23.5271C27.7937 23.1195 27.6958 22.663 27.6958 22.1548C27.6958 21.6466 27.7911 21.1821 27.9816 20.7785C28.1722 20.3748 28.4369 20.0585 28.7783 19.8322C29.1184 19.6059 29.5088 19.4921 29.9495 19.4921C30.2962 19.4921 30.6006 19.5543 30.86 19.6774C31.1207 19.8005 31.3205 19.9765 31.4608 20.2028V17.65H32.7021V24.7393H31.4608V24.1187C31.3139 24.3251 31.1141 24.4945 30.86 24.6242C30.6059 24.7539 30.3055 24.8201 29.9588 24.8201C29.5379 24.8201 29.1541 24.7063 28.8074 24.48V24.4786ZM31.1763 23.2664C31.4198 22.9925 31.5415 22.6219 31.5415 22.1548C31.5415 21.6876 31.4198 21.3171 31.1763 21.0431C30.9328 20.7692 30.6271 20.6329 30.2605 20.6329C29.8939 20.6329 29.5882 20.7705 29.3447 21.0431C29.1012 21.3171 28.9795 21.6876 28.9795 22.1548C28.9795 22.6219 29.1012 22.9925 29.3447 23.2664C29.5882 23.5404 29.8939 23.6767 30.2605 23.6767C30.6271 23.6767 30.9328 23.5404 31.1763 23.2664Z" fill="black"></path><path d="M34.2624 24.6388C33.9951 24.5183 33.782 24.3437 33.6219 24.1134C33.4618 23.8831 33.3824 23.6079 33.3824 23.2876C33.3824 22.7807 33.5729 22.3718 33.9527 22.0608C34.3339 21.7511 34.8473 21.595 35.4945 21.595H36.6061V21.415C36.6061 21.1543 36.5161 20.9465 36.3361 20.789C36.1562 20.6329 35.9127 20.5535 35.6056 20.5535C35.3582 20.5535 35.1345 20.6183 34.9347 20.7493C34.7349 20.879 34.584 21.0312 34.4834 21.2046L33.5319 20.6342C33.7119 20.3073 33.9792 20.0347 34.3325 19.8177C34.6859 19.6006 35.1094 19.4921 35.6043 19.4921C36.3123 19.4921 36.8629 19.6615 37.2559 20.003C37.6503 20.3431 37.8461 20.834 37.8461 21.4746V24.7393H36.8245L36.6538 24.079C36.487 24.3066 36.2753 24.4866 36.0172 24.6189C35.7605 24.7526 35.4574 24.8187 35.1107 24.8187C34.8103 24.8187 34.5271 24.7592 34.2598 24.6388H34.2624ZM36.2607 23.457C36.491 23.2572 36.6061 23.0097 36.6061 22.7159V22.5756H35.6255C35.3383 22.5756 35.1094 22.6312 34.94 22.741C34.7693 22.8509 34.6846 23.0031 34.6846 23.1963C34.6846 23.3763 34.7468 23.5152 34.8698 23.6118C34.9929 23.7084 35.1755 23.7574 35.4151 23.7574C35.7486 23.7574 36.0304 23.6568 36.2607 23.457V23.457Z" fill="black"></path><path d="M39.7571 24.4178L37.8845 19.5715H39.1364L40.3473 22.8562L41.4894 19.5715H42.7308L40.088 26.7813H38.8863L39.7571 24.4178Z" fill="black"></path><path d="M13.652 33.1164H12.6185V27.5515H14.6618C15.7985 27.5515 16.4589 28.3072 16.4589 29.2772C16.4589 30.2473 15.7985 31.0029 14.6618 31.0029H13.652V33.1177V33.1164ZM15.4095 29.2759C15.4095 28.7505 15.076 28.5044 14.5824 28.5044H13.652V30.0461H14.5824C15.0747 30.0461 15.4095 29.8 15.4095 29.2746V29.2759Z" fill="black"></path><path d="M17.0981 29.0139H18.084V29.6345C18.3222 29.1899 18.7682 28.9503 19.2843 28.9503C19.5464 28.9503 19.7687 29.0139 19.9209 29.133L19.5874 29.968C19.4524 29.8966 19.3095 29.8569 19.1507 29.8569C18.5856 29.8569 18.0854 30.3015 18.0854 31.4793V33.1177H17.0994V29.0152L17.0981 29.0139Z" fill="black"></path><path d="M20.9703 27.312C21.3356 27.312 21.6069 27.5899 21.6069 27.9485C21.6069 28.3072 21.3369 28.5851 20.9703 28.5851C20.6038 28.5851 20.3338 28.3072 20.3338 27.9485C20.3338 27.5899 20.6038 27.312 20.9703 27.312ZM21.4626 33.1164H20.4767V29.0139H21.4626V33.1164Z" fill="black"></path><path d="M22.2355 31.0651C22.2355 29.8251 23.0785 28.9503 24.3026 28.9503C25.1774 28.9503 25.8205 29.2997 26.1553 30.0713L25.2568 30.4762C25.0583 30.0792 24.7565 29.8555 24.3026 29.8555C23.6899 29.8555 23.2373 30.3399 23.2373 31.0638C23.2373 31.7877 23.6899 32.272 24.3026 32.272C24.7552 32.272 25.0583 32.0497 25.2568 31.6514L26.1553 32.0563C25.8219 32.8279 25.1774 33.1772 24.3026 33.1772C23.0785 33.1772 22.2355 32.3025 22.2355 31.0625V31.0651Z" fill="black"></path><path d="M30.5874 31.3827H27.5581C27.6693 32.0113 28.1153 32.3051 28.6473 32.3051C29.1316 32.3051 29.4109 32.0907 29.6808 31.7083L30.5159 32.1609C30.1348 32.7736 29.5617 33.1786 28.5917 33.1786C27.2167 33.1786 26.5484 32.0894 26.5484 31.0638C26.5484 30.0382 27.2723 28.949 28.5838 28.949C29.8952 28.949 30.5874 29.9667 30.5874 30.9765V31.3814V31.3827ZM29.5776 30.6033C29.5062 30.1586 29.1409 29.8079 28.5838 29.8079C28.1391 29.8079 27.7408 30.0938 27.5978 30.6033H29.5776V30.6033Z" fill="black"></path><path d="M31.0294 32.2416L31.7374 31.6448C31.9677 32.0577 32.2866 32.3051 32.7551 32.3051C33.0965 32.3051 33.3281 32.1463 33.3281 31.8922C33.3281 31.6381 33.0105 31.4952 32.4613 31.343C31.785 31.1604 31.253 30.7713 31.253 30.1507C31.253 29.4665 31.8975 28.9503 32.7154 28.9503C33.4472 28.9503 33.876 29.3156 34.1142 29.7139L33.4776 30.2631C33.2553 29.9058 32.9602 29.7933 32.7061 29.7933C32.3726 29.7933 32.1728 29.9442 32.1728 30.1189C32.1728 30.365 32.3951 30.4762 33.0634 30.6522C33.7397 30.8269 34.2796 31.1855 34.2796 31.8922C34.2796 32.5989 33.7225 33.1799 32.6902 33.1799C31.9028 33.1799 31.3311 32.8464 31.0281 32.2416H31.0294Z" fill="black"></path><path d="M23.5046 47.8549H24.2007C24.3979 47.8549 24.4045 47.8443 24.3609 47.6498C24.2643 47.2263 24.1796 46.8015 24.0724 46.382C24.0155 46.161 24.0287 46.0207 24.2391 45.8579C24.7473 45.4675 24.7658 44.7013 24.3212 44.2315C23.8792 43.7643 23.1288 43.763 22.6855 44.2275C22.2395 44.696 22.2514 45.4636 22.7609 45.854C22.9898 46.0286 22.9925 46.1822 22.9237 46.4018C22.9171 46.423 22.9118 46.4429 22.9078 46.464C22.8165 46.8743 22.7238 47.2859 22.6339 47.6961C22.6021 47.8443 22.614 47.8562 22.7715 47.8562C23.0163 47.8562 23.2611 47.8562 23.506 47.8562M23.4954 41.1361C24.2179 41.1361 24.9392 41.1334 25.6604 41.1374C25.7689 41.1374 25.8166 41.1096 25.8139 40.9932C25.8086 40.62 25.8139 40.2454 25.81 39.8723C25.806 39.5771 25.7517 39.29 25.634 39.0187C25.1602 37.9229 24.0406 37.3803 22.88 37.6807C22.0357 37.8991 21.329 38.668 21.2337 39.5374C21.1808 40.0139 21.2072 40.4982 21.1914 40.9786C21.1874 41.1056 21.235 41.1387 21.3568 41.1387C22.0701 41.1334 22.7834 41.1361 23.4967 41.1361M23.4967 50.6023C22.217 50.6023 20.9359 50.6023 19.6562 50.6023C18.6849 50.6023 17.9186 50.0041 17.699 49.0592C17.6619 48.903 17.654 48.735 17.654 48.5735C17.6513 46.7856 17.6566 44.9977 17.65 43.2112C17.6473 42.4899 17.9028 41.9037 18.4943 41.4815C18.8132 41.2539 19.1758 41.1427 19.5689 41.1374C19.7396 41.1348 19.7383 41.1321 19.7396 40.9627C19.7436 40.5035 19.7198 40.0403 19.7595 39.5851C19.9408 37.4822 21.7631 35.9683 23.862 36.1549C25.7584 36.3243 27.2578 37.96 27.2617 39.867C27.2617 40.2282 27.2617 40.5895 27.2617 40.9495C27.2617 41.1321 27.2617 41.1308 27.4457 41.1387C28.2159 41.1731 28.7796 41.5357 29.1436 42.212C29.3024 42.5071 29.3513 42.8274 29.3513 43.1595C29.3513 44.9779 29.3553 46.7949 29.3513 48.6132C29.3487 49.5965 28.732 50.3601 27.7845 50.5639C27.6429 50.5943 27.4946 50.6023 27.3491 50.6023C26.0641 50.6049 24.7804 50.6036 23.4954 50.6036" fill="black"></path></svg><p class="styled__StyledBodyText-sc-119w3hf-5 ggtTyf styled__DarkGreyBodyText-sc-9yzfq2-2 lmkdDf">Low Everyday Price</p></div></div></div></div><div class="styles__StyledBuyBoxWrapper-dvv1wj-4 dSvjUC"><div class="styles__StyledBuyBoxContainer-sc-1wx0qp6-0 erryje" data-auto="buybox-container"><div class="styles__SafeFormWrapper-jtpu2t-0 lcrYKS"><form action="https://www.tesco.com/groceries/en-GB/trolley/items/258116232?_method=PUT" method="POST"><input type="submit" class="hidden"><input name="id" type="hidden" value="258116232"><input name="identifier" type="hidden" value="Page"><input name="anchorId" type="hidden" value="#tile-258116232"><input name="returnUrl" type="hidden" value="/groceries/en-GB/shop/health-and-beauty/all?redirectIfUnavailable=true#tile-258116232"><input name="backToUrl" type="hidden" value="#"><input name="oldValue" type="hidden" value="0"><input name="oldUnitChoice" type="hidden" value="pcs"><input name="newUnitChoice" type="hidden" value="pcs"><div class="base-components__RootElement-sc-1mosoyj-1 styled__Container-sc-6nhkzi-0 jptQqM hSNpTb beans-buybox__container"><div class="base-components__BaseElement-sc-1mosoyj-0 styled__PriceAndActions-sc-6nhkzi-3 oznwo eEPLov beans-buybox__price-and-actions"><div class="base-components__RootElement-sc-1mosoyj-1 styled__Container-sc-8qlq5b-0 jptQqM bgZrjw styled__StyledPrice-sc-6nhkzi-5 iYHeik beans-buybox__price beans-price__container"><p class="styled__StyledHeading-sc-119w3hf-2 jWPEtj styled__Text-sc-8qlq5b-1 lnaeiZ beans-price__text">£1.20</p><p class="styled__StyledFootnote-sc-119w3hf-7 icrlVF styled__Subtext-sc-8qlq5b-2 bNJmdc beans-price__subtext">£0.48/100ml</p></div><div class="base-components__RootElement-sc-1mosoyj-1 styled__Container-vtxwzb-0 jptQqM bDFhXJ beans-buybox__actions beans-quantity-controls__container"><div class="base-components__RootElement-sc-1mosoyj-1 styled__Container-sc-16t2b2a-0 jptQqM PUfgZ styled__StyledFormGroup-vtxwzb-1 kzKuAr beans-quantity-controls__form-group beans-form-group__container"><label class="styled__StyledLabel-sc-1ttuvhr-0 izGEjV beans-form-group__label beans-label" for="quantity-controls-258116232">Quantity controls </label><div class="base-components__BaseElement-sc-1mosoyj-0 styled__Children-sc-16t2b2a-3 oznwo gdJvjO beans-form-group__children"><div class="styled__StyledQuantityControlWrapper-vtxwzb-6 LCxOg"><label id="quantity-controls-258116232-label" class="styled__VisuallyHiddenLabel-vtxwzb-7 gXlLiM">Quantity of Carex Handwash Original 250Ml</label><div class="component__Wrapper-sc-1kpmik-3 dReplG input-wrapper"><input class="base-components__RootElement-sc-1mosoyj-1 styled__StyledInput-sc-1jd5f57-0 component__StyledAsInput-sc-1kpmik-4 jptQqM eJLlow styled__StyledInput-vtxwzb-3 lwMHo beans-quantity-controls__input beans-input" data-auto="beans-quantity-controls-input" autocomplete="off" id="quantity-controls-258116232" maxlength="2" name="newValue" type="number" aria-labelledby="quantity-controls-258116232-label" value="1"></div></div><button class="styled__BaseButton-rsekm1-0 styled__PrimaryButton-rsekm1-2 jChbeY geeWOF styled__StyledButton-vtxwzb-5 japAxb beans-quantity-controls__add-button beans-button__container" type="submit" data-auto="beans-quantity-controls-add-button" aria-label="Quantity of Carex Handwash Original 250Ml"><span class="base-components__BaseElement-sc-1mosoyj-0 styled__InnerContainer-rsekm1-1 oznwo fuFres beans-button__inner-container"><span class="base-components__BaseElement-sc-1mosoyj-0 styled__TextSpan-rsekm1-4 oznwo GDiMp beans-button__text">Add</span></span></button></div></div></div></div></div><input name="_csrf" type="hidden" value="0WbpBJF9-cS-fAMl-ByHnl5hECj1JaZiBQ20"></form></div></div></div></div><div class="hidden-medium product-info-section-small"><div class="product-info-message-list"><div class="styled__WhiteBackground-sc-9yzfq2-1 jthPIJ"><svg width="56" height="61" viewBox="0 0 56 61" fill="none" xmlns="http://www.w3.org/2000/svg"><path d="M30.8759 45.8182C40.0086 42.7996 46.6572 34.3312 46.9801 24.2629H47V23.502V22.7397H46.9801C46.5765 10.112 36.2237 0 23.4993 0C10.5209 0 0 10.5209 0 23.4993C0 33.8972 6.75323 42.7162 16.1109 45.8142L16.1294 42.8684C13.3741 41.8189 10.9007 40.1978 8.8508 38.1492C5.099 34.3961 2.78308 29.2256 2.78308 23.4993C2.78308 17.7744 5.10032 12.6039 8.8508 8.84947C12.6039 5.09768 17.7744 2.78175 23.5007 2.78175C29.2256 2.78175 34.3961 5.09768 38.1505 8.84947C41.9023 12.6026 44.2182 17.7731 44.2182 23.4993C44.2182 29.2256 41.901 34.3948 38.1505 38.1492C36.1033 40.1952 33.6338 41.815 30.8838 42.8644L30.8772 45.8182H30.8759Z" fill="#EE1C2E"></path><path d="M9.82217 16.0368C10.5434 14.6962 11.4566 13.472 12.5245 12.4041C15.3354 9.59453 19.2116 7.85825 23.4994 7.85825C27.7871 7.85825 31.6633 9.59453 34.4742 12.4041C35.5435 13.4734 36.4553 14.6962 37.1765 16.0368H38.6256C35.8995 10.4309 30.1507 6.56662 23.498 6.56662C16.8454 6.56662 11.0966 10.4309 8.37042 16.0368H9.81952H9.82217Z" fill="black"></path><path d="M38.2419 28.245C37.4743 30.5728 36.1694 32.6571 34.4742 34.3537C32.8385 35.9881 30.8428 37.2599 28.6142 38.038C28.605 38.0407 28.5825 38.0394 28.5878 38.0473C28.773 38.3278 28.7836 39.3429 28.7836 39.3429C33.9567 37.6318 38.0142 33.4763 39.593 28.245H38.2419Z" fill="black"></path><path d="M12.5245 34.3537C10.4322 32.2601 8.9355 29.5763 8.30822 26.5722H6.99409C8.14941 32.5791 12.4994 37.4491 18.2085 39.3416C18.2111 39.3416 18.2177 39.3482 18.2177 39.3442C18.2627 38.2286 18.3898 38.0394 18.3898 38.0394C18.3818 38.0367 18.3726 38.0341 18.3646 38.0301C16.144 37.2519 14.1536 35.9828 12.5232 34.3524L12.5245 34.3537Z" fill="black"></path><path d="M17.6645 15.8727H20.1062V16.8335H16.623V11.2289H17.6645V15.8727Z" fill="black"></path><path d="M20.527 13.6745C20.7031 13.3516 20.9532 13.0975 21.2761 12.9136C21.599 12.7296 21.9682 12.637 22.3851 12.637C22.8019 12.637 23.1712 12.7296 23.4941 12.9136C23.817 13.0975 24.0658 13.3516 24.2431 13.6745C24.4191 13.9974 24.5065 14.3614 24.5065 14.7676C24.5065 15.1739 24.4191 15.5379 24.2431 15.8608C24.0671 16.1837 23.817 16.4364 23.4941 16.6217C23.1712 16.8057 22.8019 16.897 22.3851 16.897C21.9682 16.897 21.599 16.8057 21.2761 16.6217C20.9532 16.4378 20.7031 16.1837 20.527 15.8608C20.351 15.5379 20.2637 15.1739 20.2637 14.7676C20.2637 14.3614 20.351 13.9974 20.527 13.6745ZM21.5805 15.6477C21.7856 15.8727 22.0542 15.9838 22.3851 15.9838C22.7159 15.9838 22.9846 15.8713 23.1897 15.6477C23.3948 15.424 23.498 15.1303 23.498 14.7676C23.498 14.405 23.3948 14.1112 23.1897 13.8876C22.9846 13.6639 22.7159 13.5515 22.3851 13.5515C22.0542 13.5515 21.7856 13.6639 21.5805 13.8876C21.3753 14.1112 21.2721 14.405 21.2721 14.7676C21.2721 15.1303 21.3753 15.424 21.5805 15.6477Z" fill="black"></path><path d="M29.1687 16.8334H28.208L27.5119 14.1271L26.8158 16.8334H25.855L24.566 12.7018H25.5347L26.3182 15.4082L27.0315 12.7018H27.9923L28.7056 15.4082L29.489 12.7018H30.4577L29.1687 16.8334Z" fill="black"></path><path d="M8.61654 18.931H5.58202V20.4026H8.01572V21.6042H5.58202V23.5377H8.71579V24.738H4.27981V17.7294H8.61654V18.931Z" fill="black"></path><path d="M8.73168 19.5715H9.9836L11.2051 23.0269L12.4266 19.5715H13.6785L11.7662 24.738H10.644L8.73168 19.5715Z" fill="black"></path><path d="M18.7126 22.5558H14.8973C14.9635 22.9369 15.121 23.2254 15.3684 23.4226C15.6159 23.6198 15.9163 23.7177 16.2697 23.7177C16.5635 23.7177 16.8083 23.6555 17.0055 23.5324C17.2027 23.4093 17.3906 23.2201 17.5719 22.966L18.6226 23.5377C18.3686 23.9519 18.047 24.2682 17.6566 24.4892C17.2662 24.7089 16.7805 24.8201 16.1995 24.8201C15.6517 24.8201 15.1832 24.6917 14.7928 24.435C14.4024 24.1782 14.1099 23.8461 13.9167 23.4385C13.7235 23.0322 13.6269 22.6047 13.6269 22.1574C13.6269 21.7101 13.7288 21.2827 13.9326 20.8764C14.1364 20.4688 14.4315 20.1366 14.8192 19.8799C15.207 19.6231 15.6636 19.4948 16.1916 19.4948C16.7196 19.4948 17.1828 19.6152 17.5626 19.8547C17.9438 20.0956 18.2296 20.4106 18.4241 20.801C18.6174 21.1914 18.714 21.6069 18.714 22.0476V22.5584L18.7126 22.5558ZM17.4409 21.5751C17.3945 21.2813 17.2582 21.0418 17.0346 20.8539C16.8109 20.6673 16.5291 20.5733 16.1889 20.5733C15.9018 20.5733 15.645 20.662 15.4174 20.838C15.1911 21.0153 15.0336 21.2602 14.9463 21.5738H17.4395L17.4409 21.5751Z" fill="black"></path><path d="M19.3849 19.5715H20.6263V20.3523C20.7732 20.0718 20.9809 19.8587 21.2469 19.7118C21.5142 19.5649 21.8107 19.4921 22.1376 19.4921C22.4644 19.4921 22.745 19.5689 22.9382 19.7224L22.5174 20.7732C22.344 20.6805 22.1601 20.6329 21.9668 20.6329C21.5791 20.6329 21.2588 20.7996 21.0061 21.1331C20.752 21.4666 20.6249 21.9814 20.6249 22.6749V24.738H19.3836V19.5715H19.3849Z" fill="black"></path><path d="M24.8518 24.4178L22.9792 19.5715H24.2312L25.4434 22.8562L26.5841 19.5715H27.8255L25.1827 26.7813H23.981L24.8518 24.4178Z" fill="black"></path><path d="M28.8074 24.4786C28.4607 24.251 28.1881 23.9347 27.9909 23.5271C27.7937 23.1195 27.6958 22.663 27.6958 22.1548C27.6958 21.6466 27.7911 21.1821 27.9816 20.7785C28.1722 20.3748 28.4369 20.0585 28.7783 19.8322C29.1184 19.6059 29.5088 19.4921 29.9495 19.4921C30.2962 19.4921 30.6006 19.5543 30.86 19.6774C31.1207 19.8005 31.3205 19.9765 31.4608 20.2028V17.65H32.7021V24.7393H31.4608V24.1187C31.3139 24.3251 31.1141 24.4945 30.86 24.6242C30.6059 24.7539 30.3055 24.8201 29.9588 24.8201C29.5379 24.8201 29.1541 24.7063 28.8074 24.48V24.4786ZM31.1763 23.2664C31.4198 22.9925 31.5415 22.6219 31.5415 22.1548C31.5415 21.6876 31.4198 21.3171 31.1763 21.0431C30.9328 20.7692 30.6271 20.6329 30.2605 20.6329C29.8939 20.6329 29.5882 20.7705 29.3447 21.0431C29.1012 21.3171 28.9795 21.6876 28.9795 22.1548C28.9795 22.6219 29.1012 22.9925 29.3447 23.2664C29.5882 23.5404 29.8939 23.6767 30.2605 23.6767C30.6271 23.6767 30.9328 23.5404 31.1763 23.2664Z" fill="black"></path><path d="M34.2624 24.6388C33.9951 24.5183 33.782 24.3437 33.6219 24.1134C33.4618 23.8831 33.3824 23.6079 33.3824 23.2876C33.3824 22.7807 33.5729 22.3718 33.9527 22.0608C34.3339 21.7511 34.8473 21.595 35.4945 21.595H36.6061V21.415C36.6061 21.1543 36.5161 20.9465 36.3361 20.789C36.1562 20.6329 35.9127 20.5535 35.6056 20.5535C35.3582 20.5535 35.1345 20.6183 34.9347 20.7493C34.7349 20.879 34.584 21.0312 34.4834 21.2046L33.5319 20.6342C33.7119 20.3073 33.9792 20.0347 34.3325 19.8177C34.6859 19.6006 35.1094 19.4921 35.6043 19.4921C36.3123 19.4921 36.8629 19.6615 37.2559 20.003C37.6503 20.3431 37.8461 20.834 37.8461 21.4746V24.7393H36.8245L36.6538 24.079C36.487 24.3066 36.2753 24.4866 36.0172 24.6189C35.7605 24.7526 35.4574 24.8187 35.1107 24.8187C34.8103 24.8187 34.5271 24.7592 34.2598 24.6388H34.2624ZM36.2607 23.457C36.491 23.2572 36.6061 23.0097 36.6061 22.7159V22.5756H35.6255C35.3383 22.5756 35.1094 22.6312 34.94 22.741C34.7693 22.8509 34.6846 23.0031 34.6846 23.1963C34.6846 23.3763 34.7468 23.5152 34.8698 23.6118C34.9929 23.7084 35.1755 23.7574 35.4151 23.7574C35.7486 23.7574 36.0304 23.6568 36.2607 23.457V23.457Z" fill="black"></path><path d="M39.7571 24.4178L37.8845 19.5715H39.1364L40.3473 22.8562L41.4894 19.5715H42.7308L40.088 26.7813H38.8863L39.7571 24.4178Z" fill="black"></path><path d="M13.652 33.1164H12.6185V27.5515H14.6618C15.7985 27.5515 16.4589 28.3072 16.4589 29.2772C16.4589 30.2473 15.7985 31.0029 14.6618 31.0029H13.652V33.1177V33.1164ZM15.4095 29.2759C15.4095 28.7505 15.076 28.5044 14.5824 28.5044H13.652V30.0461H14.5824C15.0747 30.0461 15.4095 29.8 15.4095 29.2746V29.2759Z" fill="black"></path><path d="M17.0981 29.0139H18.084V29.6345C18.3222 29.1899 18.7682 28.9503 19.2843 28.9503C19.5464 28.9503 19.7687 29.0139 19.9209 29.133L19.5874 29.968C19.4524 29.8966 19.3095 29.8569 19.1507 29.8569C18.5856 29.8569 18.0854 30.3015 18.0854 31.4793V33.1177H17.0994V29.0152L17.0981 29.0139Z" fill="black"></path><path d="M20.9703 27.312C21.3356 27.312 21.6069 27.5899 21.6069 27.9485C21.6069 28.3072 21.3369 28.5851 20.9703 28.5851C20.6038 28.5851 20.3338 28.3072 20.3338 27.9485C20.3338 27.5899 20.6038 27.312 20.9703 27.312ZM21.4626 33.1164H20.4767V29.0139H21.4626V33.1164Z" fill="black"></path><path d="M22.2355 31.0651C22.2355 29.8251 23.0785 28.9503 24.3026 28.9503C25.1774 28.9503 25.8205 29.2997 26.1553 30.0713L25.2568 30.4762C25.0583 30.0792 24.7565 29.8555 24.3026 29.8555C23.6899 29.8555 23.2373 30.3399 23.2373 31.0638C23.2373 31.7877 23.6899 32.272 24.3026 32.272C24.7552 32.272 25.0583 32.0497 25.2568 31.6514L26.1553 32.0563C25.8219 32.8279 25.1774 33.1772 24.3026 33.1772C23.0785 33.1772 22.2355 32.3025 22.2355 31.0625V31.0651Z" fill="black"></path><path d="M30.5874 31.3827H27.5581C27.6693 32.0113 28.1153 32.3051 28.6473 32.3051C29.1316 32.3051 29.4109 32.0907 29.6808 31.7083L30.5159 32.1609C30.1348 32.7736 29.5617 33.1786 28.5917 33.1786C27.2167 33.1786 26.5484 32.0894 26.5484 31.0638C26.5484 30.0382 27.2723 28.949 28.5838 28.949C29.8952 28.949 30.5874 29.9667 30.5874 30.9765V31.3814V31.3827ZM29.5776 30.6033C29.5062 30.1586 29.1409 29.8079 28.5838 29.8079C28.1391 29.8079 27.7408 30.0938 27.5978 30.6033H29.5776V30.6033Z" fill="black"></path><path d="M31.0294 32.2416L31.7374 31.6448C31.9677 32.0577 32.2866 32.3051 32.7551 32.3051C33.0965 32.3051 33.3281 32.1463 33.3281 31.8922C33.3281 31.6381 33.0105 31.4952 32.4613 31.343C31.785 31.1604 31.253 30.7713 31.253 30.1507C31.253 29.4665 31.8975 28.9503 32.7154 28.9503C33.4472 28.9503 33.876 29.3156 34.1142 29.7139L33.4776 30.2631C33.2553 29.9058 32.9602 29.7933 32.7061 29.7933C32.3726 29.7933 32.1728 29.9442 32.1728 30.1189C32.1728 30.365 32.3951 30.4762 33.0634 30.6522C33.7397 30.8269 34.2796 31.1855 34.2796 31.8922C34.2796 32.5989 33.7225 33.1799 32.6902 33.1799C31.9028 33.1799 31.3311 32.8464 31.0281 32.2416H31.0294Z" fill="black"></path><path d="M23.5046 47.8549H24.2007C24.3979 47.8549 24.4045 47.8443 24.3609 47.6498C24.2643 47.2263 24.1796 46.8015 24.0724 46.382C24.0155 46.161 24.0287 46.0207 24.2391 45.8579C24.7473 45.4675 24.7658 44.7013 24.3212 44.2315C23.8792 43.7643 23.1288 43.763 22.6855 44.2275C22.2395 44.696 22.2514 45.4636 22.7609 45.854C22.9898 46.0286 22.9925 46.1822 22.9237 46.4018C22.9171 46.423 22.9118 46.4429 22.9078 46.464C22.8165 46.8743 22.7238 47.2859 22.6339 47.6961C22.6021 47.8443 22.614 47.8562 22.7715 47.8562C23.0163 47.8562 23.2611 47.8562 23.506 47.8562M23.4954 41.1361C24.2179 41.1361 24.9392 41.1334 25.6604 41.1374C25.7689 41.1374 25.8166 41.1096 25.8139 40.9932C25.8086 40.62 25.8139 40.2454 25.81 39.8723C25.806 39.5771 25.7517 39.29 25.634 39.0187C25.1602 37.9229 24.0406 37.3803 22.88 37.6807C22.0357 37.8991 21.329 38.668 21.2337 39.5374C21.1808 40.0139 21.2072 40.4982 21.1914 40.9786C21.1874 41.1056 21.235 41.1387 21.3568 41.1387C22.0701 41.1334 22.7834 41.1361 23.4967 41.1361M23.4967 50.6023C22.217 50.6023 20.9359 50.6023 19.6562 50.6023C18.6849 50.6023 17.9186 50.0041 17.699 49.0592C17.6619 48.903 17.654 48.735 17.654 48.5735C17.6513 46.7856 17.6566 44.9977 17.65 43.2112C17.6473 42.4899 17.9028 41.9037 18.4943 41.4815C18.8132 41.2539 19.1758 41.1427 19.5689 41.1374C19.7396 41.1348 19.7383 41.1321 19.7396 40.9627C19.7436 40.5035 19.7198 40.0403 19.7595 39.5851C19.9408 37.4822 21.7631 35.9683 23.862 36.1549C25.7584 36.3243 27.2578 37.96 27.2617 39.867C27.2617 40.2282 27.2617 40.5895 27.2617 40.9495C27.2617 41.1321 27.2617 41.1308 27.4457 41.1387C28.2159 41.1731 28.7796 41.5357 29.1436 42.212C29.3024 42.5071 29.3513 42.8274 29.3513 43.1595C29.3513 44.9779 29.3553 46.7949 29.3513 48.6132C29.3487 49.5965 28.732 50.3601 27.7845 50.5639C27.6429 50.5943 27.4946 50.6023 27.3491 50.6023C26.0641 50.6049 24.7804 50.6036 23.4954 50.6036" fill="black"></path></svg><p class="styled__StyledBodyText-sc-119w3hf-5 ggtTyf styled__DarkGreyBodyText-sc-9yzfq2-2 lmkdDf">Low Everyday Price</p></div></div></div></div></div></div></div></li><li class="product-list--list-item"><div class="styles__StyledVerticalTileWrapper-dvv1wj-0 dtCNPH"><div data-auto="product-tile" data-auto-type="Quantity" data-auto-available="true" data-auto-is-restricted-disabled="false" data-auto-is-substitute="false" class="styles__StyledVerticalTile-dvv1wj-1 gSCsYK"><div class="styles__StyledTileContentWrapper-dvv1wj-2 bkNhNP beans"><div id="tile-291196110" data-auto-id="291196110" class="styles__StyledTiledContent-dvv1wj-3 bcglTg"><a href="https://www.tesco.com/groceries/en-GB/products/291196110" aria-hidden="true" class="product-image-wrapper" tabindex="1"><div class="product-image__container"><picture><img class="styled__Image-sjvkdn-0 bJErKA product-image beans-responsive-image__image" src="data:image/gif;base64,R0lGODlhAQABAAAAACH5BAEKAAEALAAAAAABAAEAAAICTAEAOw==" srcset="https://digitalcontent.api.tesco.com/v2/media/ghs/009e0293-ed84-4903-932e-5eae76e65093/630435a1-2739-4ac8-b919-41227c981c59_1141349106.jpeg?h=225&amp;w=225 768w, data:image/gif;base64,R0lGODlhAQABAAAAACH5BAEKAAEALAAAAAABAAEAAAICTAEAOw== 4000w" alt="Alberto Balsam Raspberry Shampoo 350Ml"></picture></div></a><div class="product-details--wrapper"><h3 class="styles__H3-oa5soe-0 bCKNNq"><a href="https://www.tesco.com/groceries/en-GB/products/291196110" class="styled__Anchor-sc-1xbujuz-0 csVOnh beans-link__anchor" data-auto="product-tile--title"><span class="styled__Text-sc-1xbujuz-1 ldbwMG beans-link__text">Alberto Balsam Raspberry Shampoo 350Ml</span></a></h3><div class="styles__StyledProductDetailsContent-dvv1wj-5 ddRSrq"><a href="https://www.tesco.com/groceries/en-GB/reviews/submission/291196110?from=%2Fshop%2Fhealth-and-beauty%2Fall" aria-label="Write a review for Alberto Balsam Raspberry Shampoo 350Ml" class="styled__Anchor-sc-1xbujuz-0 jSzuDt write-a-review-link beans-link__anchor" data-auto="review-link"><span class="styled__Text-sc-1xbujuz-1 fyDIEo beans-link__text">Write a review</span><span class="styled__IconContainer-sc-1xbujuz-2 bSauSL beans-link__icon-container"><svg aria-hidden="true" class="styled__SVG-xxa4wh-1 hQMCqc beans-link__icon beans-icon__svg" height="13.33" preserveAspectRatio="xMinYMax meet" viewBox="-1 0 12 20" width="8" xmlns="http://www.w3.org/2000/svg" color="currentColor"><path d="M1.312 1.348L10.276 10l-8.964 8.644" fill="none" stroke="currentColor"></path></svg></span></a><div><a href="https://www.tesco.com/groceries/en-GB/shop/health-and-beauty/shampoo/normal-hair-everyday-shampoo/normal-hair-everyday-shampoo" class="styled__Anchor-sc-1xbujuz-0 jSzuDt rest-of-shelf-link beans-link__anchor" data-auto="rest-of-shelf-link"><span class="styled__Text-sc-1xbujuz-1 fyDIEo beans-link__text">Rest of <span class="visually-hidden">Normal Hair - Everyday Shampoo</span> shelf</span><span class="styled__IconContainer-sc-1xbujuz-2 bSauSL beans-link__icon-container"><svg aria-hidden="true" class="styled__SVG-xxa4wh-1 hQMCqc beans-link__icon beans-icon__svg" height="13.33" preserveAspectRatio="xMinYMax meet" viewBox="-1 0 12 20" width="8" xmlns="http://www.w3.org/2000/svg" color="currentColor"><path d="M1.312 1.348L10.276 10l-8.964 8.644" fill="none" stroke="currentColor"></path></svg></span></a></div><div class="product-info-message-section"><div class="product-info-message-list"></div></div></div><div class="styles__StyledPromotionsWithBuyBoxWrapper-dvv1wj-8 cZskDh"><div class="styles__StyledPromotionsAboveMobile-dvv1wj-7 iPTMuo"><div class="styles__StyledPromotionsWithClubcardPriceContainer-sc-1vdpoop-0 bsPFbn"><div class="styles__StyledClubcardLogo-sc-1vdpoop-2 elOZEB"><div class="styles__Wrapper-sc-1d2phhy-0 hgBuQG undefined special-offer-sash"><span class="styles__CircleWrapper-sc-1d2phhy-2 hCbzjm"><strong class="styles__TextWrapper-sc-1d2phhy-1 bLXNGg">Clubcard Price</strong></span></div></div><a href="https://www.tesco.com/groceries/en-GB/promotions/88577564"><div class="styles__ProductPromotionStyling-sc-1vdpoop-3 WGKAK"><div class="styles__StyledPromotionsOfferContent-sc-1vdpoop-1 cPSekc"><span class="offer-text">Any 2 for £1.80 Clubcard Price - Selected Alberto Balsam Shampoo Or Conditioner 350ml</span></div><span class="dates">Offer valid for delivery from 02/11/2022 until 13/12/2022</span></div></a></div></div><div class="styles__StyledBuyBoxWrapper-dvv1wj-4 dSvjUC"><div class="styles__StyledBuyBoxContainer-sc-1wx0qp6-0 erryje" data-auto="buybox-container"><div class="styles__SafeFormWrapper-jtpu2t-0 lcrYKS"><form action="https://www.tesco.com/groceries/en-GB/trolley/items/291196110?_method=PUT" method="POST"><input type="submit" class="hidden"><input name="id" type="hidden" value="291196110"><input name="identifier" type="hidden" value="Page"><input name="anchorId" type="hidden" value="#tile-291196110"><input name="returnUrl" type="hidden" value="/groceries/en-GB/shop/health-and-beauty/all?redirectIfUnavailable=true#tile-291196110"><input name="backToUrl" type="hidden" value="#"><input name="oldValue" type="hidden" value="0"><input name="oldUnitChoice" type="hidden" value="pcs"><input name="newUnitChoice" type="hidden" value="pcs"><div class="base-components__RootElement-sc-1mosoyj-1 styled__Container-sc-6nhkzi-0 jptQqM hSNpTb beans-buybox__container"><div class="base-components__BaseElement-sc-1mosoyj-0 styled__PriceAndActions-sc-6nhkzi-3 oznwo eEPLov beans-buybox__price-and-actions"><div class="base-components__RootElement-sc-1mosoyj-1 styled__Container-sc-8qlq5b-0 jptQqM bgZrjw styled__StyledPrice-sc-6nhkzi-5 iYHeik beans-buybox__price beans-price__container"><p class="styled__StyledHeading-sc-119w3hf-2 jWPEtj styled__Text-sc-8qlq5b-1 lnaeiZ beans-price__text">£0.95</p><p class="styled__StyledFootnote-sc-119w3hf-7 icrlVF styled__Subtext-sc-8qlq5b-2 bNJmdc beans-price__subtext">£0.27/100ml</p></div><div class="base-components__RootElement-sc-1mosoyj-1 styled__Container-vtxwzb-0 jptQqM bDFhXJ beans-buybox__actions beans-quantity-controls__container"><div class="base-components__RootElement-sc-1mosoyj-1 styled__Container-sc-16t2b2a-0 jptQqM PUfgZ styled__StyledFormGroup-vtxwzb-1 kzKuAr beans-quantity-controls__form-group beans-form-group__container"><label class="styled__StyledLabel-sc-1ttuvhr-0 izGEjV beans-form-group__label beans-label" for="quantity-controls-291196110">Quantity controls </label><div class="base-components__BaseElement-sc-1mosoyj-0 styled__Children-sc-16t2b2a-3 oznwo gdJvjO beans-form-group__children"><div class="styled__StyledQuantityControlWrapper-vtxwzb-6 LCxOg"><label id="quantity-controls-291196110-label" class="styled__VisuallyHiddenLabel-vtxwzb-7 gXlLiM">Quantity of Alberto Balsam Raspberry Shampoo 350Ml</label><div class="component__Wrapper-sc-1kpmik-3 dReplG input-wrapper"><input class="base-components__RootElement-sc-1mosoyj-1 styled__StyledInput-sc-1jd5f57-0 component__StyledAsInput-sc-1kpmik-4 jptQqM eJLlow styled__StyledInput-vtxwzb-3 lwMHo beans-quantity-controls__input beans-input" data-auto="beans-quantity-controls-input" autocomplete="off" id="quantity-controls-291196110" maxlength="2" name="newValue" type="number" aria-labelledby="quantity-controls-291196110-label" value="1"></div></div><button class="styled__BaseButton-rsekm1-0 styled__PrimaryButton-rsekm1-2 jChbeY geeWOF styled__StyledButton-vtxwzb-5 japAxb beans-quantity-controls__add-button beans-button__container" type="submit" data-auto="beans-quantity-controls-add-button" aria-label="Quantity of Alberto Balsam Raspberry Shampoo 350Ml"><span class="base-components__BaseElement-sc-1mosoyj-0 styled__InnerContainer-rsekm1-1 oznwo fuFres beans-button__inner-container"><span class="base-components__BaseElement-sc-1mosoyj-0 styled__TextSpan-rsekm1-4 oznwo GDiMp beans-button__text">Add</span></span></button></div></div></div></div></div><input name="_csrf" type="hidden" value="0WbpBJF9-cS-fAMl-ByHnl5hECj1JaZiBQ20"></form></div></div></div></div></div><div class="hidden-medium product-info-section-small"><div class="product-info-message-list"></div></div></div><div class="styles__StyledPromotionsMobile-dvv1wj-6 Bxaeb"><div><div class="styles__StyledPromotionsWithClubcardPriceContainer-sc-1vdpoop-0 bsPFbn"><div class="styles__StyledClubcardLogo-sc-1vdpoop-2 elOZEB"><div class="styles__Wrapper-sc-1d2phhy-0 hgBuQG undefined special-offer-sash"><span class="styles__CircleWrapper-sc-1d2phhy-2 hCbzjm"><strong class="styles__TextWrapper-sc-1d2phhy-1 bLXNGg">Clubcard Price</strong></span></div></div><a href="https://www.tesco.com/groceries/en-GB/promotions/88577564"><div class="styles__ProductPromotionStyling-sc-1vdpoop-3 WGKAK"><div class="styles__StyledPromotionsOfferContent-sc-1vdpoop-1 cPSekc"><span class="offer-text">Any 2 for £1.80 Clubcard Price - Selected Alberto Balsam Shampoo Or Conditioner 350ml</span></div><span class="dates">Offer valid for delivery from 02/11/2022 until 13/12/2022</span></div></a></div></div></div></div></div></div></li><li class="product-list--list-item"><div class="styles__StyledVerticalTileWrapper-dvv1wj-0 dtCNPH"><div data-auto="product-tile" data-auto-type="Quantity" data-auto-available="true" data-auto-is-restricted-disabled="false" data-auto-is-substitute="false" class="styles__StyledVerticalTile-dvv1wj-1 gSCsYK"><div class="styles__StyledTileContentWrapper-dvv1wj-2 bkNhNP beans"><div id="tile-305728871" data-auto-id="305728871" class="styles__StyledTiledContent-dvv1wj-3 bcglTg"><a href="https://www.tesco.com/groceries/en-GB/products/305728871" aria-hidden="true" class="product-image-wrapper" tabindex="1"><div class="product-image__container"><picture><img class="styled__Image-sjvkdn-0 bJErKA product-image beans-responsive-image__image" src="data:image/gif;base64,R0lGODlhAQABAAAAACH5BAEKAAEALAAAAAABAAEAAAICTAEAOw==" srcset="https://digitalcontent.api.tesco.com/v2/media/ghs/ee9770cc-313c-4275-b1c3-dec4f7afbe13/2e184aac-6663-4b07-8211-fc76139d4def_996866615.jpeg?h=225&amp;w=225 768w, data:image/gif;base64,R0lGODlhAQABAAAAACH5BAEKAAEALAAAAAABAAEAAAICTAEAOw== 4000w" alt="Tesco Luxury Soft Sensitive 40 Flushable Wipes"></picture></div></a><div class="product-details--wrapper"><h3 class="styles__H3-oa5soe-0 bCKNNq"><a href="https://www.tesco.com/groceries/en-GB/products/305728871" class="styled__Anchor-sc-1xbujuz-0 csVOnh beans-link__anchor" data-auto="product-tile--title"><span class="styled__Text-sc-1xbujuz-1 ldbwMG beans-link__text">Tesco Luxury Soft Sensitive 40 Flushable Wipes</span></a></h3><div class="styles__StyledPromotionsAboveMobile-dvv1wj-7 iPTMuo"></div><div class="styles__StyledProductDetailsContent-dvv1wj-5 ddRSrq"><a href="https://www.tesco.com/groceries/en-GB/reviews/submission/305728871?from=%2Fshop%2Fhealth-and-beauty%2Fall" aria-label="Write a review for Tesco Luxury Soft Sensitive 40 Flushable Wipes" class="styled__Anchor-sc-1xbujuz-0 jSzuDt write-a-review-link beans-link__anchor" data-auto="review-link"><span class="styled__Text-sc-1xbujuz-1 fyDIEo beans-link__text">Write a review</span><span class="styled__IconContainer-sc-1xbujuz-2 bSauSL beans-link__icon-container"><svg aria-hidden="true" class="styled__SVG-xxa4wh-1 hQMCqc beans-link__icon beans-icon__svg" height="13.33" preserveAspectRatio="xMinYMax meet" viewBox="-1 0 12 20" width="8" xmlns="http://www.w3.org/2000/svg" color="currentColor"><path d="M1.312 1.348L10.276 10l-8.964 8.644" fill="none" stroke="currentColor"></path></svg></span></a><div><a href="https://www.tesco.com/groceries/en-GB/shop/household/toilet-roll/moist-toilet-tissue/moist-toilet-wipes-single-pack" class="styled__Anchor-sc-1xbujuz-0 jSzuDt rest-of-shelf-link beans-link__anchor" data-auto="rest-of-shelf-link"><span class="styled__Text-sc-1xbujuz-1 fyDIEo beans-link__text">Rest of <span class="visually-hidden">Moist Toilet Wipes Single Pack</span> shelf</span><span class="styled__IconContainer-sc-1xbujuz-2 bSauSL beans-link__icon-container"><svg aria-hidden="true" class="styled__SVG-xxa4wh-1 hQMCqc beans-link__icon beans-icon__svg" height="13.33" preserveAspectRatio="xMinYMax meet" viewBox="-1 0 12 20" width="8" xmlns="http://www.w3.org/2000/svg" color="currentColor"><path d="M1.312 1.348L10.276 10l-8.964 8.644" fill="none" stroke="currentColor"></path></svg></span></a></div><div class="product-info-message-section"><div class="product-info-message-list"></div></div></div><div class="styles__StyledBuyBoxWrapper-dvv1wj-4 dSvjUC"><div class="styles__StyledBuyBoxContainer-sc-1wx0qp6-0 erryje" data-auto="buybox-container"><div class="styles__SafeFormWrapper-jtpu2t-0 lcrYKS"><form action="https://www.tesco.com/groceries/en-GB/trolley/items/305728871?_method=PUT" method="POST"><input type="submit" class="hidden"><input name="id" type="hidden" value="305728871"><input name="identifier" type="hidden" value="Page"><input name="anchorId" type="hidden" value="#tile-305728871"><input name="returnUrl" type="hidden" value="/groceries/en-GB/shop/health-and-beauty/all?redirectIfUnavailable=true#tile-305728871"><input name="backToUrl" type="hidden" value="#"><input name="oldValue" type="hidden" value="0"><input name="oldUnitChoice" type="hidden" value="pcs"><input name="newUnitChoice" type="hidden" value="pcs"><div class="base-components__RootElement-sc-1mosoyj-1 styled__Container-sc-6nhkzi-0 jptQqM hSNpTb beans-buybox__container"><div class="base-components__BaseElement-sc-1mosoyj-0 styled__PriceAndActions-sc-6nhkzi-3 oznwo eEPLov beans-buybox__price-and-actions"><div class="base-components__RootElement-sc-1mosoyj-1 styled__Container-sc-8qlq5b-0 jptQqM bgZrjw styled__StyledPrice-sc-6nhkzi-5 iYHeik beans-buybox__price beans-price__container"><p class="styled__StyledHeading-sc-119w3hf-2 jWPEtj styled__Text-sc-8qlq5b-1 lnaeiZ beans-price__text">£0.65</p><p class="styled__StyledFootnote-sc-119w3hf-7 icrlVF styled__Subtext-sc-8qlq5b-2 bNJmdc beans-price__subtext">£1.63/100sht</p></div><div class="base-components__RootElement-sc-1mosoyj-1 styled__Container-vtxwzb-0 jptQqM bDFhXJ beans-buybox__actions beans-quantity-controls__container"><div class="base-components__RootElement-sc-1mosoyj-1 styled__Container-sc-16t2b2a-0 jptQqM PUfgZ styled__StyledFormGroup-vtxwzb-1 kzKuAr beans-quantity-controls__form-group beans-form-group__container"><label class="styled__StyledLabel-sc-1ttuvhr-0 izGEjV beans-form-group__label beans-label" for="quantity-controls-305728871">Quantity controls </label><div class="base-components__BaseElement-sc-1mosoyj-0 styled__Children-sc-16t2b2a-3 oznwo gdJvjO beans-form-group__children"><div class="styled__StyledQuantityControlWrapper-vtxwzb-6 LCxOg"><label id="quantity-controls-305728871-label" class="styled__VisuallyHiddenLabel-vtxwzb-7 gXlLiM">Quantity of Tesco Luxury Soft Sensitive 40 Flushable Wipes</label><div class="component__Wrapper-sc-1kpmik-3 dReplG input-wrapper"><input class="base-components__RootElement-sc-1mosoyj-1 styled__StyledInput-sc-1jd5f57-0 component__StyledAsInput-sc-1kpmik-4 jptQqM eJLlow styled__StyledInput-vtxwzb-3 lwMHo beans-quantity-controls__input beans-input" data-auto="beans-quantity-controls-input" autocomplete="off" id="quantity-controls-305728871" maxlength="2" name="newValue" type="number" aria-labelledby="quantity-controls-305728871-label" value="1"></div></div><button class="styled__BaseButton-rsekm1-0 styled__PrimaryButton-rsekm1-2 jChbeY geeWOF styled__StyledButton-vtxwzb-5 japAxb beans-quantity-controls__add-button beans-button__container" type="submit" data-auto="beans-quantity-controls-add-button" aria-label="Quantity of Tesco Luxury Soft Sensitive 40 Flushable Wipes"><span class="base-components__BaseElement-sc-1mosoyj-0 styled__InnerContainer-rsekm1-1 oznwo fuFres beans-button__inner-container"><span class="base-components__BaseElement-sc-1mosoyj-0 styled__TextSpan-rsekm1-4 oznwo GDiMp beans-button__text">Add</span></span></button></div></div></div></div></div><input name="_csrf" type="hidden" value="0WbpBJF9-cS-fAMl-ByHnl5hECj1JaZiBQ20"></form></div></div></div></div><div class="hidden-medium product-info-section-small"><div class="product-info-message-list"></div></div></div></div></div></div></li><li class="product-list--list-item"><div class="styles__StyledVerticalTileWrapper-dvv1wj-0 dtCNPH"><div data-auto="product-tile" data-auto-type="Quantity" data-auto-available="true" data-auto-is-restricted-disabled="false" data-auto-is-substitute="false" class="styles__StyledVerticalTile-dvv1wj-1 gSCsYK"><div class="styles__StyledTileContentWrapper-dvv1wj-2 bkNhNP beans"><div id="tile-255304636" data-auto-id="255304636" class="styles__StyledTiledContent-dvv1wj-3 bcglTg"><a href="https://www.tesco.com/groceries/en-GB/products/255304636" aria-hidden="true" class="product-image-wrapper" tabindex="1"><div class="product-image__container"><picture><img class="styled__Image-sjvkdn-0 bJErKA product-image beans-responsive-image__image" src="data:image/gif;base64,R0lGODlhAQABAAAAACH5BAEKAAEALAAAAAABAAEAAAICTAEAOw==" srcset="https://digitalcontent.api.tesco.com/v2/media/ghs/d5882ec2-418a-431d-acbe-0ed2fb507939/f3fc9380-d310-47db-86fa-65bdfca06fc7_69569448.jpeg?h=225&amp;w=225 768w, data:image/gif;base64,R0lGODlhAQABAAAAACH5BAEKAAEALAAAAAABAAEAAAICTAEAOw== 4000w" alt="Colgate Cavity Protection Toothpaste Pmp100ml"></picture></div></a><div class="product-details--wrapper"><h3 class="styles__H3-oa5soe-0 bCKNNq"><a href="https://www.tesco.com/groceries/en-GB/products/255304636" class="styled__Anchor-sc-1xbujuz-0 csVOnh beans-link__anchor" data-auto="product-tile--title"><span class="styled__Text-sc-1xbujuz-1 ldbwMG beans-link__text">Colgate Cavity Protection Toothpaste Pmp100ml</span></a></h3><div class="styles__StyledPromotionsAboveMobile-dvv1wj-7 iPTMuo"></div><div class="styles__StyledProductDetailsContent-dvv1wj-5 ddRSrq"><a href="https://www.tesco.com/groceries/en-GB/reviews/submission/255304636?from=%2Fshop%2Fhealth-and-beauty%2Fall" aria-label="Write a review for Colgate Cavity Protection Toothpaste Pmp100ml" class="styled__Anchor-sc-1xbujuz-0 jSzuDt write-a-review-link beans-link__anchor" data-auto="review-link"><span class="styled__Text-sc-1xbujuz-1 fyDIEo beans-link__text">Write a review</span><span class="styled__IconContainer-sc-1xbujuz-2 bSauSL beans-link__icon-container"><svg aria-hidden="true" class="styled__SVG-xxa4wh-1 hQMCqc beans-link__icon beans-icon__svg" height="13.33" preserveAspectRatio="xMinYMax meet" viewBox="-1 0 12 20" width="8" xmlns="http://www.w3.org/2000/svg" color="currentColor"><path d="M1.312 1.348L10.276 10l-8.964 8.644" fill="none" stroke="currentColor"></path></svg></span></a><div><a href="https://www.tesco.com/groceries/en-GB/shop/health-and-beauty/toothpaste-mouthwash-and-toothbrush/toothpaste/pump-toothpaste" class="styled__Anchor-sc-1xbujuz-0 jSzuDt rest-of-shelf-link beans-link__anchor" data-auto="rest-of-shelf-link"><span class="styled__Text-sc-1xbujuz-1 fyDIEo beans-link__text">Rest of <span class="visually-hidden">Pump Toothpaste</span> shelf</span><span class="styled__IconContainer-sc-1xbujuz-2 bSauSL beans-link__icon-container"><svg aria-hidden="true" class="styled__SVG-xxa4wh-1 hQMCqc beans-link__icon beans-icon__svg" height="13.33" preserveAspectRatio="xMinYMax meet" viewBox="-1 0 12 20" width="8" xmlns="http://www.w3.org/2000/svg" color="currentColor"><path d="M1.312 1.348L10.276 10l-8.964 8.644" fill="none" stroke="currentColor"></path></svg></span></a></div><div class="product-info-message-section"><div class="product-info-message-list"><div class="styled__WhiteBackground-sc-9yzfq2-1 jthPIJ"><svg width="56" height="61" viewBox="0 0 56 61" fill="none" xmlns="http://www.w3.org/2000/svg"><path d="M30.8759 45.8182C40.0086 42.7996 46.6572 34.3312 46.9801 24.2629H47V23.502V22.7397H46.9801C46.5765 10.112 36.2237 0 23.4993 0C10.5209 0 0 10.5209 0 23.4993C0 33.8972 6.75323 42.7162 16.1109 45.8142L16.1294 42.8684C13.3741 41.8189 10.9007 40.1978 8.8508 38.1492C5.099 34.3961 2.78308 29.2256 2.78308 23.4993C2.78308 17.7744 5.10032 12.6039 8.8508 8.84947C12.6039 5.09768 17.7744 2.78175 23.5007 2.78175C29.2256 2.78175 34.3961 5.09768 38.1505 8.84947C41.9023 12.6026 44.2182 17.7731 44.2182 23.4993C44.2182 29.2256 41.901 34.3948 38.1505 38.1492C36.1033 40.1952 33.6338 41.815 30.8838 42.8644L30.8772 45.8182H30.8759Z" fill="#EE1C2E"></path><path d="M9.82217 16.0368C10.5434 14.6962 11.4566 13.472 12.5245 12.4041C15.3354 9.59453 19.2116 7.85825 23.4994 7.85825C27.7871 7.85825 31.6633 9.59453 34.4742 12.4041C35.5435 13.4734 36.4553 14.6962 37.1765 16.0368H38.6256C35.8995 10.4309 30.1507 6.56662 23.498 6.56662C16.8454 6.56662 11.0966 10.4309 8.37042 16.0368H9.81952H9.82217Z" fill="black"></path><path d="M38.2419 28.245C37.4743 30.5728 36.1694 32.6571 34.4742 34.3537C32.8385 35.9881 30.8428 37.2599 28.6142 38.038C28.605 38.0407 28.5825 38.0394 28.5878 38.0473C28.773 38.3278 28.7836 39.3429 28.7836 39.3429C33.9567 37.6318 38.0142 33.4763 39.593 28.245H38.2419Z" fill="black"></path><path d="M12.5245 34.3537C10.4322 32.2601 8.9355 29.5763 8.30822 26.5722H6.99409C8.14941 32.5791 12.4994 37.4491 18.2085 39.3416C18.2111 39.3416 18.2177 39.3482 18.2177 39.3442C18.2627 38.2286 18.3898 38.0394 18.3898 38.0394C18.3818 38.0367 18.3726 38.0341 18.3646 38.0301C16.144 37.2519 14.1536 35.9828 12.5232 34.3524L12.5245 34.3537Z" fill="black"></path><path d="M17.6645 15.8727H20.1062V16.8335H16.623V11.2289H17.6645V15.8727Z" fill="black"></path><path d="M20.527 13.6745C20.7031 13.3516 20.9532 13.0975 21.2761 12.9136C21.599 12.7296 21.9682 12.637 22.3851 12.637C22.8019 12.637 23.1712 12.7296 23.4941 12.9136C23.817 13.0975 24.0658 13.3516 24.2431 13.6745C24.4191 13.9974 24.5065 14.3614 24.5065 14.7676C24.5065 15.1739 24.4191 15.5379 24.2431 15.8608C24.0671 16.1837 23.817 16.4364 23.4941 16.6217C23.1712 16.8057 22.8019 16.897 22.3851 16.897C21.9682 16.897 21.599 16.8057 21.2761 16.6217C20.9532 16.4378 20.7031 16.1837 20.527 15.8608C20.351 15.5379 20.2637 15.1739 20.2637 14.7676C20.2637 14.3614 20.351 13.9974 20.527 13.6745ZM21.5805 15.6477C21.7856 15.8727 22.0542 15.9838 22.3851 15.9838C22.7159 15.9838 22.9846 15.8713 23.1897 15.6477C23.3948 15.424 23.498 15.1303 23.498 14.7676C23.498 14.405 23.3948 14.1112 23.1897 13.8876C22.9846 13.6639 22.7159 13.5515 22.3851 13.5515C22.0542 13.5515 21.7856 13.6639 21.5805 13.8876C21.3753 14.1112 21.2721 14.405 21.2721 14.7676C21.2721 15.1303 21.3753 15.424 21.5805 15.6477Z" fill="black"></path><path d="M29.1687 16.8334H28.208L27.5119 14.1271L26.8158 16.8334H25.855L24.566 12.7018H25.5347L26.3182 15.4082L27.0315 12.7018H27.9923L28.7056 15.4082L29.489 12.7018H30.4577L29.1687 16.8334Z" fill="black"></path><path d="M8.61654 18.931H5.58202V20.4026H8.01572V21.6042H5.58202V23.5377H8.71579V24.738H4.27981V17.7294H8.61654V18.931Z" fill="black"></path><path d="M8.73168 19.5715H9.9836L11.2051 23.0269L12.4266 19.5715H13.6785L11.7662 24.738H10.644L8.73168 19.5715Z" fill="black"></path><path d="M18.7126 22.5558H14.8973C14.9635 22.9369 15.121 23.2254 15.3684 23.4226C15.6159 23.6198 15.9163 23.7177 16.2697 23.7177C16.5635 23.7177 16.8083 23.6555 17.0055 23.5324C17.2027 23.4093 17.3906 23.2201 17.5719 22.966L18.6226 23.5377C18.3686 23.9519 18.047 24.2682 17.6566 24.4892C17.2662 24.7089 16.7805 24.8201 16.1995 24.8201C15.6517 24.8201 15.1832 24.6917 14.7928 24.435C14.4024 24.1782 14.1099 23.8461 13.9167 23.4385C13.7235 23.0322 13.6269 22.6047 13.6269 22.1574C13.6269 21.7101 13.7288 21.2827 13.9326 20.8764C14.1364 20.4688 14.4315 20.1366 14.8192 19.8799C15.207 19.6231 15.6636 19.4948 16.1916 19.4948C16.7196 19.4948 17.1828 19.6152 17.5626 19.8547C17.9438 20.0956 18.2296 20.4106 18.4241 20.801C18.6174 21.1914 18.714 21.6069 18.714 22.0476V22.5584L18.7126 22.5558ZM17.4409 21.5751C17.3945 21.2813 17.2582 21.0418 17.0346 20.8539C16.8109 20.6673 16.5291 20.5733 16.1889 20.5733C15.9018 20.5733 15.645 20.662 15.4174 20.838C15.1911 21.0153 15.0336 21.2602 14.9463 21.5738H17.4395L17.4409 21.5751Z" fill="black"></path><path d="M19.3849 19.5715H20.6263V20.3523C20.7732 20.0718 20.9809 19.8587 21.2469 19.7118C21.5142 19.5649 21.8107 19.4921 22.1376 19.4921C22.4644 19.4921 22.745 19.5689 22.9382 19.7224L22.5174 20.7732C22.344 20.6805 22.1601 20.6329 21.9668 20.6329C21.5791 20.6329 21.2588 20.7996 21.0061 21.1331C20.752 21.4666 20.6249 21.9814 20.6249 22.6749V24.738H19.3836V19.5715H19.3849Z" fill="black"></path><path d="M24.8518 24.4178L22.9792 19.5715H24.2312L25.4434 22.8562L26.5841 19.5715H27.8255L25.1827 26.7813H23.981L24.8518 24.4178Z" fill="black"></path><path d="M28.8074 24.4786C28.4607 24.251 28.1881 23.9347 27.9909 23.5271C27.7937 23.1195 27.6958 22.663 27.6958 22.1548C27.6958 21.6466 27.7911 21.1821 27.9816 20.7785C28.1722 20.3748 28.4369 20.0585 28.7783 19.8322C29.1184 19.6059 29.5088 19.4921 29.9495 19.4921C30.2962 19.4921 30.6006 19.5543 30.86 19.6774C31.1207 19.8005 31.3205 19.9765 31.4608 20.2028V17.65H32.7021V24.7393H31.4608V24.1187C31.3139 24.3251 31.1141 24.4945 30.86 24.6242C30.6059 24.7539 30.3055 24.8201 29.9588 24.8201C29.5379 24.8201 29.1541 24.7063 28.8074 24.48V24.4786ZM31.1763 23.2664C31.4198 22.9925 31.5415 22.6219 31.5415 22.1548C31.5415 21.6876 31.4198 21.3171 31.1763 21.0431C30.9328 20.7692 30.6271 20.6329 30.2605 20.6329C29.8939 20.6329 29.5882 20.7705 29.3447 21.0431C29.1012 21.3171 28.9795 21.6876 28.9795 22.1548C28.9795 22.6219 29.1012 22.9925 29.3447 23.2664C29.5882 23.5404 29.8939 23.6767 30.2605 23.6767C30.6271 23.6767 30.9328 23.5404 31.1763 23.2664Z" fill="black"></path><path d="M34.2624 24.6388C33.9951 24.5183 33.782 24.3437 33.6219 24.1134C33.4618 23.8831 33.3824 23.6079 33.3824 23.2876C33.3824 22.7807 33.5729 22.3718 33.9527 22.0608C34.3339 21.7511 34.8473 21.595 35.4945 21.595H36.6061V21.415C36.6061 21.1543 36.5161 20.9465 36.3361 20.789C36.1562 20.6329 35.9127 20.5535 35.6056 20.5535C35.3582 20.5535 35.1345 20.6183 34.9347 20.7493C34.7349 20.879 34.584 21.0312 34.4834 21.2046L33.5319 20.6342C33.7119 20.3073 33.9792 20.0347 34.3325 19.8177C34.6859 19.6006 35.1094 19.4921 35.6043 19.4921C36.3123 19.4921 36.8629 19.6615 37.2559 20.003C37.6503 20.3431 37.8461 20.834 37.8461 21.4746V24.7393H36.8245L36.6538 24.079C36.487 24.3066 36.2753 24.4866 36.0172 24.6189C35.7605 24.7526 35.4574 24.8187 35.1107 24.8187C34.8103 24.8187 34.5271 24.7592 34.2598 24.6388H34.2624ZM36.2607 23.457C36.491 23.2572 36.6061 23.0097 36.6061 22.7159V22.5756H35.6255C35.3383 22.5756 35.1094 22.6312 34.94 22.741C34.7693 22.8509 34.6846 23.0031 34.6846 23.1963C34.6846 23.3763 34.7468 23.5152 34.8698 23.6118C34.9929 23.7084 35.1755 23.7574 35.4151 23.7574C35.7486 23.7574 36.0304 23.6568 36.2607 23.457V23.457Z" fill="black"></path><path d="M39.7571 24.4178L37.8845 19.5715H39.1364L40.3473 22.8562L41.4894 19.5715H42.7308L40.088 26.7813H38.8863L39.7571 24.4178Z" fill="black"></path><path d="M13.652 33.1164H12.6185V27.5515H14.6618C15.7985 27.5515 16.4589 28.3072 16.4589 29.2772C16.4589 30.2473 15.7985 31.0029 14.6618 31.0029H13.652V33.1177V33.1164ZM15.4095 29.2759C15.4095 28.7505 15.076 28.5044 14.5824 28.5044H13.652V30.0461H14.5824C15.0747 30.0461 15.4095 29.8 15.4095 29.2746V29.2759Z" fill="black"></path><path d="M17.0981 29.0139H18.084V29.6345C18.3222 29.1899 18.7682 28.9503 19.2843 28.9503C19.5464 28.9503 19.7687 29.0139 19.9209 29.133L19.5874 29.968C19.4524 29.8966 19.3095 29.8569 19.1507 29.8569C18.5856 29.8569 18.0854 30.3015 18.0854 31.4793V33.1177H17.0994V29.0152L17.0981 29.0139Z" fill="black"></path><path d="M20.9703 27.312C21.3356 27.312 21.6069 27.5899 21.6069 27.9485C21.6069 28.3072 21.3369 28.5851 20.9703 28.5851C20.6038 28.5851 20.3338 28.3072 20.3338 27.9485C20.3338 27.5899 20.6038 27.312 20.9703 27.312ZM21.4626 33.1164H20.4767V29.0139H21.4626V33.1164Z" fill="black"></path><path d="M22.2355 31.0651C22.2355 29.8251 23.0785 28.9503 24.3026 28.9503C25.1774 28.9503 25.8205 29.2997 26.1553 30.0713L25.2568 30.4762C25.0583 30.0792 24.7565 29.8555 24.3026 29.8555C23.6899 29.8555 23.2373 30.3399 23.2373 31.0638C23.2373 31.7877 23.6899 32.272 24.3026 32.272C24.7552 32.272 25.0583 32.0497 25.2568 31.6514L26.1553 32.0563C25.8219 32.8279 25.1774 33.1772 24.3026 33.1772C23.0785 33.1772 22.2355 32.3025 22.2355 31.0625V31.0651Z" fill="black"></path><path d="M30.5874 31.3827H27.5581C27.6693 32.0113 28.1153 32.3051 28.6473 32.3051C29.1316 32.3051 29.4109 32.0907 29.6808 31.7083L30.5159 32.1609C30.1348 32.7736 29.5617 33.1786 28.5917 33.1786C27.2167 33.1786 26.5484 32.0894 26.5484 31.0638C26.5484 30.0382 27.2723 28.949 28.5838 28.949C29.8952 28.949 30.5874 29.9667 30.5874 30.9765V31.3814V31.3827ZM29.5776 30.6033C29.5062 30.1586 29.1409 29.8079 28.5838 29.8079C28.1391 29.8079 27.7408 30.0938 27.5978 30.6033H29.5776V30.6033Z" fill="black"></path><path d="M31.0294 32.2416L31.7374 31.6448C31.9677 32.0577 32.2866 32.3051 32.7551 32.3051C33.0965 32.3051 33.3281 32.1463 33.3281 31.8922C33.3281 31.6381 33.0105 31.4952 32.4613 31.343C31.785 31.1604 31.253 30.7713 31.253 30.1507C31.253 29.4665 31.8975 28.9503 32.7154 28.9503C33.4472 28.9503 33.876 29.3156 34.1142 29.7139L33.4776 30.2631C33.2553 29.9058 32.9602 29.7933 32.7061 29.7933C32.3726 29.7933 32.1728 29.9442 32.1728 30.1189C32.1728 30.365 32.3951 30.4762 33.0634 30.6522C33.7397 30.8269 34.2796 31.1855 34.2796 31.8922C34.2796 32.5989 33.7225 33.1799 32.6902 33.1799C31.9028 33.1799 31.3311 32.8464 31.0281 32.2416H31.0294Z" fill="black"></path><path d="M23.5046 47.8549H24.2007C24.3979 47.8549 24.4045 47.8443 24.3609 47.6498C24.2643 47.2263 24.1796 46.8015 24.0724 46.382C24.0155 46.161 24.0287 46.0207 24.2391 45.8579C24.7473 45.4675 24.7658 44.7013 24.3212 44.2315C23.8792 43.7643 23.1288 43.763 22.6855 44.2275C22.2395 44.696 22.2514 45.4636 22.7609 45.854C22.9898 46.0286 22.9925 46.1822 22.9237 46.4018C22.9171 46.423 22.9118 46.4429 22.9078 46.464C22.8165 46.8743 22.7238 47.2859 22.6339 47.6961C22.6021 47.8443 22.614 47.8562 22.7715 47.8562C23.0163 47.8562 23.2611 47.8562 23.506 47.8562M23.4954 41.1361C24.2179 41.1361 24.9392 41.1334 25.6604 41.1374C25.7689 41.1374 25.8166 41.1096 25.8139 40.9932C25.8086 40.62 25.8139 40.2454 25.81 39.8723C25.806 39.5771 25.7517 39.29 25.634 39.0187C25.1602 37.9229 24.0406 37.3803 22.88 37.6807C22.0357 37.8991 21.329 38.668 21.2337 39.5374C21.1808 40.0139 21.2072 40.4982 21.1914 40.9786C21.1874 41.1056 21.235 41.1387 21.3568 41.1387C22.0701 41.1334 22.7834 41.1361 23.4967 41.1361M23.4967 50.6023C22.217 50.6023 20.9359 50.6023 19.6562 50.6023C18.6849 50.6023 17.9186 50.0041 17.699 49.0592C17.6619 48.903 17.654 48.735 17.654 48.5735C17.6513 46.7856 17.6566 44.9977 17.65 43.2112C17.6473 42.4899 17.9028 41.9037 18.4943 41.4815C18.8132 41.2539 19.1758 41.1427 19.5689 41.1374C19.7396 41.1348 19.7383 41.1321 19.7396 40.9627C19.7436 40.5035 19.7198 40.0403 19.7595 39.5851C19.9408 37.4822 21.7631 35.9683 23.862 36.1549C25.7584 36.3243 27.2578 37.96 27.2617 39.867C27.2617 40.2282 27.2617 40.5895 27.2617 40.9495C27.2617 41.1321 27.2617 41.1308 27.4457 41.1387C28.2159 41.1731 28.7796 41.5357 29.1436 42.212C29.3024 42.5071 29.3513 42.8274 29.3513 43.1595C29.3513 44.9779 29.3553 46.7949 29.3513 48.6132C29.3487 49.5965 28.732 50.3601 27.7845 50.5639C27.6429 50.5943 27.4946 50.6023 27.3491 50.6023C26.0641 50.6049 24.7804 50.6036 23.4954 50.6036" fill="black"></path></svg><p class="styled__StyledBodyText-sc-119w3hf-5 ggtTyf styled__DarkGreyBodyText-sc-9yzfq2-2 lmkdDf">Low Everyday Price</p></div></div></div></div><div class="styles__StyledBuyBoxWrapper-dvv1wj-4 dSvjUC"><div class="styles__StyledBuyBoxContainer-sc-1wx0qp6-0 erryje" data-auto="buybox-container"><div class="styles__SafeFormWrapper-jtpu2t-0 lcrYKS"><form action="https://www.tesco.com/groceries/en-GB/trolley/items/255304636?_method=PUT" method="POST"><input type="submit" class="hidden"><input name="id" type="hidden" value="255304636"><input name="identifier" type="hidden" value="Page"><input name="anchorId" type="hidden" value="#tile-255304636"><input name="returnUrl" type="hidden" value="/groceries/en-GB/shop/health-and-beauty/all?redirectIfUnavailable=true#tile-255304636"><input name="backToUrl" type="hidden" value="#"><input name="oldValue" type="hidden" value="0"><input name="oldUnitChoice" type="hidden" value="pcs"><input name="newUnitChoice" type="hidden" value="pcs"><div class="base-components__RootElement-sc-1mosoyj-1 styled__Container-sc-6nhkzi-0 jptQqM hSNpTb beans-buybox__container"><div class="base-components__BaseElement-sc-1mosoyj-0 styled__PriceAndActions-sc-6nhkzi-3 oznwo eEPLov beans-buybox__price-and-actions"><div class="base-components__RootElement-sc-1mosoyj-1 styled__Container-sc-8qlq5b-0 jptQqM bgZrjw styled__StyledPrice-sc-6nhkzi-5 iYHeik beans-buybox__price beans-price__container"><p class="styled__StyledHeading-sc-119w3hf-2 jWPEtj styled__Text-sc-8qlq5b-1 lnaeiZ beans-price__text">£1.75</p><p class="styled__StyledFootnote-sc-119w3hf-7 icrlVF styled__Subtext-sc-8qlq5b-2 bNJmdc beans-price__subtext">£1.75/100ml</p></div><div class="base-components__RootElement-sc-1mosoyj-1 styled__Container-vtxwzb-0 jptQqM bDFhXJ beans-buybox__actions beans-quantity-controls__container"><div class="base-components__RootElement-sc-1mosoyj-1 styled__Container-sc-16t2b2a-0 jptQqM PUfgZ styled__StyledFormGroup-vtxwzb-1 kzKuAr beans-quantity-controls__form-group beans-form-group__container"><label class="styled__StyledLabel-sc-1ttuvhr-0 izGEjV beans-form-group__label beans-label" for="quantity-controls-255304636">Quantity controls </label><div class="base-components__BaseElement-sc-1mosoyj-0 styled__Children-sc-16t2b2a-3 oznwo gdJvjO beans-form-group__children"><div class="styled__StyledQuantityControlWrapper-vtxwzb-6 LCxOg"><label id="quantity-controls-255304636-label" class="styled__VisuallyHiddenLabel-vtxwzb-7 gXlLiM">Quantity of Colgate Cavity Protection Toothpaste Pmp100ml</label><div class="component__Wrapper-sc-1kpmik-3 dReplG input-wrapper"><input class="base-components__RootElement-sc-1mosoyj-1 styled__StyledInput-sc-1jd5f57-0 component__StyledAsInput-sc-1kpmik-4 jptQqM eJLlow styled__StyledInput-vtxwzb-3 lwMHo beans-quantity-controls__input beans-input" data-auto="beans-quantity-controls-input" autocomplete="off" id="quantity-controls-255304636" maxlength="2" name="newValue" type="number" aria-labelledby="quantity-controls-255304636-label" value="1"></div></div><button class="styled__BaseButton-rsekm1-0 styled__PrimaryButton-rsekm1-2 jChbeY geeWOF styled__StyledButton-vtxwzb-5 japAxb beans-quantity-controls__add-button beans-button__container" type="submit" data-auto="beans-quantity-controls-add-button" aria-label="Quantity of Colgate Cavity Protection Toothpaste Pmp100ml"><span class="base-components__BaseElement-sc-1mosoyj-0 styled__InnerContainer-rsekm1-1 oznwo fuFres beans-button__inner-container"><span class="base-components__BaseElement-sc-1mosoyj-0 styled__TextSpan-rsekm1-4 oznwo GDiMp beans-button__text">Add</span></span></button></div></div></div></div></div><input name="_csrf" type="hidden" value="0WbpBJF9-cS-fAMl-ByHnl5hECj1JaZiBQ20"></form></div></div></div></div><div class="hidden-medium product-info-section-small"><div class="product-info-message-list"><div class="styled__WhiteBackground-sc-9yzfq2-1 jthPIJ"><svg width="56" height="61" viewBox="0 0 56 61" fill="none" xmlns="http://www.w3.org/2000/svg"><path d="M30.8759 45.8182C40.0086 42.7996 46.6572 34.3312 46.9801 24.2629H47V23.502V22.7397H46.9801C46.5765 10.112 36.2237 0 23.4993 0C10.5209 0 0 10.5209 0 23.4993C0 33.8972 6.75323 42.7162 16.1109 45.8142L16.1294 42.8684C13.3741 41.8189 10.9007 40.1978 8.8508 38.1492C5.099 34.3961 2.78308 29.2256 2.78308 23.4993C2.78308 17.7744 5.10032 12.6039 8.8508 8.84947C12.6039 5.09768 17.7744 2.78175 23.5007 2.78175C29.2256 2.78175 34.3961 5.09768 38.1505 8.84947C41.9023 12.6026 44.2182 17.7731 44.2182 23.4993C44.2182 29.2256 41.901 34.3948 38.1505 38.1492C36.1033 40.1952 33.6338 41.815 30.8838 42.8644L30.8772 45.8182H30.8759Z" fill="#EE1C2E"></path><path d="M9.82217 16.0368C10.5434 14.6962 11.4566 13.472 12.5245 12.4041C15.3354 9.59453 19.2116 7.85825 23.4994 7.85825C27.7871 7.85825 31.6633 9.59453 34.4742 12.4041C35.5435 13.4734 36.4553 14.6962 37.1765 16.0368H38.6256C35.8995 10.4309 30.1507 6.56662 23.498 6.56662C16.8454 6.56662 11.0966 10.4309 8.37042 16.0368H9.81952H9.82217Z" fill="black"></path><path d="M38.2419 28.245C37.4743 30.5728 36.1694 32.6571 34.4742 34.3537C32.8385 35.9881 30.8428 37.2599 28.6142 38.038C28.605 38.0407 28.5825 38.0394 28.5878 38.0473C28.773 38.3278 28.7836 39.3429 28.7836 39.3429C33.9567 37.6318 38.0142 33.4763 39.593 28.245H38.2419Z" fill="black"></path><path d="M12.5245 34.3537C10.4322 32.2601 8.9355 29.5763 8.30822 26.5722H6.99409C8.14941 32.5791 12.4994 37.4491 18.2085 39.3416C18.2111 39.3416 18.2177 39.3482 18.2177 39.3442C18.2627 38.2286 18.3898 38.0394 18.3898 38.0394C18.3818 38.0367 18.3726 38.0341 18.3646 38.0301C16.144 37.2519 14.1536 35.9828 12.5232 34.3524L12.5245 34.3537Z" fill="black"></path><path d="M17.6645 15.8727H20.1062V16.8335H16.623V11.2289H17.6645V15.8727Z" fill="black"></path><path d="M20.527 13.6745C20.7031 13.3516 20.9532 13.0975 21.2761 12.9136C21.599 12.7296 21.9682 12.637 22.3851 12.637C22.8019 12.637 23.1712 12.7296 23.4941 12.9136C23.817 13.0975 24.0658 13.3516 24.2431 13.6745C24.4191 13.9974 24.5065 14.3614 24.5065 14.7676C24.5065 15.1739 24.4191 15.5379 24.2431 15.8608C24.0671 16.1837 23.817 16.4364 23.4941 16.6217C23.1712 16.8057 22.8019 16.897 22.3851 16.897C21.9682 16.897 21.599 16.8057 21.2761 16.6217C20.9532 16.4378 20.7031 16.1837 20.527 15.8608C20.351 15.5379 20.2637 15.1739 20.2637 14.7676C20.2637 14.3614 20.351 13.9974 20.527 13.6745ZM21.5805 15.6477C21.7856 15.8727 22.0542 15.9838 22.3851 15.9838C22.7159 15.9838 22.9846 15.8713 23.1897 15.6477C23.3948 15.424 23.498 15.1303 23.498 14.7676C23.498 14.405 23.3948 14.1112 23.1897 13.8876C22.9846 13.6639 22.7159 13.5515 22.3851 13.5515C22.0542 13.5515 21.7856 13.6639 21.5805 13.8876C21.3753 14.1112 21.2721 14.405 21.2721 14.7676C21.2721 15.1303 21.3753 15.424 21.5805 15.6477Z" fill="black"></path><path d="M29.1687 16.8334H28.208L27.5119 14.1271L26.8158 16.8334H25.855L24.566 12.7018H25.5347L26.3182 15.4082L27.0315 12.7018H27.9923L28.7056 15.4082L29.489 12.7018H30.4577L29.1687 16.8334Z" fill="black"></path><path d="M8.61654 18.931H5.58202V20.4026H8.01572V21.6042H5.58202V23.5377H8.71579V24.738H4.27981V17.7294H8.61654V18.931Z" fill="black"></path><path d="M8.73168 19.5715H9.9836L11.2051 23.0269L12.4266 19.5715H13.6785L11.7662 24.738H10.644L8.73168 19.5715Z" fill="black"></path><path d="M18.7126 22.5558H14.8973C14.9635 22.9369 15.121 23.2254 15.3684 23.4226C15.6159 23.6198 15.9163 23.7177 16.2697 23.7177C16.5635 23.7177 16.8083 23.6555 17.0055 23.5324C17.2027 23.4093 17.3906 23.2201 17.5719 22.966L18.6226 23.5377C18.3686 23.9519 18.047 24.2682 17.6566 24.4892C17.2662 24.7089 16.7805 24.8201 16.1995 24.8201C15.6517 24.8201 15.1832 24.6917 14.7928 24.435C14.4024 24.1782 14.1099 23.8461 13.9167 23.4385C13.7235 23.0322 13.6269 22.6047 13.6269 22.1574C13.6269 21.7101 13.7288 21.2827 13.9326 20.8764C14.1364 20.4688 14.4315 20.1366 14.8192 19.8799C15.207 19.6231 15.6636 19.4948 16.1916 19.4948C16.7196 19.4948 17.1828 19.6152 17.5626 19.8547C17.9438 20.0956 18.2296 20.4106 18.4241 20.801C18.6174 21.1914 18.714 21.6069 18.714 22.0476V22.5584L18.7126 22.5558ZM17.4409 21.5751C17.3945 21.2813 17.2582 21.0418 17.0346 20.8539C16.8109 20.6673 16.5291 20.5733 16.1889 20.5733C15.9018 20.5733 15.645 20.662 15.4174 20.838C15.1911 21.0153 15.0336 21.2602 14.9463 21.5738H17.4395L17.4409 21.5751Z" fill="black"></path><path d="M19.3849 19.5715H20.6263V20.3523C20.7732 20.0718 20.9809 19.8587 21.2469 19.7118C21.5142 19.5649 21.8107 19.4921 22.1376 19.4921C22.4644 19.4921 22.745 19.5689 22.9382 19.7224L22.5174 20.7732C22.344 20.6805 22.1601 20.6329 21.9668 20.6329C21.5791 20.6329 21.2588 20.7996 21.0061 21.1331C20.752 21.4666 20.6249 21.9814 20.6249 22.6749V24.738H19.3836V19.5715H19.3849Z" fill="black"></path><path d="M24.8518 24.4178L22.9792 19.5715H24.2312L25.4434 22.8562L26.5841 19.5715H27.8255L25.1827 26.7813H23.981L24.8518 24.4178Z" fill="black"></path><path d="M28.8074 24.4786C28.4607 24.251 28.1881 23.9347 27.9909 23.5271C27.7937 23.1195 27.6958 22.663 27.6958 22.1548C27.6958 21.6466 27.7911 21.1821 27.9816 20.7785C28.1722 20.3748 28.4369 20.0585 28.7783 19.8322C29.1184 19.6059 29.5088 19.4921 29.9495 19.4921C30.2962 19.4921 30.6006 19.5543 30.86 19.6774C31.1207 19.8005 31.3205 19.9765 31.4608 20.2028V17.65H32.7021V24.7393H31.4608V24.1187C31.3139 24.3251 31.1141 24.4945 30.86 24.6242C30.6059 24.7539 30.3055 24.8201 29.9588 24.8201C29.5379 24.8201 29.1541 24.7063 28.8074 24.48V24.4786ZM31.1763 23.2664C31.4198 22.9925 31.5415 22.6219 31.5415 22.1548C31.5415 21.6876 31.4198 21.3171 31.1763 21.0431C30.9328 20.7692 30.6271 20.6329 30.2605 20.6329C29.8939 20.6329 29.5882 20.7705 29.3447 21.0431C29.1012 21.3171 28.9795 21.6876 28.9795 22.1548C28.9795 22.6219 29.1012 22.9925 29.3447 23.2664C29.5882 23.5404 29.8939 23.6767 30.2605 23.6767C30.6271 23.6767 30.9328 23.5404 31.1763 23.2664Z" fill="black"></path><path d="M34.2624 24.6388C33.9951 24.5183 33.782 24.3437 33.6219 24.1134C33.4618 23.8831 33.3824 23.6079 33.3824 23.2876C33.3824 22.7807 33.5729 22.3718 33.9527 22.0608C34.3339 21.7511 34.8473 21.595 35.4945 21.595H36.6061V21.415C36.6061 21.1543 36.5161 20.9465 36.3361 20.789C36.1562 20.6329 35.9127 20.5535 35.6056 20.5535C35.3582 20.5535 35.1345 20.6183 34.9347 20.7493C34.7349 20.879 34.584 21.0312 34.4834 21.2046L33.5319 20.6342C33.7119 20.3073 33.9792 20.0347 34.3325 19.8177C34.6859 19.6006 35.1094 19.4921 35.6043 19.4921C36.3123 19.4921 36.8629 19.6615 37.2559 20.003C37.6503 20.3431 37.8461 20.834 37.8461 21.4746V24.7393H36.8245L36.6538 24.079C36.487 24.3066 36.2753 24.4866 36.0172 24.6189C35.7605 24.7526 35.4574 24.8187 35.1107 24.8187C34.8103 24.8187 34.5271 24.7592 34.2598 24.6388H34.2624ZM36.2607 23.457C36.491 23.2572 36.6061 23.0097 36.6061 22.7159V22.5756H35.6255C35.3383 22.5756 35.1094 22.6312 34.94 22.741C34.7693 22.8509 34.6846 23.0031 34.6846 23.1963C34.6846 23.3763 34.7468 23.5152 34.8698 23.6118C34.9929 23.7084 35.1755 23.7574 35.4151 23.7574C35.7486 23.7574 36.0304 23.6568 36.2607 23.457V23.457Z" fill="black"></path><path d="M39.7571 24.4178L37.8845 19.5715H39.1364L40.3473 22.8562L41.4894 19.5715H42.7308L40.088 26.7813H38.8863L39.7571 24.4178Z" fill="black"></path><path d="M13.652 33.1164H12.6185V27.5515H14.6618C15.7985 27.5515 16.4589 28.3072 16.4589 29.2772C16.4589 30.2473 15.7985 31.0029 14.6618 31.0029H13.652V33.1177V33.1164ZM15.4095 29.2759C15.4095 28.7505 15.076 28.5044 14.5824 28.5044H13.652V30.0461H14.5824C15.0747 30.0461 15.4095 29.8 15.4095 29.2746V29.2759Z" fill="black"></path><path d="M17.0981 29.0139H18.084V29.6345C18.3222 29.1899 18.7682 28.9503 19.2843 28.9503C19.5464 28.9503 19.7687 29.0139 19.9209 29.133L19.5874 29.968C19.4524 29.8966 19.3095 29.8569 19.1507 29.8569C18.5856 29.8569 18.0854 30.3015 18.0854 31.4793V33.1177H17.0994V29.0152L17.0981 29.0139Z" fill="black"></path><path d="M20.9703 27.312C21.3356 27.312 21.6069 27.5899 21.6069 27.9485C21.6069 28.3072 21.3369 28.5851 20.9703 28.5851C20.6038 28.5851 20.3338 28.3072 20.3338 27.9485C20.3338 27.5899 20.6038 27.312 20.9703 27.312ZM21.4626 33.1164H20.4767V29.0139H21.4626V33.1164Z" fill="black"></path><path d="M22.2355 31.0651C22.2355 29.8251 23.0785 28.9503 24.3026 28.9503C25.1774 28.9503 25.8205 29.2997 26.1553 30.0713L25.2568 30.4762C25.0583 30.0792 24.7565 29.8555 24.3026 29.8555C23.6899 29.8555 23.2373 30.3399 23.2373 31.0638C23.2373 31.7877 23.6899 32.272 24.3026 32.272C24.7552 32.272 25.0583 32.0497 25.2568 31.6514L26.1553 32.0563C25.8219 32.8279 25.1774 33.1772 24.3026 33.1772C23.0785 33.1772 22.2355 32.3025 22.2355 31.0625V31.0651Z" fill="black"></path><path d="M30.5874 31.3827H27.5581C27.6693 32.0113 28.1153 32.3051 28.6473 32.3051C29.1316 32.3051 29.4109 32.0907 29.6808 31.7083L30.5159 32.1609C30.1348 32.7736 29.5617 33.1786 28.5917 33.1786C27.2167 33.1786 26.5484 32.0894 26.5484 31.0638C26.5484 30.0382 27.2723 28.949 28.5838 28.949C29.8952 28.949 30.5874 29.9667 30.5874 30.9765V31.3814V31.3827ZM29.5776 30.6033C29.5062 30.1586 29.1409 29.8079 28.5838 29.8079C28.1391 29.8079 27.7408 30.0938 27.5978 30.6033H29.5776V30.6033Z" fill="black"></path><path d="M31.0294 32.2416L31.7374 31.6448C31.9677 32.0577 32.2866 32.3051 32.7551 32.3051C33.0965 32.3051 33.3281 32.1463 33.3281 31.8922C33.3281 31.6381 33.0105 31.4952 32.4613 31.343C31.785 31.1604 31.253 30.7713 31.253 30.1507C31.253 29.4665 31.8975 28.9503 32.7154 28.9503C33.4472 28.9503 33.876 29.3156 34.1142 29.7139L33.4776 30.2631C33.2553 29.9058 32.9602 29.7933 32.7061 29.7933C32.3726 29.7933 32.1728 29.9442 32.1728 30.1189C32.1728 30.365 32.3951 30.4762 33.0634 30.6522C33.7397 30.8269 34.2796 31.1855 34.2796 31.8922C34.2796 32.5989 33.7225 33.1799 32.6902 33.1799C31.9028 33.1799 31.3311 32.8464 31.0281 32.2416H31.0294Z" fill="black"></path><path d="M23.5046 47.8549H24.2007C24.3979 47.8549 24.4045 47.8443 24.3609 47.6498C24.2643 47.2263 24.1796 46.8015 24.0724 46.382C24.0155 46.161 24.0287 46.0207 24.2391 45.8579C24.7473 45.4675 24.7658 44.7013 24.3212 44.2315C23.8792 43.7643 23.1288 43.763 22.6855 44.2275C22.2395 44.696 22.2514 45.4636 22.7609 45.854C22.9898 46.0286 22.9925 46.1822 22.9237 46.4018C22.9171 46.423 22.9118 46.4429 22.9078 46.464C22.8165 46.8743 22.7238 47.2859 22.6339 47.6961C22.6021 47.8443 22.614 47.8562 22.7715 47.8562C23.0163 47.8562 23.2611 47.8562 23.506 47.8562M23.4954 41.1361C24.2179 41.1361 24.9392 41.1334 25.6604 41.1374C25.7689 41.1374 25.8166 41.1096 25.8139 40.9932C25.8086 40.62 25.8139 40.2454 25.81 39.8723C25.806 39.5771 25.7517 39.29 25.634 39.0187C25.1602 37.9229 24.0406 37.3803 22.88 37.6807C22.0357 37.8991 21.329 38.668 21.2337 39.5374C21.1808 40.0139 21.2072 40.4982 21.1914 40.9786C21.1874 41.1056 21.235 41.1387 21.3568 41.1387C22.0701 41.1334 22.7834 41.1361 23.4967 41.1361M23.4967 50.6023C22.217 50.6023 20.9359 50.6023 19.6562 50.6023C18.6849 50.6023 17.9186 50.0041 17.699 49.0592C17.6619 48.903 17.654 48.735 17.654 48.5735C17.6513 46.7856 17.6566 44.9977 17.65 43.2112C17.6473 42.4899 17.9028 41.9037 18.4943 41.4815C18.8132 41.2539 19.1758 41.1427 19.5689 41.1374C19.7396 41.1348 19.7383 41.1321 19.7396 40.9627C19.7436 40.5035 19.7198 40.0403 19.7595 39.5851C19.9408 37.4822 21.7631 35.9683 23.862 36.1549C25.7584 36.3243 27.2578 37.96 27.2617 39.867C27.2617 40.2282 27.2617 40.5895 27.2617 40.9495C27.2617 41.1321 27.2617 41.1308 27.4457 41.1387C28.2159 41.1731 28.7796 41.5357 29.1436 42.212C29.3024 42.5071 29.3513 42.8274 29.3513 43.1595C29.3513 44.9779 29.3553 46.7949 29.3513 48.6132C29.3487 49.5965 28.732 50.3601 27.7845 50.5639C27.6429 50.5943 27.4946 50.6023 27.3491 50.6023C26.0641 50.6049 24.7804 50.6036 23.4954 50.6036" fill="black"></path></svg><p class="styled__StyledBodyText-sc-119w3hf-5 ggtTyf styled__DarkGreyBodyText-sc-9yzfq2-2 lmkdDf">Low Everyday Price</p></div></div></div></div></div></div></div></li><li class="product-list--list-item"><div class="styles__StyledVerticalTileWrapper-dvv1wj-0 dtCNPH"><div data-auto="product-tile" data-auto-type="Quantity" data-auto-available="true" data-auto-is-restricted-disabled="false" data-auto-is-substitute="false" class="styles__StyledVerticalTile-dvv1wj-1 gSCsYK"><div class="styles__StyledTileContentWrapper-dvv1wj-2 bkNhNP beans"><div id="tile-300953749" data-auto-id="300953749" class="styles__StyledTiledContent-dvv1wj-3 bcglTg"><a href="https://www.tesco.com/groceries/en-GB/products/300953749" aria-hidden="true" class="product-image-wrapper" tabindex="1"><div class="product-image__container"><picture><img class="styled__Image-sjvkdn-0 bJErKA product-image beans-responsive-image__image" src="data:image/gif;base64,R0lGODlhAQABAAAAACH5BAEKAAEALAAAAAABAAEAAAICTAEAOw==" srcset="https://digitalcontent.api.tesco.com/v2/media/ghs/147f3342-9368-42ae-99cd-3266a40603b3/568b8ca7-4722-40f9-b203-5da43ee5253b_1794616353.jpeg?h=225&amp;w=225 768w, data:image/gif;base64,R0lGODlhAQABAAAAACH5BAEKAAEALAAAAAABAAEAAAICTAEAOw== 4000w" alt="Tesco Extracts Eucalyptus Antibacterial Handwash 500Ml"></picture></div></a><div class="product-details--wrapper"><h3 class="styles__H3-oa5soe-0 bCKNNq"><a href="https://www.tesco.com/groceries/en-GB/products/300953749" class="styled__Anchor-sc-1xbujuz-0 csVOnh beans-link__anchor" data-auto="product-tile--title"><span class="styled__Text-sc-1xbujuz-1 ldbwMG beans-link__text">Tesco Extracts Eucalyptus Antibacterial Handwash 500Ml</span></a></h3><div class="styles__StyledPromotionsAboveMobile-dvv1wj-7 iPTMuo"></div><div class="styles__StyledProductDetailsContent-dvv1wj-5 ddRSrq"><a href="https://www.tesco.com/groceries/en-GB/reviews/submission/300953749?from=%2Fshop%2Fhealth-and-beauty%2Fall" aria-label="Write a review for Tesco Extracts Eucalyptus Antibacterial Handwash 500Ml" class="styled__Anchor-sc-1xbujuz-0 jSzuDt write-a-review-link beans-link__anchor" data-auto="review-link"><span class="styled__Text-sc-1xbujuz-1 fyDIEo beans-link__text">Write a review</span><span class="styled__IconContainer-sc-1xbujuz-2 bSauSL beans-link__icon-container"><svg aria-hidden="true" class="styled__SVG-xxa4wh-1 hQMCqc beans-link__icon beans-icon__svg" height="13.33" preserveAspectRatio="xMinYMax meet" viewBox="-1 0 12 20" width="8" xmlns="http://www.w3.org/2000/svg" color="currentColor"><path d="M1.312 1.348L10.276 10l-8.964 8.644" fill="none" stroke="currentColor"></path></svg></span></a><div><a href="https://www.tesco.com/groceries/en-GB/shop/health-and-beauty/shower-bath-and-hand-hygiene/handwash/antibacterial-handwash" class="styled__Anchor-sc-1xbujuz-0 jSzuDt rest-of-shelf-link beans-link__anchor" data-auto="rest-of-shelf-link"><span class="styled__Text-sc-1xbujuz-1 fyDIEo beans-link__text">Rest of <span class="visually-hidden">Antibacterial Handwash</span> shelf</span><span class="styled__IconContainer-sc-1xbujuz-2 bSauSL beans-link__icon-container"><svg aria-hidden="true" class="styled__SVG-xxa4wh-1 hQMCqc beans-link__icon beans-icon__svg" height="13.33" preserveAspectRatio="xMinYMax meet" viewBox="-1 0 12 20" width="8" xmlns="http://www.w3.org/2000/svg" color="currentColor"><path d="M1.312 1.348L10.276 10l-8.964 8.644" fill="none" stroke="currentColor"></path></svg></span></a></div><div class="product-info-message-section"><div class="product-info-message-list"></div></div></div><div class="styles__StyledBuyBoxWrapper-dvv1wj-4 dSvjUC"><div class="styles__StyledBuyBoxContainer-sc-1wx0qp6-0 erryje" data-auto="buybox-container"><div class="styles__SafeFormWrapper-jtpu2t-0 lcrYKS"><form action="https://www.tesco.com/groceries/en-GB/trolley/items/300953749?_method=PUT" method="POST"><input type="submit" class="hidden"><input name="id" type="hidden" value="300953749"><input name="identifier" type="hidden" value="Page"><input name="anchorId" type="hidden" value="#tile-300953749"><input name="returnUrl" type="hidden" value="/groceries/en-GB/shop/health-and-beauty/all?redirectIfUnavailable=true#tile-300953749"><input name="backToUrl" type="hidden" value="#"><input name="oldValue" type="hidden" value="0"><input name="oldUnitChoice" type="hidden" value="pcs"><input name="newUnitChoice" type="hidden" value="pcs"><div class="base-components__RootElement-sc-1mosoyj-1 styled__Container-sc-6nhkzi-0 jptQqM hSNpTb beans-buybox__container"><div class="base-components__BaseElement-sc-1mosoyj-0 styled__PriceAndActions-sc-6nhkzi-3 oznwo eEPLov beans-buybox__price-and-actions"><div class="base-components__RootElement-sc-1mosoyj-1 styled__Container-sc-8qlq5b-0 jptQqM bgZrjw styled__StyledPrice-sc-6nhkzi-5 iYHeik beans-buybox__price beans-price__container"><p class="styled__StyledHeading-sc-119w3hf-2 jWPEtj styled__Text-sc-8qlq5b-1 lnaeiZ beans-price__text">£0.90</p><p class="styled__StyledFootnote-sc-119w3hf-7 icrlVF styled__Subtext-sc-8qlq5b-2 bNJmdc beans-price__subtext">£0.18/100ml</p></div><div class="base-components__RootElement-sc-1mosoyj-1 styled__Container-vtxwzb-0 jptQqM bDFhXJ beans-buybox__actions beans-quantity-controls__container"><div class="base-components__RootElement-sc-1mosoyj-1 styled__Container-sc-16t2b2a-0 jptQqM PUfgZ styled__StyledFormGroup-vtxwzb-1 kzKuAr beans-quantity-controls__form-group beans-form-group__container"><label class="styled__StyledLabel-sc-1ttuvhr-0 izGEjV beans-form-group__label beans-label" for="quantity-controls-300953749">Quantity controls </label><div class="base-components__BaseElement-sc-1mosoyj-0 styled__Children-sc-16t2b2a-3 oznwo gdJvjO beans-form-group__children"><div class="styled__StyledQuantityControlWrapper-vtxwzb-6 LCxOg"><label id="quantity-controls-300953749-label" class="styled__VisuallyHiddenLabel-vtxwzb-7 gXlLiM">Quantity of Tesco Extracts Eucalyptus Antibacterial Handwash 500Ml</label><div class="component__Wrapper-sc-1kpmik-3 dReplG input-wrapper"><input class="base-components__RootElement-sc-1mosoyj-1 styled__StyledInput-sc-1jd5f57-0 component__StyledAsInput-sc-1kpmik-4 jptQqM eJLlow styled__StyledInput-vtxwzb-3 lwMHo beans-quantity-controls__input beans-input" data-auto="beans-quantity-controls-input" autocomplete="off" id="quantity-controls-300953749" maxlength="2" name="newValue" type="number" aria-labelledby="quantity-controls-300953749-label" value="1"></div></div><button class="styled__BaseButton-rsekm1-0 styled__PrimaryButton-rsekm1-2 jChbeY geeWOF styled__StyledButton-vtxwzb-5 japAxb beans-quantity-controls__add-button beans-button__container" type="submit" data-auto="beans-quantity-controls-add-button" aria-label="Quantity of Tesco Extracts Eucalyptus Antibacterial Handwash 500Ml"><span class="base-components__BaseElement-sc-1mosoyj-0 styled__InnerContainer-rsekm1-1 oznwo fuFres beans-button__inner-container"><span class="base-components__BaseElement-sc-1mosoyj-0 styled__TextSpan-rsekm1-4 oznwo GDiMp beans-button__text">Add</span></span></button></div></div></div></div></div><input name="_csrf" type="hidden" value="0WbpBJF9-cS-fAMl-ByHnl5hECj1JaZiBQ20"></form></div></div></div></div><div class="hidden-medium product-info-section-small"><div class="product-info-message-list"></div></div></div></div></div></div></li><li class="product-list--list-item"><div class="styles__StyledVerticalTileWrapper-dvv1wj-0 dtCNPH"><div data-auto="product-tile" data-auto-type="Quantity" data-auto-available="true" data-auto-is-restricted-disabled="false" data-auto-is-substitute="false" class="styles__StyledVerticalTile-dvv1wj-1 gSCsYK"><div class="styles__StyledTileContentWrapper-dvv1wj-2 bkNhNP beans"><div id="tile-300953784" data-auto-id="300953784" class="styles__StyledTiledContent-dvv1wj-3 bcglTg"><a href="https://www.tesco.com/groceries/en-GB/products/300953784" aria-hidden="true" class="product-image-wrapper" tabindex="1"><div class="product-image__container"><picture><img class="styled__Image-sjvkdn-0 bJErKA product-image beans-responsive-image__image" src="data:image/gif;base64,R0lGODlhAQABAAAAACH5BAEKAAEALAAAAAABAAEAAAICTAEAOw==" srcset="https://digitalcontent.api.tesco.com/v2/media/ghs/afbf0e41-95e0-4054-8c9f-56bce891b6cd/10589dc8-d205-4415-95a9-3203f29a5703_757049928.jpeg?h=225&amp;w=225 768w, data:image/gif;base64,R0lGODlhAQABAAAAACH5BAEKAAEALAAAAAABAAEAAAICTAEAOw== 4000w" alt="Tesco Extracts Magnolia Antibacterial Hand Wash 500Ml"></picture></div></a><div class="product-details--wrapper"><h3 class="styles__H3-oa5soe-0 bCKNNq"><a href="https://www.tesco.com/groceries/en-GB/products/300953784" class="styled__Anchor-sc-1xbujuz-0 csVOnh beans-link__anchor" data-auto="product-tile--title"><span class="styled__Text-sc-1xbujuz-1 ldbwMG beans-link__text">Tesco Extracts Magnolia Antibacterial Hand Wash 500Ml</span></a></h3><div class="styles__StyledPromotionsAboveMobile-dvv1wj-7 iPTMuo"></div><div class="styles__StyledProductDetailsContent-dvv1wj-5 ddRSrq"><a href="https://www.tesco.com/groceries/en-GB/reviews/submission/300953784?from=%2Fshop%2Fhealth-and-beauty%2Fall" aria-label="Write a review for Tesco Extracts Magnolia Antibacterial Hand Wash 500Ml" class="styled__Anchor-sc-1xbujuz-0 jSzuDt write-a-review-link beans-link__anchor" data-auto="review-link"><span class="styled__Text-sc-1xbujuz-1 fyDIEo beans-link__text">Write a review</span><span class="styled__IconContainer-sc-1xbujuz-2 bSauSL beans-link__icon-container"><svg aria-hidden="true" class="styled__SVG-xxa4wh-1 hQMCqc beans-link__icon beans-icon__svg" height="13.33" preserveAspectRatio="xMinYMax meet" viewBox="-1 0 12 20" width="8" xmlns="http://www.w3.org/2000/svg" color="currentColor"><path d="M1.312 1.348L10.276 10l-8.964 8.644" fill="none" stroke="currentColor"></path></svg></span></a><div><a href="https://www.tesco.com/groceries/en-GB/shop/health-and-beauty/shower-bath-and-hand-hygiene/handwash/antibacterial-handwash" class="styled__Anchor-sc-1xbujuz-0 jSzuDt rest-of-shelf-link beans-link__anchor" data-auto="rest-of-shelf-link"><span class="styled__Text-sc-1xbujuz-1 fyDIEo beans-link__text">Rest of <span class="visually-hidden">Antibacterial Handwash</span> shelf</span><span class="styled__IconContainer-sc-1xbujuz-2 bSauSL beans-link__icon-container"><svg aria-hidden="true" class="styled__SVG-xxa4wh-1 hQMCqc beans-link__icon beans-icon__svg" height="13.33" preserveAspectRatio="xMinYMax meet" viewBox="-1 0 12 20" width="8" xmlns="http://www.w3.org/2000/svg" color="currentColor"><path d="M1.312 1.348L10.276 10l-8.964 8.644" fill="none" stroke="currentColor"></path></svg></span></a></div><div class="product-info-message-section"><div class="product-info-message-list"></div></div></div><div class="styles__StyledBuyBoxWrapper-dvv1wj-4 dSvjUC"><div class="styles__StyledBuyBoxContainer-sc-1wx0qp6-0 erryje" data-auto="buybox-container"><div class="styles__SafeFormWrapper-jtpu2t-0 lcrYKS"><form action="https://www.tesco.com/groceries/en-GB/trolley/items/300953784?_method=PUT" method="POST"><input type="submit" class="hidden"><input name="id" type="hidden" value="300953784"><input name="identifier" type="hidden" value="Page"><input name="anchorId" type="hidden" value="#tile-300953784"><input name="returnUrl" type="hidden" value="/groceries/en-GB/shop/health-and-beauty/all?redirectIfUnavailable=true#tile-300953784"><input name="backToUrl" type="hidden" value="#"><input name="oldValue" type="hidden" value="0"><input name="oldUnitChoice" type="hidden" value="pcs"><input name="newUnitChoice" type="hidden" value="pcs"><div class="base-components__RootElement-sc-1mosoyj-1 styled__Container-sc-6nhkzi-0 jptQqM hSNpTb beans-buybox__container"><div class="base-components__BaseElement-sc-1mosoyj-0 styled__PriceAndActions-sc-6nhkzi-3 oznwo eEPLov beans-buybox__price-and-actions"><div class="base-components__RootElement-sc-1mosoyj-1 styled__Container-sc-8qlq5b-0 jptQqM bgZrjw styled__StyledPrice-sc-6nhkzi-5 iYHeik beans-buybox__price beans-price__container"><p class="styled__StyledHeading-sc-119w3hf-2 jWPEtj styled__Text-sc-8qlq5b-1 lnaeiZ beans-price__text">£0.90</p><p class="styled__StyledFootnote-sc-119w3hf-7 icrlVF styled__Subtext-sc-8qlq5b-2 bNJmdc beans-price__subtext">£0.18/100ml</p></div><div class="base-components__RootElement-sc-1mosoyj-1 styled__Container-vtxwzb-0 jptQqM bDFhXJ beans-buybox__actions beans-quantity-controls__container"><div class="base-components__RootElement-sc-1mosoyj-1 styled__Container-sc-16t2b2a-0 jptQqM PUfgZ styled__StyledFormGroup-vtxwzb-1 kzKuAr beans-quantity-controls__form-group beans-form-group__container"><label class="styled__StyledLabel-sc-1ttuvhr-0 izGEjV beans-form-group__label beans-label" for="quantity-controls-300953784">Quantity controls </label><div class="base-components__BaseElement-sc-1mosoyj-0 styled__Children-sc-16t2b2a-3 oznwo gdJvjO beans-form-group__children"><div class="styled__StyledQuantityControlWrapper-vtxwzb-6 LCxOg"><label id="quantity-controls-300953784-label" class="styled__VisuallyHiddenLabel-vtxwzb-7 gXlLiM">Quantity of Tesco Extracts Magnolia Antibacterial Hand Wash 500Ml</label><div class="component__Wrapper-sc-1kpmik-3 dReplG input-wrapper"><input class="base-components__RootElement-sc-1mosoyj-1 styled__StyledInput-sc-1jd5f57-0 component__StyledAsInput-sc-1kpmik-4 jptQqM eJLlow styled__StyledInput-vtxwzb-3 lwMHo beans-quantity-controls__input beans-input" data-auto="beans-quantity-controls-input" autocomplete="off" id="quantity-controls-300953784" maxlength="2" name="newValue" type="number" aria-labelledby="quantity-controls-300953784-label" value="1"></div></div><button class="styled__BaseButton-rsekm1-0 styled__PrimaryButton-rsekm1-2 jChbeY geeWOF styled__StyledButton-vtxwzb-5 japAxb beans-quantity-controls__add-button beans-button__container" type="submit" data-auto="beans-quantity-controls-add-button" aria-label="Quantity of Tesco Extracts Magnolia Antibacterial Hand Wash 500Ml"><span class="base-components__BaseElement-sc-1mosoyj-0 styled__InnerContainer-rsekm1-1 oznwo fuFres beans-button__inner-container"><span class="base-components__BaseElement-sc-1mosoyj-0 styled__TextSpan-rsekm1-4 oznwo GDiMp beans-button__text">Add</span></span></button></div></div></div></div></div><input name="_csrf" type="hidden" value="0WbpBJF9-cS-fAMl-ByHnl5hECj1JaZiBQ20"></form></div></div></div></div><div class="hidden-medium product-info-section-small"><div class="product-info-message-list"></div></div></div></div></div></div></li><li class="product-list--list-item"><div class="styles__StyledVerticalTileWrapper-dvv1wj-0 dtCNPH"><div data-auto="product-tile" data-auto-type="Quantity" data-auto-available="true" data-auto-is-restricted-disabled="false" data-auto-is-substitute="false" class="styles__StyledVerticalTile-dvv1wj-1 gSCsYK"><div class="styles__StyledTileContentWrapper-dvv1wj-2 bkNhNP beans"><div id="tile-278340954" data-auto-id="278340954" class="styles__StyledTiledContent-dvv1wj-3 bcglTg"><a href="https://www.tesco.com/groceries/en-GB/products/278340954" aria-hidden="true" class="product-image-wrapper" tabindex="1"><div class="product-image__container"><picture><img class="styled__Image-sjvkdn-0 bJErKA product-image beans-responsive-image__image" src="data:image/gif;base64,R0lGODlhAQABAAAAACH5BAEKAAEALAAAAAABAAEAAAICTAEAOw==" srcset="https://digitalcontent.api.tesco.com/v2/media/ghs/a0711a9a-8c63-4cbc-831d-cec2ce14bc74/1b4cdef1-c3d6-48f7-90fe-fa325f56b249_464744836.jpeg?h=225&amp;w=225 768w, data:image/gif;base64,R0lGODlhAQABAAAAACH5BAEKAAEALAAAAAABAAEAAAICTAEAOw== 4000w" alt="Radox Feel Uplifted Shower Gel 250Ml"></picture></div></a><div class="product-details--wrapper"><h3 class="styles__H3-oa5soe-0 bCKNNq"><a href="https://www.tesco.com/groceries/en-GB/products/278340954" class="styled__Anchor-sc-1xbujuz-0 csVOnh beans-link__anchor" data-auto="product-tile--title"><span class="styled__Text-sc-1xbujuz-1 ldbwMG beans-link__text">Radox Feel Uplifted Shower Gel 250Ml</span></a></h3><div class="styles__StyledPromotionsAboveMobile-dvv1wj-7 iPTMuo"></div><div class="styles__StyledProductDetailsContent-dvv1wj-5 ddRSrq"><a href="https://www.tesco.com/groceries/en-GB/reviews/submission/278340954?from=%2Fshop%2Fhealth-and-beauty%2Fall" aria-label="Write a review for Radox Feel Uplifted Shower Gel 250Ml" class="styled__Anchor-sc-1xbujuz-0 jSzuDt write-a-review-link beans-link__anchor" data-auto="review-link"><span class="styled__Text-sc-1xbujuz-1 fyDIEo beans-link__text">Write a review</span><span class="styled__IconContainer-sc-1xbujuz-2 bSauSL beans-link__icon-container"><svg aria-hidden="true" class="styled__SVG-xxa4wh-1 hQMCqc beans-link__icon beans-icon__svg" height="13.33" preserveAspectRatio="xMinYMax meet" viewBox="-1 0 12 20" width="8" xmlns="http://www.w3.org/2000/svg" color="currentColor"><path d="M1.312 1.348L10.276 10l-8.964 8.644" fill="none" stroke="currentColor"></path></svg></span></a><div><a href="https://www.tesco.com/groceries/en-GB/shop/health-and-beauty/shower-bath-and-hand-hygiene/shower/shower-gel" class="styled__Anchor-sc-1xbujuz-0 jSzuDt rest-of-shelf-link beans-link__anchor" data-auto="rest-of-shelf-link"><span class="styled__Text-sc-1xbujuz-1 fyDIEo beans-link__text">Rest of <span class="visually-hidden">Shower Gel</span> shelf</span><span class="styled__IconContainer-sc-1xbujuz-2 bSauSL beans-link__icon-container"><svg aria-hidden="true" class="styled__SVG-xxa4wh-1 hQMCqc beans-link__icon beans-icon__svg" height="13.33" preserveAspectRatio="xMinYMax meet" viewBox="-1 0 12 20" width="8" xmlns="http://www.w3.org/2000/svg" color="currentColor"><path d="M1.312 1.348L10.276 10l-8.964 8.644" fill="none" stroke="currentColor"></path></svg></span></a></div><div class="product-info-message-section"><div class="product-info-message-list"><div class="styled__WhiteBackground-sc-9yzfq2-1 jthPIJ"><svg width="56" height="61" viewBox="0 0 56 61" fill="none" xmlns="http://www.w3.org/2000/svg"><path d="M30.8759 45.8182C40.0086 42.7996 46.6572 34.3312 46.9801 24.2629H47V23.502V22.7397H46.9801C46.5765 10.112 36.2237 0 23.4993 0C10.5209 0 0 10.5209 0 23.4993C0 33.8972 6.75323 42.7162 16.1109 45.8142L16.1294 42.8684C13.3741 41.8189 10.9007 40.1978 8.8508 38.1492C5.099 34.3961 2.78308 29.2256 2.78308 23.4993C2.78308 17.7744 5.10032 12.6039 8.8508 8.84947C12.6039 5.09768 17.7744 2.78175 23.5007 2.78175C29.2256 2.78175 34.3961 5.09768 38.1505 8.84947C41.9023 12.6026 44.2182 17.7731 44.2182 23.4993C44.2182 29.2256 41.901 34.3948 38.1505 38.1492C36.1033 40.1952 33.6338 41.815 30.8838 42.8644L30.8772 45.8182H30.8759Z" fill="#EE1C2E"></path><path d="M9.82217 16.0368C10.5434 14.6962 11.4566 13.472 12.5245 12.4041C15.3354 9.59453 19.2116 7.85825 23.4994 7.85825C27.7871 7.85825 31.6633 9.59453 34.4742 12.4041C35.5435 13.4734 36.4553 14.6962 37.1765 16.0368H38.6256C35.8995 10.4309 30.1507 6.56662 23.498 6.56662C16.8454 6.56662 11.0966 10.4309 8.37042 16.0368H9.81952H9.82217Z" fill="black"></path><path d="M38.2419 28.245C37.4743 30.5728 36.1694 32.6571 34.4742 34.3537C32.8385 35.9881 30.8428 37.2599 28.6142 38.038C28.605 38.0407 28.5825 38.0394 28.5878 38.0473C28.773 38.3278 28.7836 39.3429 28.7836 39.3429C33.9567 37.6318 38.0142 33.4763 39.593 28.245H38.2419Z" fill="black"></path><path d="M12.5245 34.3537C10.4322 32.2601 8.9355 29.5763 8.30822 26.5722H6.99409C8.14941 32.5791 12.4994 37.4491 18.2085 39.3416C18.2111 39.3416 18.2177 39.3482 18.2177 39.3442C18.2627 38.2286 18.3898 38.0394 18.3898 38.0394C18.3818 38.0367 18.3726 38.0341 18.3646 38.0301C16.144 37.2519 14.1536 35.9828 12.5232 34.3524L12.5245 34.3537Z" fill="black"></path><path d="M17.6645 15.8727H20.1062V16.8335H16.623V11.2289H17.6645V15.8727Z" fill="black"></path><path d="M20.527 13.6745C20.7031 13.3516 20.9532 13.0975 21.2761 12.9136C21.599 12.7296 21.9682 12.637 22.3851 12.637C22.8019 12.637 23.1712 12.7296 23.4941 12.9136C23.817 13.0975 24.0658 13.3516 24.2431 13.6745C24.4191 13.9974 24.5065 14.3614 24.5065 14.7676C24.5065 15.1739 24.4191 15.5379 24.2431 15.8608C24.0671 16.1837 23.817 16.4364 23.4941 16.6217C23.1712 16.8057 22.8019 16.897 22.3851 16.897C21.9682 16.897 21.599 16.8057 21.2761 16.6217C20.9532 16.4378 20.7031 16.1837 20.527 15.8608C20.351 15.5379 20.2637 15.1739 20.2637 14.7676C20.2637 14.3614 20.351 13.9974 20.527 13.6745ZM21.5805 15.6477C21.7856 15.8727 22.0542 15.9838 22.3851 15.9838C22.7159 15.9838 22.9846 15.8713 23.1897 15.6477C23.3948 15.424 23.498 15.1303 23.498 14.7676C23.498 14.405 23.3948 14.1112 23.1897 13.8876C22.9846 13.6639 22.7159 13.5515 22.3851 13.5515C22.0542 13.5515 21.7856 13.6639 21.5805 13.8876C21.3753 14.1112 21.2721 14.405 21.2721 14.7676C21.2721 15.1303 21.3753 15.424 21.5805 15.6477Z" fill="black"></path><path d="M29.1687 16.8334H28.208L27.5119 14.1271L26.8158 16.8334H25.855L24.566 12.7018H25.5347L26.3182 15.4082L27.0315 12.7018H27.9923L28.7056 15.4082L29.489 12.7018H30.4577L29.1687 16.8334Z" fill="black"></path><path d="M8.61654 18.931H5.58202V20.4026H8.01572V21.6042H5.58202V23.5377H8.71579V24.738H4.27981V17.7294H8.61654V18.931Z" fill="black"></path><path d="M8.73168 19.5715H9.9836L11.2051 23.0269L12.4266 19.5715H13.6785L11.7662 24.738H10.644L8.73168 19.5715Z" fill="black"></path><path d="M18.7126 22.5558H14.8973C14.9635 22.9369 15.121 23.2254 15.3684 23.4226C15.6159 23.6198 15.9163 23.7177 16.2697 23.7177C16.5635 23.7177 16.8083 23.6555 17.0055 23.5324C17.2027 23.4093 17.3906 23.2201 17.5719 22.966L18.6226 23.5377C18.3686 23.9519 18.047 24.2682 17.6566 24.4892C17.2662 24.7089 16.7805 24.8201 16.1995 24.8201C15.6517 24.8201 15.1832 24.6917 14.7928 24.435C14.4024 24.1782 14.1099 23.8461 13.9167 23.4385C13.7235 23.0322 13.6269 22.6047 13.6269 22.1574C13.6269 21.7101 13.7288 21.2827 13.9326 20.8764C14.1364 20.4688 14.4315 20.1366 14.8192 19.8799C15.207 19.6231 15.6636 19.4948 16.1916 19.4948C16.7196 19.4948 17.1828 19.6152 17.5626 19.8547C17.9438 20.0956 18.2296 20.4106 18.4241 20.801C18.6174 21.1914 18.714 21.6069 18.714 22.0476V22.5584L18.7126 22.5558ZM17.4409 21.5751C17.3945 21.2813 17.2582 21.0418 17.0346 20.8539C16.8109 20.6673 16.5291 20.5733 16.1889 20.5733C15.9018 20.5733 15.645 20.662 15.4174 20.838C15.1911 21.0153 15.0336 21.2602 14.9463 21.5738H17.4395L17.4409 21.5751Z" fill="black"></path><path d="M19.3849 19.5715H20.6263V20.3523C20.7732 20.0718 20.9809 19.8587 21.2469 19.7118C21.5142 19.5649 21.8107 19.4921 22.1376 19.4921C22.4644 19.4921 22.745 19.5689 22.9382 19.7224L22.5174 20.7732C22.344 20.6805 22.1601 20.6329 21.9668 20.6329C21.5791 20.6329 21.2588 20.7996 21.0061 21.1331C20.752 21.4666 20.6249 21.9814 20.6249 22.6749V24.738H19.3836V19.5715H19.3849Z" fill="black"></path><path d="M24.8518 24.4178L22.9792 19.5715H24.2312L25.4434 22.8562L26.5841 19.5715H27.8255L25.1827 26.7813H23.981L24.8518 24.4178Z" fill="black"></path><path d="M28.8074 24.4786C28.4607 24.251 28.1881 23.9347 27.9909 23.5271C27.7937 23.1195 27.6958 22.663 27.6958 22.1548C27.6958 21.6466 27.7911 21.1821 27.9816 20.7785C28.1722 20.3748 28.4369 20.0585 28.7783 19.8322C29.1184 19.6059 29.5088 19.4921 29.9495 19.4921C30.2962 19.4921 30.6006 19.5543 30.86 19.6774C31.1207 19.8005 31.3205 19.9765 31.4608 20.2028V17.65H32.7021V24.7393H31.4608V24.1187C31.3139 24.3251 31.1141 24.4945 30.86 24.6242C30.6059 24.7539 30.3055 24.8201 29.9588 24.8201C29.5379 24.8201 29.1541 24.7063 28.8074 24.48V24.4786ZM31.1763 23.2664C31.4198 22.9925 31.5415 22.6219 31.5415 22.1548C31.5415 21.6876 31.4198 21.3171 31.1763 21.0431C30.9328 20.7692 30.6271 20.6329 30.2605 20.6329C29.8939 20.6329 29.5882 20.7705 29.3447 21.0431C29.1012 21.3171 28.9795 21.6876 28.9795 22.1548C28.9795 22.6219 29.1012 22.9925 29.3447 23.2664C29.5882 23.5404 29.8939 23.6767 30.2605 23.6767C30.6271 23.6767 30.9328 23.5404 31.1763 23.2664Z" fill="black"></path><path d="M34.2624 24.6388C33.9951 24.5183 33.782 24.3437 33.6219 24.1134C33.4618 23.8831 33.3824 23.6079 33.3824 23.2876C33.3824 22.7807 33.5729 22.3718 33.9527 22.0608C34.3339 21.7511 34.8473 21.595 35.4945 21.595H36.6061V21.415C36.6061 21.1543 36.5161 20.9465 36.3361 20.789C36.1562 20.6329 35.9127 20.5535 35.6056 20.5535C35.3582 20.5535 35.1345 20.6183 34.9347 20.7493C34.7349 20.879 34.584 21.0312 34.4834 21.2046L33.5319 20.6342C33.7119 20.3073 33.9792 20.0347 34.3325 19.8177C34.6859 19.6006 35.1094 19.4921 35.6043 19.4921C36.3123 19.4921 36.8629 19.6615 37.2559 20.003C37.6503 20.3431 37.8461 20.834 37.8461 21.4746V24.7393H36.8245L36.6538 24.079C36.487 24.3066 36.2753 24.4866 36.0172 24.6189C35.7605 24.7526 35.4574 24.8187 35.1107 24.8187C34.8103 24.8187 34.5271 24.7592 34.2598 24.6388H34.2624ZM36.2607 23.457C36.491 23.2572 36.6061 23.0097 36.6061 22.7159V22.5756H35.6255C35.3383 22.5756 35.1094 22.6312 34.94 22.741C34.7693 22.8509 34.6846 23.0031 34.6846 23.1963C34.6846 23.3763 34.7468 23.5152 34.8698 23.6118C34.9929 23.7084 35.1755 23.7574 35.4151 23.7574C35.7486 23.7574 36.0304 23.6568 36.2607 23.457V23.457Z" fill="black"></path><path d="M39.7571 24.4178L37.8845 19.5715H39.1364L40.3473 22.8562L41.4894 19.5715H42.7308L40.088 26.7813H38.8863L39.7571 24.4178Z" fill="black"></path><path d="M13.652 33.1164H12.6185V27.5515H14.6618C15.7985 27.5515 16.4589 28.3072 16.4589 29.2772C16.4589 30.2473 15.7985 31.0029 14.6618 31.0029H13.652V33.1177V33.1164ZM15.4095 29.2759C15.4095 28.7505 15.076 28.5044 14.5824 28.5044H13.652V30.0461H14.5824C15.0747 30.0461 15.4095 29.8 15.4095 29.2746V29.2759Z" fill="black"></path><path d="M17.0981 29.0139H18.084V29.6345C18.3222 29.1899 18.7682 28.9503 19.2843 28.9503C19.5464 28.9503 19.7687 29.0139 19.9209 29.133L19.5874 29.968C19.4524 29.8966 19.3095 29.8569 19.1507 29.8569C18.5856 29.8569 18.0854 30.3015 18.0854 31.4793V33.1177H17.0994V29.0152L17.0981 29.0139Z" fill="black"></path><path d="M20.9703 27.312C21.3356 27.312 21.6069 27.5899 21.6069 27.9485C21.6069 28.3072 21.3369 28.5851 20.9703 28.5851C20.6038 28.5851 20.3338 28.3072 20.3338 27.9485C20.3338 27.5899 20.6038 27.312 20.9703 27.312ZM21.4626 33.1164H20.4767V29.0139H21.4626V33.1164Z" fill="black"></path><path d="M22.2355 31.0651C22.2355 29.8251 23.0785 28.9503 24.3026 28.9503C25.1774 28.9503 25.8205 29.2997 26.1553 30.0713L25.2568 30.4762C25.0583 30.0792 24.7565 29.8555 24.3026 29.8555C23.6899 29.8555 23.2373 30.3399 23.2373 31.0638C23.2373 31.7877 23.6899 32.272 24.3026 32.272C24.7552 32.272 25.0583 32.0497 25.2568 31.6514L26.1553 32.0563C25.8219 32.8279 25.1774 33.1772 24.3026 33.1772C23.0785 33.1772 22.2355 32.3025 22.2355 31.0625V31.0651Z" fill="black"></path><path d="M30.5874 31.3827H27.5581C27.6693 32.0113 28.1153 32.3051 28.6473 32.3051C29.1316 32.3051 29.4109 32.0907 29.6808 31.7083L30.5159 32.1609C30.1348 32.7736 29.5617 33.1786 28.5917 33.1786C27.2167 33.1786 26.5484 32.0894 26.5484 31.0638C26.5484 30.0382 27.2723 28.949 28.5838 28.949C29.8952 28.949 30.5874 29.9667 30.5874 30.9765V31.3814V31.3827ZM29.5776 30.6033C29.5062 30.1586 29.1409 29.8079 28.5838 29.8079C28.1391 29.8079 27.7408 30.0938 27.5978 30.6033H29.5776V30.6033Z" fill="black"></path><path d="M31.0294 32.2416L31.7374 31.6448C31.9677 32.0577 32.2866 32.3051 32.7551 32.3051C33.0965 32.3051 33.3281 32.1463 33.3281 31.8922C33.3281 31.6381 33.0105 31.4952 32.4613 31.343C31.785 31.1604 31.253 30.7713 31.253 30.1507C31.253 29.4665 31.8975 28.9503 32.7154 28.9503C33.4472 28.9503 33.876 29.3156 34.1142 29.7139L33.4776 30.2631C33.2553 29.9058 32.9602 29.7933 32.7061 29.7933C32.3726 29.7933 32.1728 29.9442 32.1728 30.1189C32.1728 30.365 32.3951 30.4762 33.0634 30.6522C33.7397 30.8269 34.2796 31.1855 34.2796 31.8922C34.2796 32.5989 33.7225 33.1799 32.6902 33.1799C31.9028 33.1799 31.3311 32.8464 31.0281 32.2416H31.0294Z" fill="black"></path><path d="M23.5046 47.8549H24.2007C24.3979 47.8549 24.4045 47.8443 24.3609 47.6498C24.2643 47.2263 24.1796 46.8015 24.0724 46.382C24.0155 46.161 24.0287 46.0207 24.2391 45.8579C24.7473 45.4675 24.7658 44.7013 24.3212 44.2315C23.8792 43.7643 23.1288 43.763 22.6855 44.2275C22.2395 44.696 22.2514 45.4636 22.7609 45.854C22.9898 46.0286 22.9925 46.1822 22.9237 46.4018C22.9171 46.423 22.9118 46.4429 22.9078 46.464C22.8165 46.8743 22.7238 47.2859 22.6339 47.6961C22.6021 47.8443 22.614 47.8562 22.7715 47.8562C23.0163 47.8562 23.2611 47.8562 23.506 47.8562M23.4954 41.1361C24.2179 41.1361 24.9392 41.1334 25.6604 41.1374C25.7689 41.1374 25.8166 41.1096 25.8139 40.9932C25.8086 40.62 25.8139 40.2454 25.81 39.8723C25.806 39.5771 25.7517 39.29 25.634 39.0187C25.1602 37.9229 24.0406 37.3803 22.88 37.6807C22.0357 37.8991 21.329 38.668 21.2337 39.5374C21.1808 40.0139 21.2072 40.4982 21.1914 40.9786C21.1874 41.1056 21.235 41.1387 21.3568 41.1387C22.0701 41.1334 22.7834 41.1361 23.4967 41.1361M23.4967 50.6023C22.217 50.6023 20.9359 50.6023 19.6562 50.6023C18.6849 50.6023 17.9186 50.0041 17.699 49.0592C17.6619 48.903 17.654 48.735 17.654 48.5735C17.6513 46.7856 17.6566 44.9977 17.65 43.2112C17.6473 42.4899 17.9028 41.9037 18.4943 41.4815C18.8132 41.2539 19.1758 41.1427 19.5689 41.1374C19.7396 41.1348 19.7383 41.1321 19.7396 40.9627C19.7436 40.5035 19.7198 40.0403 19.7595 39.5851C19.9408 37.4822 21.7631 35.9683 23.862 36.1549C25.7584 36.3243 27.2578 37.96 27.2617 39.867C27.2617 40.2282 27.2617 40.5895 27.2617 40.9495C27.2617 41.1321 27.2617 41.1308 27.4457 41.1387C28.2159 41.1731 28.7796 41.5357 29.1436 42.212C29.3024 42.5071 29.3513 42.8274 29.3513 43.1595C29.3513 44.9779 29.3553 46.7949 29.3513 48.6132C29.3487 49.5965 28.732 50.3601 27.7845 50.5639C27.6429 50.5943 27.4946 50.6023 27.3491 50.6023C26.0641 50.6049 24.7804 50.6036 23.4954 50.6036" fill="black"></path></svg><p class="styled__StyledBodyText-sc-119w3hf-5 ggtTyf styled__DarkGreyBodyText-sc-9yzfq2-2 lmkdDf">Low Everyday Price</p></div></div></div></div><div class="styles__StyledBuyBoxWrapper-dvv1wj-4 dSvjUC"><div class="styles__StyledBuyBoxContainer-sc-1wx0qp6-0 erryje" data-auto="buybox-container"><div class="styles__SafeFormWrapper-jtpu2t-0 lcrYKS"><form action="https://www.tesco.com/groceries/en-GB/trolley/items/278340954?_method=PUT" method="POST"><input type="submit" class="hidden"><input name="id" type="hidden" value="278340954"><input name="identifier" type="hidden" value="Page"><input name="anchorId" type="hidden" value="#tile-278340954"><input name="returnUrl" type="hidden" value="/groceries/en-GB/shop/health-and-beauty/all?redirectIfUnavailable=true#tile-278340954"><input name="backToUrl" type="hidden" value="#"><input name="oldValue" type="hidden" value="0"><input name="oldUnitChoice" type="hidden" value="pcs"><input name="newUnitChoice" type="hidden" value="pcs"><div class="base-components__RootElement-sc-1mosoyj-1 styled__Container-sc-6nhkzi-0 jptQqM hSNpTb beans-buybox__container"><div class="base-components__BaseElement-sc-1mosoyj-0 styled__PriceAndActions-sc-6nhkzi-3 oznwo eEPLov beans-buybox__price-and-actions"><div class="base-components__RootElement-sc-1mosoyj-1 styled__Container-sc-8qlq5b-0 jptQqM bgZrjw styled__StyledPrice-sc-6nhkzi-5 iYHeik beans-buybox__price beans-price__container"><p class="styled__StyledHeading-sc-119w3hf-2 jWPEtj styled__Text-sc-8qlq5b-1 lnaeiZ beans-price__text">£0.99</p><p class="styled__StyledFootnote-sc-119w3hf-7 icrlVF styled__Subtext-sc-8qlq5b-2 bNJmdc beans-price__subtext">£0.40/100ml</p></div><div class="base-components__RootElement-sc-1mosoyj-1 styled__Container-vtxwzb-0 jptQqM bDFhXJ beans-buybox__actions beans-quantity-controls__container"><div class="base-components__RootElement-sc-1mosoyj-1 styled__Container-sc-16t2b2a-0 jptQqM PUfgZ styled__StyledFormGroup-vtxwzb-1 kzKuAr beans-quantity-controls__form-group beans-form-group__container"><label class="styled__StyledLabel-sc-1ttuvhr-0 izGEjV beans-form-group__label beans-label" for="quantity-controls-278340954">Quantity controls </label><div class="base-components__BaseElement-sc-1mosoyj-0 styled__Children-sc-16t2b2a-3 oznwo gdJvjO beans-form-group__children"><div class="styled__StyledQuantityControlWrapper-vtxwzb-6 LCxOg"><label id="quantity-controls-278340954-label" class="styled__VisuallyHiddenLabel-vtxwzb-7 gXlLiM">Quantity of Radox Feel Uplifted Shower Gel 250Ml</label><div class="component__Wrapper-sc-1kpmik-3 dReplG input-wrapper"><input class="base-components__RootElement-sc-1mosoyj-1 styled__StyledInput-sc-1jd5f57-0 component__StyledAsInput-sc-1kpmik-4 jptQqM eJLlow styled__StyledInput-vtxwzb-3 lwMHo beans-quantity-controls__input beans-input" data-auto="beans-quantity-controls-input" autocomplete="off" id="quantity-controls-278340954" maxlength="2" name="newValue" type="number" aria-labelledby="quantity-controls-278340954-label" value="1"></div></div><button class="styled__BaseButton-rsekm1-0 styled__PrimaryButton-rsekm1-2 jChbeY geeWOF styled__StyledButton-vtxwzb-5 japAxb beans-quantity-controls__add-button beans-button__container" type="submit" data-auto="beans-quantity-controls-add-button" aria-label="Quantity of Radox Feel Uplifted Shower Gel 250Ml"><span class="base-components__BaseElement-sc-1mosoyj-0 styled__InnerContainer-rsekm1-1 oznwo fuFres beans-button__inner-container"><span class="base-components__BaseElement-sc-1mosoyj-0 styled__TextSpan-rsekm1-4 oznwo GDiMp beans-button__text">Add</span></span></button></div></div></div></div></div><input name="_csrf" type="hidden" value="0WbpBJF9-cS-fAMl-ByHnl5hECj1JaZiBQ20"></form></div></div></div></div><div class="hidden-medium product-info-section-small"><div class="product-info-message-list"><div class="styled__WhiteBackground-sc-9yzfq2-1 jthPIJ"><svg width="56" height="61" viewBox="0 0 56 61" fill="none" xmlns="http://www.w3.org/2000/svg"><path d="M30.8759 45.8182C40.0086 42.7996 46.6572 34.3312 46.9801 24.2629H47V23.502V22.7397H46.9801C46.5765 10.112 36.2237 0 23.4993 0C10.5209 0 0 10.5209 0 23.4993C0 33.8972 6.75323 42.7162 16.1109 45.8142L16.1294 42.8684C13.3741 41.8189 10.9007 40.1978 8.8508 38.1492C5.099 34.3961 2.78308 29.2256 2.78308 23.4993C2.78308 17.7744 5.10032 12.6039 8.8508 8.84947C12.6039 5.09768 17.7744 2.78175 23.5007 2.78175C29.2256 2.78175 34.3961 5.09768 38.1505 8.84947C41.9023 12.6026 44.2182 17.7731 44.2182 23.4993C44.2182 29.2256 41.901 34.3948 38.1505 38.1492C36.1033 40.1952 33.6338 41.815 30.8838 42.8644L30.8772 45.8182H30.8759Z" fill="#EE1C2E"></path><path d="M9.82217 16.0368C10.5434 14.6962 11.4566 13.472 12.5245 12.4041C15.3354 9.59453 19.2116 7.85825 23.4994 7.85825C27.7871 7.85825 31.6633 9.59453 34.4742 12.4041C35.5435 13.4734 36.4553 14.6962 37.1765 16.0368H38.6256C35.8995 10.4309 30.1507 6.56662 23.498 6.56662C16.8454 6.56662 11.0966 10.4309 8.37042 16.0368H9.81952H9.82217Z" fill="black"></path><path d="M38.2419 28.245C37.4743 30.5728 36.1694 32.6571 34.4742 34.3537C32.8385 35.9881 30.8428 37.2599 28.6142 38.038C28.605 38.0407 28.5825 38.0394 28.5878 38.0473C28.773 38.3278 28.7836 39.3429 28.7836 39.3429C33.9567 37.6318 38.0142 33.4763 39.593 28.245H38.2419Z" fill="black"></path><path d="M12.5245 34.3537C10.4322 32.2601 8.9355 29.5763 8.30822 26.5722H6.99409C8.14941 32.5791 12.4994 37.4491 18.2085 39.3416C18.2111 39.3416 18.2177 39.3482 18.2177 39.3442C18.2627 38.2286 18.3898 38.0394 18.3898 38.0394C18.3818 38.0367 18.3726 38.0341 18.3646 38.0301C16.144 37.2519 14.1536 35.9828 12.5232 34.3524L12.5245 34.3537Z" fill="black"></path><path d="M17.6645 15.8727H20.1062V16.8335H16.623V11.2289H17.6645V15.8727Z" fill="black"></path><path d="M20.527 13.6745C20.7031 13.3516 20.9532 13.0975 21.2761 12.9136C21.599 12.7296 21.9682 12.637 22.3851 12.637C22.8019 12.637 23.1712 12.7296 23.4941 12.9136C23.817 13.0975 24.0658 13.3516 24.2431 13.6745C24.4191 13.9974 24.5065 14.3614 24.5065 14.7676C24.5065 15.1739 24.4191 15.5379 24.2431 15.8608C24.0671 16.1837 23.817 16.4364 23.4941 16.6217C23.1712 16.8057 22.8019 16.897 22.3851 16.897C21.9682 16.897 21.599 16.8057 21.2761 16.6217C20.9532 16.4378 20.7031 16.1837 20.527 15.8608C20.351 15.5379 20.2637 15.1739 20.2637 14.7676C20.2637 14.3614 20.351 13.9974 20.527 13.6745ZM21.5805 15.6477C21.7856 15.8727 22.0542 15.9838 22.3851 15.9838C22.7159 15.9838 22.9846 15.8713 23.1897 15.6477C23.3948 15.424 23.498 15.1303 23.498 14.7676C23.498 14.405 23.3948 14.1112 23.1897 13.8876C22.9846 13.6639 22.7159 13.5515 22.3851 13.5515C22.0542 13.5515 21.7856 13.6639 21.5805 13.8876C21.3753 14.1112 21.2721 14.405 21.2721 14.7676C21.2721 15.1303 21.3753 15.424 21.5805 15.6477Z" fill="black"></path><path d="M29.1687 16.8334H28.208L27.5119 14.1271L26.8158 16.8334H25.855L24.566 12.7018H25.5347L26.3182 15.4082L27.0315 12.7018H27.9923L28.7056 15.4082L29.489 12.7018H30.4577L29.1687 16.8334Z" fill="black"></path><path d="M8.61654 18.931H5.58202V20.4026H8.01572V21.6042H5.58202V23.5377H8.71579V24.738H4.27981V17.7294H8.61654V18.931Z" fill="black"></path><path d="M8.73168 19.5715H9.9836L11.2051 23.0269L12.4266 19.5715H13.6785L11.7662 24.738H10.644L8.73168 19.5715Z" fill="black"></path><path d="M18.7126 22.5558H14.8973C14.9635 22.9369 15.121 23.2254 15.3684 23.4226C15.6159 23.6198 15.9163 23.7177 16.2697 23.7177C16.5635 23.7177 16.8083 23.6555 17.0055 23.5324C17.2027 23.4093 17.3906 23.2201 17.5719 22.966L18.6226 23.5377C18.3686 23.9519 18.047 24.2682 17.6566 24.4892C17.2662 24.7089 16.7805 24.8201 16.1995 24.8201C15.6517 24.8201 15.1832 24.6917 14.7928 24.435C14.4024 24.1782 14.1099 23.8461 13.9167 23.4385C13.7235 23.0322 13.6269 22.6047 13.6269 22.1574C13.6269 21.7101 13.7288 21.2827 13.9326 20.8764C14.1364 20.4688 14.4315 20.1366 14.8192 19.8799C15.207 19.6231 15.6636 19.4948 16.1916 19.4948C16.7196 19.4948 17.1828 19.6152 17.5626 19.8547C17.9438 20.0956 18.2296 20.4106 18.4241 20.801C18.6174 21.1914 18.714 21.6069 18.714 22.0476V22.5584L18.7126 22.5558ZM17.4409 21.5751C17.3945 21.2813 17.2582 21.0418 17.0346 20.8539C16.8109 20.6673 16.5291 20.5733 16.1889 20.5733C15.9018 20.5733 15.645 20.662 15.4174 20.838C15.1911 21.0153 15.0336 21.2602 14.9463 21.5738H17.4395L17.4409 21.5751Z" fill="black"></path><path d="M19.3849 19.5715H20.6263V20.3523C20.7732 20.0718 20.9809 19.8587 21.2469 19.7118C21.5142 19.5649 21.8107 19.4921 22.1376 19.4921C22.4644 19.4921 22.745 19.5689 22.9382 19.7224L22.5174 20.7732C22.344 20.6805 22.1601 20.6329 21.9668 20.6329C21.5791 20.6329 21.2588 20.7996 21.0061 21.1331C20.752 21.4666 20.6249 21.9814 20.6249 22.6749V24.738H19.3836V19.5715H19.3849Z" fill="black"></path><path d="M24.8518 24.4178L22.9792 19.5715H24.2312L25.4434 22.8562L26.5841 19.5715H27.8255L25.1827 26.7813H23.981L24.8518 24.4178Z" fill="black"></path><path d="M28.8074 24.4786C28.4607 24.251 28.1881 23.9347 27.9909 23.5271C27.7937 23.1195 27.6958 22.663 27.6958 22.1548C27.6958 21.6466 27.7911 21.1821 27.9816 20.7785C28.1722 20.3748 28.4369 20.0585 28.7783 19.8322C29.1184 19.6059 29.5088 19.4921 29.9495 19.4921C30.2962 19.4921 30.6006 19.5543 30.86 19.6774C31.1207 19.8005 31.3205 19.9765 31.4608 20.2028V17.65H32.7021V24.7393H31.4608V24.1187C31.3139 24.3251 31.1141 24.4945 30.86 24.6242C30.6059 24.7539 30.3055 24.8201 29.9588 24.8201C29.5379 24.8201 29.1541 24.7063 28.8074 24.48V24.4786ZM31.1763 23.2664C31.4198 22.9925 31.5415 22.6219 31.5415 22.1548C31.5415 21.6876 31.4198 21.3171 31.1763 21.0431C30.9328 20.7692 30.6271 20.6329 30.2605 20.6329C29.8939 20.6329 29.5882 20.7705 29.3447 21.0431C29.1012 21.3171 28.9795 21.6876 28.9795 22.1548C28.9795 22.6219 29.1012 22.9925 29.3447 23.2664C29.5882 23.5404 29.8939 23.6767 30.2605 23.6767C30.6271 23.6767 30.9328 23.5404 31.1763 23.2664Z" fill="black"></path><path d="M34.2624 24.6388C33.9951 24.5183 33.782 24.3437 33.6219 24.1134C33.4618 23.8831 33.3824 23.6079 33.3824 23.2876C33.3824 22.7807 33.5729 22.3718 33.9527 22.0608C34.3339 21.7511 34.8473 21.595 35.4945 21.595H36.6061V21.415C36.6061 21.1543 36.5161 20.9465 36.3361 20.789C36.1562 20.6329 35.9127 20.5535 35.6056 20.5535C35.3582 20.5535 35.1345 20.6183 34.9347 20.7493C34.7349 20.879 34.584 21.0312 34.4834 21.2046L33.5319 20.6342C33.7119 20.3073 33.9792 20.0347 34.3325 19.8177C34.6859 19.6006 35.1094 19.4921 35.6043 19.4921C36.3123 19.4921 36.8629 19.6615 37.2559 20.003C37.6503 20.3431 37.8461 20.834 37.8461 21.4746V24.7393H36.8245L36.6538 24.079C36.487 24.3066 36.2753 24.4866 36.0172 24.6189C35.7605 24.7526 35.4574 24.8187 35.1107 24.8187C34.8103 24.8187 34.5271 24.7592 34.2598 24.6388H34.2624ZM36.2607 23.457C36.491 23.2572 36.6061 23.0097 36.6061 22.7159V22.5756H35.6255C35.3383 22.5756 35.1094 22.6312 34.94 22.741C34.7693 22.8509 34.6846 23.0031 34.6846 23.1963C34.6846 23.3763 34.7468 23.5152 34.8698 23.6118C34.9929 23.7084 35.1755 23.7574 35.4151 23.7574C35.7486 23.7574 36.0304 23.6568 36.2607 23.457V23.457Z" fill="black"></path><path d="M39.7571 24.4178L37.8845 19.5715H39.1364L40.3473 22.8562L41.4894 19.5715H42.7308L40.088 26.7813H38.8863L39.7571 24.4178Z" fill="black"></path><path d="M13.652 33.1164H12.6185V27.5515H14.6618C15.7985 27.5515 16.4589 28.3072 16.4589 29.2772C16.4589 30.2473 15.7985 31.0029 14.6618 31.0029H13.652V33.1177V33.1164ZM15.4095 29.2759C15.4095 28.7505 15.076 28.5044 14.5824 28.5044H13.652V30.0461H14.5824C15.0747 30.0461 15.4095 29.8 15.4095 29.2746V29.2759Z" fill="black"></path><path d="M17.0981 29.0139H18.084V29.6345C18.3222 29.1899 18.7682 28.9503 19.2843 28.9503C19.5464 28.9503 19.7687 29.0139 19.9209 29.133L19.5874 29.968C19.4524 29.8966 19.3095 29.8569 19.1507 29.8569C18.5856 29.8569 18.0854 30.3015 18.0854 31.4793V33.1177H17.0994V29.0152L17.0981 29.0139Z" fill="black"></path><path d="M20.9703 27.312C21.3356 27.312 21.6069 27.5899 21.6069 27.9485C21.6069 28.3072 21.3369 28.5851 20.9703 28.5851C20.6038 28.5851 20.3338 28.3072 20.3338 27.9485C20.3338 27.5899 20.6038 27.312 20.9703 27.312ZM21.4626 33.1164H20.4767V29.0139H21.4626V33.1164Z" fill="black"></path><path d="M22.2355 31.0651C22.2355 29.8251 23.0785 28.9503 24.3026 28.9503C25.1774 28.9503 25.8205 29.2997 26.1553 30.0713L25.2568 30.4762C25.0583 30.0792 24.7565 29.8555 24.3026 29.8555C23.6899 29.8555 23.2373 30.3399 23.2373 31.0638C23.2373 31.7877 23.6899 32.272 24.3026 32.272C24.7552 32.272 25.0583 32.0497 25.2568 31.6514L26.1553 32.0563C25.8219 32.8279 25.1774 33.1772 24.3026 33.1772C23.0785 33.1772 22.2355 32.3025 22.2355 31.0625V31.0651Z" fill="black"></path><path d="M30.5874 31.3827H27.5581C27.6693 32.0113 28.1153 32.3051 28.6473 32.3051C29.1316 32.3051 29.4109 32.0907 29.6808 31.7083L30.5159 32.1609C30.1348 32.7736 29.5617 33.1786 28.5917 33.1786C27.2167 33.1786 26.5484 32.0894 26.5484 31.0638C26.5484 30.0382 27.2723 28.949 28.5838 28.949C29.8952 28.949 30.5874 29.9667 30.5874 30.9765V31.3814V31.3827ZM29.5776 30.6033C29.5062 30.1586 29.1409 29.8079 28.5838 29.8079C28.1391 29.8079 27.7408 30.0938 27.5978 30.6033H29.5776V30.6033Z" fill="black"></path><path d="M31.0294 32.2416L31.7374 31.6448C31.9677 32.0577 32.2866 32.3051 32.7551 32.3051C33.0965 32.3051 33.3281 32.1463 33.3281 31.8922C33.3281 31.6381 33.0105 31.4952 32.4613 31.343C31.785 31.1604 31.253 30.7713 31.253 30.1507C31.253 29.4665 31.8975 28.9503 32.7154 28.9503C33.4472 28.9503 33.876 29.3156 34.1142 29.7139L33.4776 30.2631C33.2553 29.9058 32.9602 29.7933 32.7061 29.7933C32.3726 29.7933 32.1728 29.9442 32.1728 30.1189C32.1728 30.365 32.3951 30.4762 33.0634 30.6522C33.7397 30.8269 34.2796 31.1855 34.2796 31.8922C34.2796 32.5989 33.7225 33.1799 32.6902 33.1799C31.9028 33.1799 31.3311 32.8464 31.0281 32.2416H31.0294Z" fill="black"></path><path d="M23.5046 47.8549H24.2007C24.3979 47.8549 24.4045 47.8443 24.3609 47.6498C24.2643 47.2263 24.1796 46.8015 24.0724 46.382C24.0155 46.161 24.0287 46.0207 24.2391 45.8579C24.7473 45.4675 24.7658 44.7013 24.3212 44.2315C23.8792 43.7643 23.1288 43.763 22.6855 44.2275C22.2395 44.696 22.2514 45.4636 22.7609 45.854C22.9898 46.0286 22.9925 46.1822 22.9237 46.4018C22.9171 46.423 22.9118 46.4429 22.9078 46.464C22.8165 46.8743 22.7238 47.2859 22.6339 47.6961C22.6021 47.8443 22.614 47.8562 22.7715 47.8562C23.0163 47.8562 23.2611 47.8562 23.506 47.8562M23.4954 41.1361C24.2179 41.1361 24.9392 41.1334 25.6604 41.1374C25.7689 41.1374 25.8166 41.1096 25.8139 40.9932C25.8086 40.62 25.8139 40.2454 25.81 39.8723C25.806 39.5771 25.7517 39.29 25.634 39.0187C25.1602 37.9229 24.0406 37.3803 22.88 37.6807C22.0357 37.8991 21.329 38.668 21.2337 39.5374C21.1808 40.0139 21.2072 40.4982 21.1914 40.9786C21.1874 41.1056 21.235 41.1387 21.3568 41.1387C22.0701 41.1334 22.7834 41.1361 23.4967 41.1361M23.4967 50.6023C22.217 50.6023 20.9359 50.6023 19.6562 50.6023C18.6849 50.6023 17.9186 50.0041 17.699 49.0592C17.6619 48.903 17.654 48.735 17.654 48.5735C17.6513 46.7856 17.6566 44.9977 17.65 43.2112C17.6473 42.4899 17.9028 41.9037 18.4943 41.4815C18.8132 41.2539 19.1758 41.1427 19.5689 41.1374C19.7396 41.1348 19.7383 41.1321 19.7396 40.9627C19.7436 40.5035 19.7198 40.0403 19.7595 39.5851C19.9408 37.4822 21.7631 35.9683 23.862 36.1549C25.7584 36.3243 27.2578 37.96 27.2617 39.867C27.2617 40.2282 27.2617 40.5895 27.2617 40.9495C27.2617 41.1321 27.2617 41.1308 27.4457 41.1387C28.2159 41.1731 28.7796 41.5357 29.1436 42.212C29.3024 42.5071 29.3513 42.8274 29.3513 43.1595C29.3513 44.9779 29.3553 46.7949 29.3513 48.6132C29.3487 49.5965 28.732 50.3601 27.7845 50.5639C27.6429 50.5943 27.4946 50.6023 27.3491 50.6023C26.0641 50.6049 24.7804 50.6036 23.4954 50.6036" fill="black"></path></svg><p class="styled__StyledBodyText-sc-119w3hf-5 ggtTyf styled__DarkGreyBodyText-sc-9yzfq2-2 lmkdDf">Low Everyday Price</p></div></div></div></div></div></div></div></li><li class="product-list--list-item"><div class="styles__StyledVerticalTileWrapper-dvv1wj-0 dtCNPH"><div data-auto="product-tile" data-auto-type="Quantity" data-auto-available="true" data-auto-is-restricted-disabled="false" data-auto-is-substitute="false" class="styles__StyledVerticalTile-dvv1wj-1 gSCsYK"><div class="styles__StyledTileContentWrapper-dvv1wj-2 bkNhNP beans"><div id="tile-254310138" data-auto-id="254310138" class="styles__StyledTiledContent-dvv1wj-3 bcglTg"><a href="https://www.tesco.com/groceries/en-GB/products/254310138" aria-hidden="true" class="product-image-wrapper" tabindex="1"><div class="product-image__container"><picture><img class="styled__Image-sjvkdn-0 bJErKA product-image beans-responsive-image__image" src="data:image/gif;base64,R0lGODlhAQABAAAAACH5BAEKAAEALAAAAAABAAEAAAICTAEAOw==" srcset="https://digitalcontent.api.tesco.com/v2/media/ghs/3d4da9fe-0032-4e61-a474-b3f5b61b1482/18b9d27c-a0f2-4507-be8a-01519a27efd4_1460104756.jpeg?h=225&amp;w=225 768w, data:image/gif;base64,R0lGODlhAQABAAAAACH5BAEKAAEALAAAAAABAAEAAAICTAEAOw== 4000w" alt="Radox For Men 2 In 1 Feel Awake Shower Gel 250Ml"></picture></div></a><div class="product-details--wrapper"><h3 class="styles__H3-oa5soe-0 bCKNNq"><a href="https://www.tesco.com/groceries/en-GB/products/254310138" class="styled__Anchor-sc-1xbujuz-0 csVOnh beans-link__anchor" data-auto="product-tile--title"><span class="styled__Text-sc-1xbujuz-1 ldbwMG beans-link__text">Radox For Men 2 In 1 Feel Awake Shower Gel 250Ml</span></a></h3><div class="styles__StyledPromotionsAboveMobile-dvv1wj-7 iPTMuo"></div><div class="styles__StyledProductDetailsContent-dvv1wj-5 ddRSrq"><a href="https://www.tesco.com/groceries/en-GB/reviews/submission/254310138?from=%2Fshop%2Fhealth-and-beauty%2Fall" aria-label="Write a review for Radox For Men 2 In 1 Feel Awake Shower Gel 250Ml" class="styled__Anchor-sc-1xbujuz-0 jSzuDt write-a-review-link beans-link__anchor" data-auto="review-link"><span class="styled__Text-sc-1xbujuz-1 fyDIEo beans-link__text">Write a review</span><span class="styled__IconContainer-sc-1xbujuz-2 bSauSL beans-link__icon-container"><svg aria-hidden="true" class="styled__SVG-xxa4wh-1 hQMCqc beans-link__icon beans-icon__svg" height="13.33" preserveAspectRatio="xMinYMax meet" viewBox="-1 0 12 20" width="8" xmlns="http://www.w3.org/2000/svg" color="currentColor"><path d="M1.312 1.348L10.276 10l-8.964 8.644" fill="none" stroke="currentColor"></path></svg></span></a><div><a href="https://www.tesco.com/groceries/en-GB/shop/health-and-beauty/shower-bath-and-hand-hygiene/shower/shower-gel" class="styled__Anchor-sc-1xbujuz-0 jSzuDt rest-of-shelf-link beans-link__anchor" data-auto="rest-of-shelf-link"><span class="styled__Text-sc-1xbujuz-1 fyDIEo beans-link__text">Rest of <span class="visually-hidden">Shower Gel</span> shelf</span><span class="styled__IconContainer-sc-1xbujuz-2 bSauSL beans-link__icon-container"><svg aria-hidden="true" class="styled__SVG-xxa4wh-1 hQMCqc beans-link__icon beans-icon__svg" height="13.33" preserveAspectRatio="xMinYMax meet" viewBox="-1 0 12 20" width="8" xmlns="http://www.w3.org/2000/svg" color="currentColor"><path d="M1.312 1.348L10.276 10l-8.964 8.644" fill="none" stroke="currentColor"></path></svg></span></a></div><div class="product-info-message-section"><div class="product-info-message-list"><div class="styled__WhiteBackground-sc-9yzfq2-1 jthPIJ"><svg width="56" height="61" viewBox="0 0 56 61" fill="none" xmlns="http://www.w3.org/2000/svg"><path d="M30.8759 45.8182C40.0086 42.7996 46.6572 34.3312 46.9801 24.2629H47V23.502V22.7397H46.9801C46.5765 10.112 36.2237 0 23.4993 0C10.5209 0 0 10.5209 0 23.4993C0 33.8972 6.75323 42.7162 16.1109 45.8142L16.1294 42.8684C13.3741 41.8189 10.9007 40.1978 8.8508 38.1492C5.099 34.3961 2.78308 29.2256 2.78308 23.4993C2.78308 17.7744 5.10032 12.6039 8.8508 8.84947C12.6039 5.09768 17.7744 2.78175 23.5007 2.78175C29.2256 2.78175 34.3961 5.09768 38.1505 8.84947C41.9023 12.6026 44.2182 17.7731 44.2182 23.4993C44.2182 29.2256 41.901 34.3948 38.1505 38.1492C36.1033 40.1952 33.6338 41.815 30.8838 42.8644L30.8772 45.8182H30.8759Z" fill="#EE1C2E"></path><path d="M9.82217 16.0368C10.5434 14.6962 11.4566 13.472 12.5245 12.4041C15.3354 9.59453 19.2116 7.85825 23.4994 7.85825C27.7871 7.85825 31.6633 9.59453 34.4742 12.4041C35.5435 13.4734 36.4553 14.6962 37.1765 16.0368H38.6256C35.8995 10.4309 30.1507 6.56662 23.498 6.56662C16.8454 6.56662 11.0966 10.4309 8.37042 16.0368H9.81952H9.82217Z" fill="black"></path><path d="M38.2419 28.245C37.4743 30.5728 36.1694 32.6571 34.4742 34.3537C32.8385 35.9881 30.8428 37.2599 28.6142 38.038C28.605 38.0407 28.5825 38.0394 28.5878 38.0473C28.773 38.3278 28.7836 39.3429 28.7836 39.3429C33.9567 37.6318 38.0142 33.4763 39.593 28.245H38.2419Z" fill="black"></path><path d="M12.5245 34.3537C10.4322 32.2601 8.9355 29.5763 8.30822 26.5722H6.99409C8.14941 32.5791 12.4994 37.4491 18.2085 39.3416C18.2111 39.3416 18.2177 39.3482 18.2177 39.3442C18.2627 38.2286 18.3898 38.0394 18.3898 38.0394C18.3818 38.0367 18.3726 38.0341 18.3646 38.0301C16.144 37.2519 14.1536 35.9828 12.5232 34.3524L12.5245 34.3537Z" fill="black"></path><path d="M17.6645 15.8727H20.1062V16.8335H16.623V11.2289H17.6645V15.8727Z" fill="black"></path><path d="M20.527 13.6745C20.7031 13.3516 20.9532 13.0975 21.2761 12.9136C21.599 12.7296 21.9682 12.637 22.3851 12.637C22.8019 12.637 23.1712 12.7296 23.4941 12.9136C23.817 13.0975 24.0658 13.3516 24.2431 13.6745C24.4191 13.9974 24.5065 14.3614 24.5065 14.7676C24.5065 15.1739 24.4191 15.5379 24.2431 15.8608C24.0671 16.1837 23.817 16.4364 23.4941 16.6217C23.1712 16.8057 22.8019 16.897 22.3851 16.897C21.9682 16.897 21.599 16.8057 21.2761 16.6217C20.9532 16.4378 20.7031 16.1837 20.527 15.8608C20.351 15.5379 20.2637 15.1739 20.2637 14.7676C20.2637 14.3614 20.351 13.9974 20.527 13.6745ZM21.5805 15.6477C21.7856 15.8727 22.0542 15.9838 22.3851 15.9838C22.7159 15.9838 22.9846 15.8713 23.1897 15.6477C23.3948 15.424 23.498 15.1303 23.498 14.7676C23.498 14.405 23.3948 14.1112 23.1897 13.8876C22.9846 13.6639 22.7159 13.5515 22.3851 13.5515C22.0542 13.5515 21.7856 13.6639 21.5805 13.8876C21.3753 14.1112 21.2721 14.405 21.2721 14.7676C21.2721 15.1303 21.3753 15.424 21.5805 15.6477Z" fill="black"></path><path d="M29.1687 16.8334H28.208L27.5119 14.1271L26.8158 16.8334H25.855L24.566 12.7018H25.5347L26.3182 15.4082L27.0315 12.7018H27.9923L28.7056 15.4082L29.489 12.7018H30.4577L29.1687 16.8334Z" fill="black"></path><path d="M8.61654 18.931H5.58202V20.4026H8.01572V21.6042H5.58202V23.5377H8.71579V24.738H4.27981V17.7294H8.61654V18.931Z" fill="black"></path><path d="M8.73168 19.5715H9.9836L11.2051 23.0269L12.4266 19.5715H13.6785L11.7662 24.738H10.644L8.73168 19.5715Z" fill="black"></path><path d="M18.7126 22.5558H14.8973C14.9635 22.9369 15.121 23.2254 15.3684 23.4226C15.6159 23.6198 15.9163 23.7177 16.2697 23.7177C16.5635 23.7177 16.8083 23.6555 17.0055 23.5324C17.2027 23.4093 17.3906 23.2201 17.5719 22.966L18.6226 23.5377C18.3686 23.9519 18.047 24.2682 17.6566 24.4892C17.2662 24.7089 16.7805 24.8201 16.1995 24.8201C15.6517 24.8201 15.1832 24.6917 14.7928 24.435C14.4024 24.1782 14.1099 23.8461 13.9167 23.4385C13.7235 23.0322 13.6269 22.6047 13.6269 22.1574C13.6269 21.7101 13.7288 21.2827 13.9326 20.8764C14.1364 20.4688 14.4315 20.1366 14.8192 19.8799C15.207 19.6231 15.6636 19.4948 16.1916 19.4948C16.7196 19.4948 17.1828 19.6152 17.5626 19.8547C17.9438 20.0956 18.2296 20.4106 18.4241 20.801C18.6174 21.1914 18.714 21.6069 18.714 22.0476V22.5584L18.7126 22.5558ZM17.4409 21.5751C17.3945 21.2813 17.2582 21.0418 17.0346 20.8539C16.8109 20.6673 16.5291 20.5733 16.1889 20.5733C15.9018 20.5733 15.645 20.662 15.4174 20.838C15.1911 21.0153 15.0336 21.2602 14.9463 21.5738H17.4395L17.4409 21.5751Z" fill="black"></path><path d="M19.3849 19.5715H20.6263V20.3523C20.7732 20.0718 20.9809 19.8587 21.2469 19.7118C21.5142 19.5649 21.8107 19.4921 22.1376 19.4921C22.4644 19.4921 22.745 19.5689 22.9382 19.7224L22.5174 20.7732C22.344 20.6805 22.1601 20.6329 21.9668 20.6329C21.5791 20.6329 21.2588 20.7996 21.0061 21.1331C20.752 21.4666 20.6249 21.9814 20.6249 22.6749V24.738H19.3836V19.5715H19.3849Z" fill="black"></path><path d="M24.8518 24.4178L22.9792 19.5715H24.2312L25.4434 22.8562L26.5841 19.5715H27.8255L25.1827 26.7813H23.981L24.8518 24.4178Z" fill="black"></path><path d="M28.8074 24.4786C28.4607 24.251 28.1881 23.9347 27.9909 23.5271C27.7937 23.1195 27.6958 22.663 27.6958 22.1548C27.6958 21.6466 27.7911 21.1821 27.9816 20.7785C28.1722 20.3748 28.4369 20.0585 28.7783 19.8322C29.1184 19.6059 29.5088 19.4921 29.9495 19.4921C30.2962 19.4921 30.6006 19.5543 30.86 19.6774C31.1207 19.8005 31.3205 19.9765 31.4608 20.2028V17.65H32.7021V24.7393H31.4608V24.1187C31.3139 24.3251 31.1141 24.4945 30.86 24.6242C30.6059 24.7539 30.3055 24.8201 29.9588 24.8201C29.5379 24.8201 29.1541 24.7063 28.8074 24.48V24.4786ZM31.1763 23.2664C31.4198 22.9925 31.5415 22.6219 31.5415 22.1548C31.5415 21.6876 31.4198 21.3171 31.1763 21.0431C30.9328 20.7692 30.6271 20.6329 30.2605 20.6329C29.8939 20.6329 29.5882 20.7705 29.3447 21.0431C29.1012 21.3171 28.9795 21.6876 28.9795 22.1548C28.9795 22.6219 29.1012 22.9925 29.3447 23.2664C29.5882 23.5404 29.8939 23.6767 30.2605 23.6767C30.6271 23.6767 30.9328 23.5404 31.1763 23.2664Z" fill="black"></path><path d="M34.2624 24.6388C33.9951 24.5183 33.782 24.3437 33.6219 24.1134C33.4618 23.8831 33.3824 23.6079 33.3824 23.2876C33.3824 22.7807 33.5729 22.3718 33.9527 22.0608C34.3339 21.7511 34.8473 21.595 35.4945 21.595H36.6061V21.415C36.6061 21.1543 36.5161 20.9465 36.3361 20.789C36.1562 20.6329 35.9127 20.5535 35.6056 20.5535C35.3582 20.5535 35.1345 20.6183 34.9347 20.7493C34.7349 20.879 34.584 21.0312 34.4834 21.2046L33.5319 20.6342C33.7119 20.3073 33.9792 20.0347 34.3325 19.8177C34.6859 19.6006 35.1094 19.4921 35.6043 19.4921C36.3123 19.4921 36.8629 19.6615 37.2559 20.003C37.6503 20.3431 37.8461 20.834 37.8461 21.4746V24.7393H36.8245L36.6538 24.079C36.487 24.3066 36.2753 24.4866 36.0172 24.6189C35.7605 24.7526 35.4574 24.8187 35.1107 24.8187C34.8103 24.8187 34.5271 24.7592 34.2598 24.6388H34.2624ZM36.2607 23.457C36.491 23.2572 36.6061 23.0097 36.6061 22.7159V22.5756H35.6255C35.3383 22.5756 35.1094 22.6312 34.94 22.741C34.7693 22.8509 34.6846 23.0031 34.6846 23.1963C34.6846 23.3763 34.7468 23.5152 34.8698 23.6118C34.9929 23.7084 35.1755 23.7574 35.4151 23.7574C35.7486 23.7574 36.0304 23.6568 36.2607 23.457V23.457Z" fill="black"></path><path d="M39.7571 24.4178L37.8845 19.5715H39.1364L40.3473 22.8562L41.4894 19.5715H42.7308L40.088 26.7813H38.8863L39.7571 24.4178Z" fill="black"></path><path d="M13.652 33.1164H12.6185V27.5515H14.6618C15.7985 27.5515 16.4589 28.3072 16.4589 29.2772C16.4589 30.2473 15.7985 31.0029 14.6618 31.0029H13.652V33.1177V33.1164ZM15.4095 29.2759C15.4095 28.7505 15.076 28.5044 14.5824 28.5044H13.652V30.0461H14.5824C15.0747 30.0461 15.4095 29.8 15.4095 29.2746V29.2759Z" fill="black"></path><path d="M17.0981 29.0139H18.084V29.6345C18.3222 29.1899 18.7682 28.9503 19.2843 28.9503C19.5464 28.9503 19.7687 29.0139 19.9209 29.133L19.5874 29.968C19.4524 29.8966 19.3095 29.8569 19.1507 29.8569C18.5856 29.8569 18.0854 30.3015 18.0854 31.4793V33.1177H17.0994V29.0152L17.0981 29.0139Z" fill="black"></path><path d="M20.9703 27.312C21.3356 27.312 21.6069 27.5899 21.6069 27.9485C21.6069 28.3072 21.3369 28.5851 20.9703 28.5851C20.6038 28.5851 20.3338 28.3072 20.3338 27.9485C20.3338 27.5899 20.6038 27.312 20.9703 27.312ZM21.4626 33.1164H20.4767V29.0139H21.4626V33.1164Z" fill="black"></path><path d="M22.2355 31.0651C22.2355 29.8251 23.0785 28.9503 24.3026 28.9503C25.1774 28.9503 25.8205 29.2997 26.1553 30.0713L25.2568 30.4762C25.0583 30.0792 24.7565 29.8555 24.3026 29.8555C23.6899 29.8555 23.2373 30.3399 23.2373 31.0638C23.2373 31.7877 23.6899 32.272 24.3026 32.272C24.7552 32.272 25.0583 32.0497 25.2568 31.6514L26.1553 32.0563C25.8219 32.8279 25.1774 33.1772 24.3026 33.1772C23.0785 33.1772 22.2355 32.3025 22.2355 31.0625V31.0651Z" fill="black"></path><path d="M30.5874 31.3827H27.5581C27.6693 32.0113 28.1153 32.3051 28.6473 32.3051C29.1316 32.3051 29.4109 32.0907 29.6808 31.7083L30.5159 32.1609C30.1348 32.7736 29.5617 33.1786 28.5917 33.1786C27.2167 33.1786 26.5484 32.0894 26.5484 31.0638C26.5484 30.0382 27.2723 28.949 28.5838 28.949C29.8952 28.949 30.5874 29.9667 30.5874 30.9765V31.3814V31.3827ZM29.5776 30.6033C29.5062 30.1586 29.1409 29.8079 28.5838 29.8079C28.1391 29.8079 27.7408 30.0938 27.5978 30.6033H29.5776V30.6033Z" fill="black"></path><path d="M31.0294 32.2416L31.7374 31.6448C31.9677 32.0577 32.2866 32.3051 32.7551 32.3051C33.0965 32.3051 33.3281 32.1463 33.3281 31.8922C33.3281 31.6381 33.0105 31.4952 32.4613 31.343C31.785 31.1604 31.253 30.7713 31.253 30.1507C31.253 29.4665 31.8975 28.9503 32.7154 28.9503C33.4472 28.9503 33.876 29.3156 34.1142 29.7139L33.4776 30.2631C33.2553 29.9058 32.9602 29.7933 32.7061 29.7933C32.3726 29.7933 32.1728 29.9442 32.1728 30.1189C32.1728 30.365 32.3951 30.4762 33.0634 30.6522C33.7397 30.8269 34.2796 31.1855 34.2796 31.8922C34.2796 32.5989 33.7225 33.1799 32.6902 33.1799C31.9028 33.1799 31.3311 32.8464 31.0281 32.2416H31.0294Z" fill="black"></path><path d="M23.5046 47.8549H24.2007C24.3979 47.8549 24.4045 47.8443 24.3609 47.6498C24.2643 47.2263 24.1796 46.8015 24.0724 46.382C24.0155 46.161 24.0287 46.0207 24.2391 45.8579C24.7473 45.4675 24.7658 44.7013 24.3212 44.2315C23.8792 43.7643 23.1288 43.763 22.6855 44.2275C22.2395 44.696 22.2514 45.4636 22.7609 45.854C22.9898 46.0286 22.9925 46.1822 22.9237 46.4018C22.9171 46.423 22.9118 46.4429 22.9078 46.464C22.8165 46.8743 22.7238 47.2859 22.6339 47.6961C22.6021 47.8443 22.614 47.8562 22.7715 47.8562C23.0163 47.8562 23.2611 47.8562 23.506 47.8562M23.4954 41.1361C24.2179 41.1361 24.9392 41.1334 25.6604 41.1374C25.7689 41.1374 25.8166 41.1096 25.8139 40.9932C25.8086 40.62 25.8139 40.2454 25.81 39.8723C25.806 39.5771 25.7517 39.29 25.634 39.0187C25.1602 37.9229 24.0406 37.3803 22.88 37.6807C22.0357 37.8991 21.329 38.668 21.2337 39.5374C21.1808 40.0139 21.2072 40.4982 21.1914 40.9786C21.1874 41.1056 21.235 41.1387 21.3568 41.1387C22.0701 41.1334 22.7834 41.1361 23.4967 41.1361M23.4967 50.6023C22.217 50.6023 20.9359 50.6023 19.6562 50.6023C18.6849 50.6023 17.9186 50.0041 17.699 49.0592C17.6619 48.903 17.654 48.735 17.654 48.5735C17.6513 46.7856 17.6566 44.9977 17.65 43.2112C17.6473 42.4899 17.9028 41.9037 18.4943 41.4815C18.8132 41.2539 19.1758 41.1427 19.5689 41.1374C19.7396 41.1348 19.7383 41.1321 19.7396 40.9627C19.7436 40.5035 19.7198 40.0403 19.7595 39.5851C19.9408 37.4822 21.7631 35.9683 23.862 36.1549C25.7584 36.3243 27.2578 37.96 27.2617 39.867C27.2617 40.2282 27.2617 40.5895 27.2617 40.9495C27.2617 41.1321 27.2617 41.1308 27.4457 41.1387C28.2159 41.1731 28.7796 41.5357 29.1436 42.212C29.3024 42.5071 29.3513 42.8274 29.3513 43.1595C29.3513 44.9779 29.3553 46.7949 29.3513 48.6132C29.3487 49.5965 28.732 50.3601 27.7845 50.5639C27.6429 50.5943 27.4946 50.6023 27.3491 50.6023C26.0641 50.6049 24.7804 50.6036 23.4954 50.6036" fill="black"></path></svg><p class="styled__StyledBodyText-sc-119w3hf-5 ggtTyf styled__DarkGreyBodyText-sc-9yzfq2-2 lmkdDf">Low Everyday Price</p></div></div></div></div><div class="styles__StyledBuyBoxWrapper-dvv1wj-4 dSvjUC"><div class="styles__StyledBuyBoxContainer-sc-1wx0qp6-0 erryje" data-auto="buybox-container"><div class="styles__SafeFormWrapper-jtpu2t-0 lcrYKS"><form action="https://www.tesco.com/groceries/en-GB/trolley/items/254310138?_method=PUT" method="POST"><input type="submit" class="hidden"><input name="id" type="hidden" value="254310138"><input name="identifier" type="hidden" value="Page"><input name="anchorId" type="hidden" value="#tile-254310138"><input name="returnUrl" type="hidden" value="/groceries/en-GB/shop/health-and-beauty/all?redirectIfUnavailable=true#tile-254310138"><input name="backToUrl" type="hidden" value="#"><input name="oldValue" type="hidden" value="0"><input name="oldUnitChoice" type="hidden" value="pcs"><input name="newUnitChoice" type="hidden" value="pcs"><div class="base-components__RootElement-sc-1mosoyj-1 styled__Container-sc-6nhkzi-0 jptQqM hSNpTb beans-buybox__container"><div class="base-components__BaseElement-sc-1mosoyj-0 styled__PriceAndActions-sc-6nhkzi-3 oznwo eEPLov beans-buybox__price-and-actions"><div class="base-components__RootElement-sc-1mosoyj-1 styled__Container-sc-8qlq5b-0 jptQqM bgZrjw styled__StyledPrice-sc-6nhkzi-5 iYHeik beans-buybox__price beans-price__container"><p class="styled__StyledHeading-sc-119w3hf-2 jWPEtj styled__Text-sc-8qlq5b-1 lnaeiZ beans-price__text">£0.99</p><p class="styled__StyledFootnote-sc-119w3hf-7 icrlVF styled__Subtext-sc-8qlq5b-2 bNJmdc beans-price__subtext">£0.40/100ml</p></div><div class="base-components__RootElement-sc-1mosoyj-1 styled__Container-vtxwzb-0 jptQqM bDFhXJ beans-buybox__actions beans-quantity-controls__container"><div class="base-components__RootElement-sc-1mosoyj-1 styled__Container-sc-16t2b2a-0 jptQqM PUfgZ styled__StyledFormGroup-vtxwzb-1 kzKuAr beans-quantity-controls__form-group beans-form-group__container"><label class="styled__StyledLabel-sc-1ttuvhr-0 izGEjV beans-form-group__label beans-label" for="quantity-controls-254310138">Quantity controls </label><div class="base-components__BaseElement-sc-1mosoyj-0 styled__Children-sc-16t2b2a-3 oznwo gdJvjO beans-form-group__children"><div class="styled__StyledQuantityControlWrapper-vtxwzb-6 LCxOg"><label id="quantity-controls-254310138-label" class="styled__VisuallyHiddenLabel-vtxwzb-7 gXlLiM">Quantity of Radox For Men 2 In 1 Feel Awake Shower Gel 250Ml</label><div class="component__Wrapper-sc-1kpmik-3 dReplG input-wrapper"><input class="base-components__RootElement-sc-1mosoyj-1 styled__StyledInput-sc-1jd5f57-0 component__StyledAsInput-sc-1kpmik-4 jptQqM eJLlow styled__StyledInput-vtxwzb-3 lwMHo beans-quantity-controls__input beans-input" data-auto="beans-quantity-controls-input" autocomplete="off" id="quantity-controls-254310138" maxlength="2" name="newValue" type="number" aria-labelledby="quantity-controls-254310138-label" value="1"></div></div><button class="styled__BaseButton-rsekm1-0 styled__PrimaryButton-rsekm1-2 jChbeY geeWOF styled__StyledButton-vtxwzb-5 japAxb beans-quantity-controls__add-button beans-button__container" type="submit" data-auto="beans-quantity-controls-add-button" aria-label="Quantity of Radox For Men 2 In 1 Feel Awake Shower Gel 250Ml"><span class="base-components__BaseElement-sc-1mosoyj-0 styled__InnerContainer-rsekm1-1 oznwo fuFres beans-button__inner-container"><span class="base-components__BaseElement-sc-1mosoyj-0 styled__TextSpan-rsekm1-4 oznwo GDiMp beans-button__text">Add</span></span></button></div></div></div></div></div><input name="_csrf" type="hidden" value="0WbpBJF9-cS-fAMl-ByHnl5hECj1JaZiBQ20"></form></div></div></div></div><div class="hidden-medium product-info-section-small"><div class="product-info-message-list"><div class="styled__WhiteBackground-sc-9yzfq2-1 jthPIJ"><svg width="56" height="61" viewBox="0 0 56 61" fill="none" xmlns="http://www.w3.org/2000/svg"><path d="M30.8759 45.8182C40.0086 42.7996 46.6572 34.3312 46.9801 24.2629H47V23.502V22.7397H46.9801C46.5765 10.112 36.2237 0 23.4993 0C10.5209 0 0 10.5209 0 23.4993C0 33.8972 6.75323 42.7162 16.1109 45.8142L16.1294 42.8684C13.3741 41.8189 10.9007 40.1978 8.8508 38.1492C5.099 34.3961 2.78308 29.2256 2.78308 23.4993C2.78308 17.7744 5.10032 12.6039 8.8508 8.84947C12.6039 5.09768 17.7744 2.78175 23.5007 2.78175C29.2256 2.78175 34.3961 5.09768 38.1505 8.84947C41.9023 12.6026 44.2182 17.7731 44.2182 23.4993C44.2182 29.2256 41.901 34.3948 38.1505 38.1492C36.1033 40.1952 33.6338 41.815 30.8838 42.8644L30.8772 45.8182H30.8759Z" fill="#EE1C2E"></path><path d="M9.82217 16.0368C10.5434 14.6962 11.4566 13.472 12.5245 12.4041C15.3354 9.59453 19.2116 7.85825 23.4994 7.85825C27.7871 7.85825 31.6633 9.59453 34.4742 12.4041C35.5435 13.4734 36.4553 14.6962 37.1765 16.0368H38.6256C35.8995 10.4309 30.1507 6.56662 23.498 6.56662C16.8454 6.56662 11.0966 10.4309 8.37042 16.0368H9.81952H9.82217Z" fill="black"></path><path d="M38.2419 28.245C37.4743 30.5728 36.1694 32.6571 34.4742 34.3537C32.8385 35.9881 30.8428 37.2599 28.6142 38.038C28.605 38.0407 28.5825 38.0394 28.5878 38.0473C28.773 38.3278 28.7836 39.3429 28.7836 39.3429C33.9567 37.6318 38.0142 33.4763 39.593 28.245H38.2419Z" fill="black"></path><path d="M12.5245 34.3537C10.4322 32.2601 8.9355 29.5763 8.30822 26.5722H6.99409C8.14941 32.5791 12.4994 37.4491 18.2085 39.3416C18.2111 39.3416 18.2177 39.3482 18.2177 39.3442C18.2627 38.2286 18.3898 38.0394 18.3898 38.0394C18.3818 38.0367 18.3726 38.0341 18.3646 38.0301C16.144 37.2519 14.1536 35.9828 12.5232 34.3524L12.5245 34.3537Z" fill="black"></path><path d="M17.6645 15.8727H20.1062V16.8335H16.623V11.2289H17.6645V15.8727Z" fill="black"></path><path d="M20.527 13.6745C20.7031 13.3516 20.9532 13.0975 21.2761 12.9136C21.599 12.7296 21.9682 12.637 22.3851 12.637C22.8019 12.637 23.1712 12.7296 23.4941 12.9136C23.817 13.0975 24.0658 13.3516 24.2431 13.6745C24.4191 13.9974 24.5065 14.3614 24.5065 14.7676C24.5065 15.1739 24.4191 15.5379 24.2431 15.8608C24.0671 16.1837 23.817 16.4364 23.4941 16.6217C23.1712 16.8057 22.8019 16.897 22.3851 16.897C21.9682 16.897 21.599 16.8057 21.2761 16.6217C20.9532 16.4378 20.7031 16.1837 20.527 15.8608C20.351 15.5379 20.2637 15.1739 20.2637 14.7676C20.2637 14.3614 20.351 13.9974 20.527 13.6745ZM21.5805 15.6477C21.7856 15.8727 22.0542 15.9838 22.3851 15.9838C22.7159 15.9838 22.9846 15.8713 23.1897 15.6477C23.3948 15.424 23.498 15.1303 23.498 14.7676C23.498 14.405 23.3948 14.1112 23.1897 13.8876C22.9846 13.6639 22.7159 13.5515 22.3851 13.5515C22.0542 13.5515 21.7856 13.6639 21.5805 13.8876C21.3753 14.1112 21.2721 14.405 21.2721 14.7676C21.2721 15.1303 21.3753 15.424 21.5805 15.6477Z" fill="black"></path><path d="M29.1687 16.8334H28.208L27.5119 14.1271L26.8158 16.8334H25.855L24.566 12.7018H25.5347L26.3182 15.4082L27.0315 12.7018H27.9923L28.7056 15.4082L29.489 12.7018H30.4577L29.1687 16.8334Z" fill="black"></path><path d="M8.61654 18.931H5.58202V20.4026H8.01572V21.6042H5.58202V23.5377H8.71579V24.738H4.27981V17.7294H8.61654V18.931Z" fill="black"></path><path d="M8.73168 19.5715H9.9836L11.2051 23.0269L12.4266 19.5715H13.6785L11.7662 24.738H10.644L8.73168 19.5715Z" fill="black"></path><path d="M18.7126 22.5558H14.8973C14.9635 22.9369 15.121 23.2254 15.3684 23.4226C15.6159 23.6198 15.9163 23.7177 16.2697 23.7177C16.5635 23.7177 16.8083 23.6555 17.0055 23.5324C17.2027 23.4093 17.3906 23.2201 17.5719 22.966L18.6226 23.5377C18.3686 23.9519 18.047 24.2682 17.6566 24.4892C17.2662 24.7089 16.7805 24.8201 16.1995 24.8201C15.6517 24.8201 15.1832 24.6917 14.7928 24.435C14.4024 24.1782 14.1099 23.8461 13.9167 23.4385C13.7235 23.0322 13.6269 22.6047 13.6269 22.1574C13.6269 21.7101 13.7288 21.2827 13.9326 20.8764C14.1364 20.4688 14.4315 20.1366 14.8192 19.8799C15.207 19.6231 15.6636 19.4948 16.1916 19.4948C16.7196 19.4948 17.1828 19.6152 17.5626 19.8547C17.9438 20.0956 18.2296 20.4106 18.4241 20.801C18.6174 21.1914 18.714 21.6069 18.714 22.0476V22.5584L18.7126 22.5558ZM17.4409 21.5751C17.3945 21.2813 17.2582 21.0418 17.0346 20.8539C16.8109 20.6673 16.5291 20.5733 16.1889 20.5733C15.9018 20.5733 15.645 20.662 15.4174 20.838C15.1911 21.0153 15.0336 21.2602 14.9463 21.5738H17.4395L17.4409 21.5751Z" fill="black"></path><path d="M19.3849 19.5715H20.6263V20.3523C20.7732 20.0718 20.9809 19.8587 21.2469 19.7118C21.5142 19.5649 21.8107 19.4921 22.1376 19.4921C22.4644 19.4921 22.745 19.5689 22.9382 19.7224L22.5174 20.7732C22.344 20.6805 22.1601 20.6329 21.9668 20.6329C21.5791 20.6329 21.2588 20.7996 21.0061 21.1331C20.752 21.4666 20.6249 21.9814 20.6249 22.6749V24.738H19.3836V19.5715H19.3849Z" fill="black"></path><path d="M24.8518 24.4178L22.9792 19.5715H24.2312L25.4434 22.8562L26.5841 19.5715H27.8255L25.1827 26.7813H23.981L24.8518 24.4178Z" fill="black"></path><path d="M28.8074 24.4786C28.4607 24.251 28.1881 23.9347 27.9909 23.5271C27.7937 23.1195 27.6958 22.663 27.6958 22.1548C27.6958 21.6466 27.7911 21.1821 27.9816 20.7785C28.1722 20.3748 28.4369 20.0585 28.7783 19.8322C29.1184 19.6059 29.5088 19.4921 29.9495 19.4921C30.2962 19.4921 30.6006 19.5543 30.86 19.6774C31.1207 19.8005 31.3205 19.9765 31.4608 20.2028V17.65H32.7021V24.7393H31.4608V24.1187C31.3139 24.3251 31.1141 24.4945 30.86 24.6242C30.6059 24.7539 30.3055 24.8201 29.9588 24.8201C29.5379 24.8201 29.1541 24.7063 28.8074 24.48V24.4786ZM31.1763 23.2664C31.4198 22.9925 31.5415 22.6219 31.5415 22.1548C31.5415 21.6876 31.4198 21.3171 31.1763 21.0431C30.9328 20.7692 30.6271 20.6329 30.2605 20.6329C29.8939 20.6329 29.5882 20.7705 29.3447 21.0431C29.1012 21.3171 28.9795 21.6876 28.9795 22.1548C28.9795 22.6219 29.1012 22.9925 29.3447 23.2664C29.5882 23.5404 29.8939 23.6767 30.2605 23.6767C30.6271 23.6767 30.9328 23.5404 31.1763 23.2664Z" fill="black"></path><path d="M34.2624 24.6388C33.9951 24.5183 33.782 24.3437 33.6219 24.1134C33.4618 23.8831 33.3824 23.6079 33.3824 23.2876C33.3824 22.7807 33.5729 22.3718 33.9527 22.0608C34.3339 21.7511 34.8473 21.595 35.4945 21.595H36.6061V21.415C36.6061 21.1543 36.5161 20.9465 36.3361 20.789C36.1562 20.6329 35.9127 20.5535 35.6056 20.5535C35.3582 20.5535 35.1345 20.6183 34.9347 20.7493C34.7349 20.879 34.584 21.0312 34.4834 21.2046L33.5319 20.6342C33.7119 20.3073 33.9792 20.0347 34.3325 19.8177C34.6859 19.6006 35.1094 19.4921 35.6043 19.4921C36.3123 19.4921 36.8629 19.6615 37.2559 20.003C37.6503 20.3431 37.8461 20.834 37.8461 21.4746V24.7393H36.8245L36.6538 24.079C36.487 24.3066 36.2753 24.4866 36.0172 24.6189C35.7605 24.7526 35.4574 24.8187 35.1107 24.8187C34.8103 24.8187 34.5271 24.7592 34.2598 24.6388H34.2624ZM36.2607 23.457C36.491 23.2572 36.6061 23.0097 36.6061 22.7159V22.5756H35.6255C35.3383 22.5756 35.1094 22.6312 34.94 22.741C34.7693 22.8509 34.6846 23.0031 34.6846 23.1963C34.6846 23.3763 34.7468 23.5152 34.8698 23.6118C34.9929 23.7084 35.1755 23.7574 35.4151 23.7574C35.7486 23.7574 36.0304 23.6568 36.2607 23.457V23.457Z" fill="black"></path><path d="M39.7571 24.4178L37.8845 19.5715H39.1364L40.3473 22.8562L41.4894 19.5715H42.7308L40.088 26.7813H38.8863L39.7571 24.4178Z" fill="black"></path><path d="M13.652 33.1164H12.6185V27.5515H14.6618C15.7985 27.5515 16.4589 28.3072 16.4589 29.2772C16.4589 30.2473 15.7985 31.0029 14.6618 31.0029H13.652V33.1177V33.1164ZM15.4095 29.2759C15.4095 28.7505 15.076 28.5044 14.5824 28.5044H13.652V30.0461H14.5824C15.0747 30.0461 15.4095 29.8 15.4095 29.2746V29.2759Z" fill="black"></path><path d="M17.0981 29.0139H18.084V29.6345C18.3222 29.1899 18.7682 28.9503 19.2843 28.9503C19.5464 28.9503 19.7687 29.0139 19.9209 29.133L19.5874 29.968C19.4524 29.8966 19.3095 29.8569 19.1507 29.8569C18.5856 29.8569 18.0854 30.3015 18.0854 31.4793V33.1177H17.0994V29.0152L17.0981 29.0139Z" fill="black"></path><path d="M20.9703 27.312C21.3356 27.312 21.6069 27.5899 21.6069 27.9485C21.6069 28.3072 21.3369 28.5851 20.9703 28.5851C20.6038 28.5851 20.3338 28.3072 20.3338 27.9485C20.3338 27.5899 20.6038 27.312 20.9703 27.312ZM21.4626 33.1164H20.4767V29.0139H21.4626V33.1164Z" fill="black"></path><path d="M22.2355 31.0651C22.2355 29.8251 23.0785 28.9503 24.3026 28.9503C25.1774 28.9503 25.8205 29.2997 26.1553 30.0713L25.2568 30.4762C25.0583 30.0792 24.7565 29.8555 24.3026 29.8555C23.6899 29.8555 23.2373 30.3399 23.2373 31.0638C23.2373 31.7877 23.6899 32.272 24.3026 32.272C24.7552 32.272 25.0583 32.0497 25.2568 31.6514L26.1553 32.0563C25.8219 32.8279 25.1774 33.1772 24.3026 33.1772C23.0785 33.1772 22.2355 32.3025 22.2355 31.0625V31.0651Z" fill="black"></path><path d="M30.5874 31.3827H27.5581C27.6693 32.0113 28.1153 32.3051 28.6473 32.3051C29.1316 32.3051 29.4109 32.0907 29.6808 31.7083L30.5159 32.1609C30.1348 32.7736 29.5617 33.1786 28.5917 33.1786C27.2167 33.1786 26.5484 32.0894 26.5484 31.0638C26.5484 30.0382 27.2723 28.949 28.5838 28.949C29.8952 28.949 30.5874 29.9667 30.5874 30.9765V31.3814V31.3827ZM29.5776 30.6033C29.5062 30.1586 29.1409 29.8079 28.5838 29.8079C28.1391 29.8079 27.7408 30.0938 27.5978 30.6033H29.5776V30.6033Z" fill="black"></path><path d="M31.0294 32.2416L31.7374 31.6448C31.9677 32.0577 32.2866 32.3051 32.7551 32.3051C33.0965 32.3051 33.3281 32.1463 33.3281 31.8922C33.3281 31.6381 33.0105 31.4952 32.4613 31.343C31.785 31.1604 31.253 30.7713 31.253 30.1507C31.253 29.4665 31.8975 28.9503 32.7154 28.9503C33.4472 28.9503 33.876 29.3156 34.1142 29.7139L33.4776 30.2631C33.2553 29.9058 32.9602 29.7933 32.7061 29.7933C32.3726 29.7933 32.1728 29.9442 32.1728 30.1189C32.1728 30.365 32.3951 30.4762 33.0634 30.6522C33.7397 30.8269 34.2796 31.1855 34.2796 31.8922C34.2796 32.5989 33.7225 33.1799 32.6902 33.1799C31.9028 33.1799 31.3311 32.8464 31.0281 32.2416H31.0294Z" fill="black"></path><path d="M23.5046 47.8549H24.2007C24.3979 47.8549 24.4045 47.8443 24.3609 47.6498C24.2643 47.2263 24.1796 46.8015 24.0724 46.382C24.0155 46.161 24.0287 46.0207 24.2391 45.8579C24.7473 45.4675 24.7658 44.7013 24.3212 44.2315C23.8792 43.7643 23.1288 43.763 22.6855 44.2275C22.2395 44.696 22.2514 45.4636 22.7609 45.854C22.9898 46.0286 22.9925 46.1822 22.9237 46.4018C22.9171 46.423 22.9118 46.4429 22.9078 46.464C22.8165 46.8743 22.7238 47.2859 22.6339 47.6961C22.6021 47.8443 22.614 47.8562 22.7715 47.8562C23.0163 47.8562 23.2611 47.8562 23.506 47.8562M23.4954 41.1361C24.2179 41.1361 24.9392 41.1334 25.6604 41.1374C25.7689 41.1374 25.8166 41.1096 25.8139 40.9932C25.8086 40.62 25.8139 40.2454 25.81 39.8723C25.806 39.5771 25.7517 39.29 25.634 39.0187C25.1602 37.9229 24.0406 37.3803 22.88 37.6807C22.0357 37.8991 21.329 38.668 21.2337 39.5374C21.1808 40.0139 21.2072 40.4982 21.1914 40.9786C21.1874 41.1056 21.235 41.1387 21.3568 41.1387C22.0701 41.1334 22.7834 41.1361 23.4967 41.1361M23.4967 50.6023C22.217 50.6023 20.9359 50.6023 19.6562 50.6023C18.6849 50.6023 17.9186 50.0041 17.699 49.0592C17.6619 48.903 17.654 48.735 17.654 48.5735C17.6513 46.7856 17.6566 44.9977 17.65 43.2112C17.6473 42.4899 17.9028 41.9037 18.4943 41.4815C18.8132 41.2539 19.1758 41.1427 19.5689 41.1374C19.7396 41.1348 19.7383 41.1321 19.7396 40.9627C19.7436 40.5035 19.7198 40.0403 19.7595 39.5851C19.9408 37.4822 21.7631 35.9683 23.862 36.1549C25.7584 36.3243 27.2578 37.96 27.2617 39.867C27.2617 40.2282 27.2617 40.5895 27.2617 40.9495C27.2617 41.1321 27.2617 41.1308 27.4457 41.1387C28.2159 41.1731 28.7796 41.5357 29.1436 42.212C29.3024 42.5071 29.3513 42.8274 29.3513 43.1595C29.3513 44.9779 29.3553 46.7949 29.3513 48.6132C29.3487 49.5965 28.732 50.3601 27.7845 50.5639C27.6429 50.5943 27.4946 50.6023 27.3491 50.6023C26.0641 50.6049 24.7804 50.6036 23.4954 50.6036" fill="black"></path></svg><p class="styled__StyledBodyText-sc-119w3hf-5 ggtTyf styled__DarkGreyBodyText-sc-9yzfq2-2 lmkdDf">Low Everyday Price</p></div></div></div></div></div></div></div></li><li class="product-list--list-item"><div class="styles__StyledVerticalTileWrapper-dvv1wj-0 dtCNPH"><div data-auto="product-tile" data-auto-type="Quantity" data-auto-available="true" data-auto-is-restricted-disabled="false" data-auto-is-substitute="false" class="styles__StyledVerticalTile-dvv1wj-1 gSCsYK"><div class="styles__StyledTileContentWrapper-dvv1wj-2 bkNhNP beans"><div id="tile-262157880" data-auto-id="262157880" class="styles__StyledTiledContent-dvv1wj-3 bcglTg"><a href="https://www.tesco.com/groceries/en-GB/products/262157880" aria-hidden="true" class="product-image-wrapper" tabindex="1"><div class="product-image__container"><picture><img class="styled__Image-sjvkdn-0 bJErKA product-image beans-responsive-image__image" src="data:image/gif;base64,R0lGODlhAQABAAAAACH5BAEKAAEALAAAAAABAAEAAAICTAEAOw==" srcset="https://digitalcontent.api.tesco.com/v2/media/ghs/6e7f5649-953f-41ef-b94d-6a75abcd0568/90675e7a-038d-407e-a334-3df2cfd8cf3f_927061717.jpeg?h=225&amp;w=225 768w, data:image/gif;base64,R0lGODlhAQABAAAAACH5BAEKAAEALAAAAAABAAEAAAICTAEAOw== 4000w" alt="Nivea Shower Cashmere Moments 250Ml"></picture></div></a><div class="product-details--wrapper"><h3 class="styles__H3-oa5soe-0 bCKNNq"><a href="https://www.tesco.com/groceries/en-GB/products/262157880" class="styled__Anchor-sc-1xbujuz-0 csVOnh beans-link__anchor" data-auto="product-tile--title"><span class="styled__Text-sc-1xbujuz-1 ldbwMG beans-link__text">Nivea Shower Cashmere Moments 250Ml</span></a></h3><div class="styles__StyledPromotionsAboveMobile-dvv1wj-7 iPTMuo"></div><div class="styles__StyledProductDetailsContent-dvv1wj-5 ddRSrq"><a href="https://www.tesco.com/groceries/en-GB/reviews/submission/262157880?from=%2Fshop%2Fhealth-and-beauty%2Fall" aria-label="Write a review for Nivea Shower Cashmere Moments 250Ml" class="styled__Anchor-sc-1xbujuz-0 jSzuDt write-a-review-link beans-link__anchor" data-auto="review-link"><span class="styled__Text-sc-1xbujuz-1 fyDIEo beans-link__text">Write a review</span><span class="styled__IconContainer-sc-1xbujuz-2 bSauSL beans-link__icon-container"><svg aria-hidden="true" class="styled__SVG-xxa4wh-1 hQMCqc beans-link__icon beans-icon__svg" height="13.33" preserveAspectRatio="xMinYMax meet" viewBox="-1 0 12 20" width="8" xmlns="http://www.w3.org/2000/svg" color="currentColor"><path d="M1.312 1.348L10.276 10l-8.964 8.644" fill="none" stroke="currentColor"></path></svg></span></a><div><a href="https://www.tesco.com/groceries/en-GB/shop/health-and-beauty/shower-bath-and-hand-hygiene/shower/shower-gel" class="styled__Anchor-sc-1xbujuz-0 jSzuDt rest-of-shelf-link beans-link__anchor" data-auto="rest-of-shelf-link"><span class="styled__Text-sc-1xbujuz-1 fyDIEo beans-link__text">Rest of <span class="visually-hidden">Shower Gel</span> shelf</span><span class="styled__IconContainer-sc-1xbujuz-2 bSauSL beans-link__icon-container"><svg aria-hidden="true" class="styled__SVG-xxa4wh-1 hQMCqc beans-link__icon beans-icon__svg" height="13.33" preserveAspectRatio="xMinYMax meet" viewBox="-1 0 12 20" width="8" xmlns="http://www.w3.org/2000/svg" color="currentColor"><path d="M1.312 1.348L10.276 10l-8.964 8.644" fill="none" stroke="currentColor"></path></svg></span></a></div><div class="product-info-message-section"><div class="product-info-message-list"><div class="styled__WhiteBackground-sc-9yzfq2-1 jthPIJ"><svg width="56" height="61" viewBox="0 0 56 61" fill="none" xmlns="http://www.w3.org/2000/svg"><path d="M30.8759 45.8182C40.0086 42.7996 46.6572 34.3312 46.9801 24.2629H47V23.502V22.7397H46.9801C46.5765 10.112 36.2237 0 23.4993 0C10.5209 0 0 10.5209 0 23.4993C0 33.8972 6.75323 42.7162 16.1109 45.8142L16.1294 42.8684C13.3741 41.8189 10.9007 40.1978 8.8508 38.1492C5.099 34.3961 2.78308 29.2256 2.78308 23.4993C2.78308 17.7744 5.10032 12.6039 8.8508 8.84947C12.6039 5.09768 17.7744 2.78175 23.5007 2.78175C29.2256 2.78175 34.3961 5.09768 38.1505 8.84947C41.9023 12.6026 44.2182 17.7731 44.2182 23.4993C44.2182 29.2256 41.901 34.3948 38.1505 38.1492C36.1033 40.1952 33.6338 41.815 30.8838 42.8644L30.8772 45.8182H30.8759Z" fill="#EE1C2E"></path><path d="M9.82217 16.0368C10.5434 14.6962 11.4566 13.472 12.5245 12.4041C15.3354 9.59453 19.2116 7.85825 23.4994 7.85825C27.7871 7.85825 31.6633 9.59453 34.4742 12.4041C35.5435 13.4734 36.4553 14.6962 37.1765 16.0368H38.6256C35.8995 10.4309 30.1507 6.56662 23.498 6.56662C16.8454 6.56662 11.0966 10.4309 8.37042 16.0368H9.81952H9.82217Z" fill="black"></path><path d="M38.2419 28.245C37.4743 30.5728 36.1694 32.6571 34.4742 34.3537C32.8385 35.9881 30.8428 37.2599 28.6142 38.038C28.605 38.0407 28.5825 38.0394 28.5878 38.0473C28.773 38.3278 28.7836 39.3429 28.7836 39.3429C33.9567 37.6318 38.0142 33.4763 39.593 28.245H38.2419Z" fill="black"></path><path d="M12.5245 34.3537C10.4322 32.2601 8.9355 29.5763 8.30822 26.5722H6.99409C8.14941 32.5791 12.4994 37.4491 18.2085 39.3416C18.2111 39.3416 18.2177 39.3482 18.2177 39.3442C18.2627 38.2286 18.3898 38.0394 18.3898 38.0394C18.3818 38.0367 18.3726 38.0341 18.3646 38.0301C16.144 37.2519 14.1536 35.9828 12.5232 34.3524L12.5245 34.3537Z" fill="black"></path><path d="M17.6645 15.8727H20.1062V16.8335H16.623V11.2289H17.6645V15.8727Z" fill="black"></path><path d="M20.527 13.6745C20.7031 13.3516 20.9532 13.0975 21.2761 12.9136C21.599 12.7296 21.9682 12.637 22.3851 12.637C22.8019 12.637 23.1712 12.7296 23.4941 12.9136C23.817 13.0975 24.0658 13.3516 24.2431 13.6745C24.4191 13.9974 24.5065 14.3614 24.5065 14.7676C24.5065 15.1739 24.4191 15.5379 24.2431 15.8608C24.0671 16.1837 23.817 16.4364 23.4941 16.6217C23.1712 16.8057 22.8019 16.897 22.3851 16.897C21.9682 16.897 21.599 16.8057 21.2761 16.6217C20.9532 16.4378 20.7031 16.1837 20.527 15.8608C20.351 15.5379 20.2637 15.1739 20.2637 14.7676C20.2637 14.3614 20.351 13.9974 20.527 13.6745ZM21.5805 15.6477C21.7856 15.8727 22.0542 15.9838 22.3851 15.9838C22.7159 15.9838 22.9846 15.8713 23.1897 15.6477C23.3948 15.424 23.498 15.1303 23.498 14.7676C23.498 14.405 23.3948 14.1112 23.1897 13.8876C22.9846 13.6639 22.7159 13.5515 22.3851 13.5515C22.0542 13.5515 21.7856 13.6639 21.5805 13.8876C21.3753 14.1112 21.2721 14.405 21.2721 14.7676C21.2721 15.1303 21.3753 15.424 21.5805 15.6477Z" fill="black"></path><path d="M29.1687 16.8334H28.208L27.5119 14.1271L26.8158 16.8334H25.855L24.566 12.7018H25.5347L26.3182 15.4082L27.0315 12.7018H27.9923L28.7056 15.4082L29.489 12.7018H30.4577L29.1687 16.8334Z" fill="black"></path><path d="M8.61654 18.931H5.58202V20.4026H8.01572V21.6042H5.58202V23.5377H8.71579V24.738H4.27981V17.7294H8.61654V18.931Z" fill="black"></path><path d="M8.73168 19.5715H9.9836L11.2051 23.0269L12.4266 19.5715H13.6785L11.7662 24.738H10.644L8.73168 19.5715Z" fill="black"></path><path d="M18.7126 22.5558H14.8973C14.9635 22.9369 15.121 23.2254 15.3684 23.4226C15.6159 23.6198 15.9163 23.7177 16.2697 23.7177C16.5635 23.7177 16.8083 23.6555 17.0055 23.5324C17.2027 23.4093 17.3906 23.2201 17.5719 22.966L18.6226 23.5377C18.3686 23.9519 18.047 24.2682 17.6566 24.4892C17.2662 24.7089 16.7805 24.8201 16.1995 24.8201C15.6517 24.8201 15.1832 24.6917 14.7928 24.435C14.4024 24.1782 14.1099 23.8461 13.9167 23.4385C13.7235 23.0322 13.6269 22.6047 13.6269 22.1574C13.6269 21.7101 13.7288 21.2827 13.9326 20.8764C14.1364 20.4688 14.4315 20.1366 14.8192 19.8799C15.207 19.6231 15.6636 19.4948 16.1916 19.4948C16.7196 19.4948 17.1828 19.6152 17.5626 19.8547C17.9438 20.0956 18.2296 20.4106 18.4241 20.801C18.6174 21.1914 18.714 21.6069 18.714 22.0476V22.5584L18.7126 22.5558ZM17.4409 21.5751C17.3945 21.2813 17.2582 21.0418 17.0346 20.8539C16.8109 20.6673 16.5291 20.5733 16.1889 20.5733C15.9018 20.5733 15.645 20.662 15.4174 20.838C15.1911 21.0153 15.0336 21.2602 14.9463 21.5738H17.4395L17.4409 21.5751Z" fill="black"></path><path d="M19.3849 19.5715H20.6263V20.3523C20.7732 20.0718 20.9809 19.8587 21.2469 19.7118C21.5142 19.5649 21.8107 19.4921 22.1376 19.4921C22.4644 19.4921 22.745 19.5689 22.9382 19.7224L22.5174 20.7732C22.344 20.6805 22.1601 20.6329 21.9668 20.6329C21.5791 20.6329 21.2588 20.7996 21.0061 21.1331C20.752 21.4666 20.6249 21.9814 20.6249 22.6749V24.738H19.3836V19.5715H19.3849Z" fill="black"></path><path d="M24.8518 24.4178L22.9792 19.5715H24.2312L25.4434 22.8562L26.5841 19.5715H27.8255L25.1827 26.7813H23.981L24.8518 24.4178Z" fill="black"></path><path d="M28.8074 24.4786C28.4607 24.251 28.1881 23.9347 27.9909 23.5271C27.7937 23.1195 27.6958 22.663 27.6958 22.1548C27.6958 21.6466 27.7911 21.1821 27.9816 20.7785C28.1722 20.3748 28.4369 20.0585 28.7783 19.8322C29.1184 19.6059 29.5088 19.4921 29.9495 19.4921C30.2962 19.4921 30.6006 19.5543 30.86 19.6774C31.1207 19.8005 31.3205 19.9765 31.4608 20.2028V17.65H32.7021V24.7393H31.4608V24.1187C31.3139 24.3251 31.1141 24.4945 30.86 24.6242C30.6059 24.7539 30.3055 24.8201 29.9588 24.8201C29.5379 24.8201 29.1541 24.7063 28.8074 24.48V24.4786ZM31.1763 23.2664C31.4198 22.9925 31.5415 22.6219 31.5415 22.1548C31.5415 21.6876 31.4198 21.3171 31.1763 21.0431C30.9328 20.7692 30.6271 20.6329 30.2605 20.6329C29.8939 20.6329 29.5882 20.7705 29.3447 21.0431C29.1012 21.3171 28.9795 21.6876 28.9795 22.1548C28.9795 22.6219 29.1012 22.9925 29.3447 23.2664C29.5882 23.5404 29.8939 23.6767 30.2605 23.6767C30.6271 23.6767 30.9328 23.5404 31.1763 23.2664Z" fill="black"></path><path d="M34.2624 24.6388C33.9951 24.5183 33.782 24.3437 33.6219 24.1134C33.4618 23.8831 33.3824 23.6079 33.3824 23.2876C33.3824 22.7807 33.5729 22.3718 33.9527 22.0608C34.3339 21.7511 34.8473 21.595 35.4945 21.595H36.6061V21.415C36.6061 21.1543 36.5161 20.9465 36.3361 20.789C36.1562 20.6329 35.9127 20.5535 35.6056 20.5535C35.3582 20.5535 35.1345 20.6183 34.9347 20.7493C34.7349 20.879 34.584 21.0312 34.4834 21.2046L33.5319 20.6342C33.7119 20.3073 33.9792 20.0347 34.3325 19.8177C34.6859 19.6006 35.1094 19.4921 35.6043 19.4921C36.3123 19.4921 36.8629 19.6615 37.2559 20.003C37.6503 20.3431 37.8461 20.834 37.8461 21.4746V24.7393H36.8245L36.6538 24.079C36.487 24.3066 36.2753 24.4866 36.0172 24.6189C35.7605 24.7526 35.4574 24.8187 35.1107 24.8187C34.8103 24.8187 34.5271 24.7592 34.2598 24.6388H34.2624ZM36.2607 23.457C36.491 23.2572 36.6061 23.0097 36.6061 22.7159V22.5756H35.6255C35.3383 22.5756 35.1094 22.6312 34.94 22.741C34.7693 22.8509 34.6846 23.0031 34.6846 23.1963C34.6846 23.3763 34.7468 23.5152 34.8698 23.6118C34.9929 23.7084 35.1755 23.7574 35.4151 23.7574C35.7486 23.7574 36.0304 23.6568 36.2607 23.457V23.457Z" fill="black"></path><path d="M39.7571 24.4178L37.8845 19.5715H39.1364L40.3473 22.8562L41.4894 19.5715H42.7308L40.088 26.7813H38.8863L39.7571 24.4178Z" fill="black"></path><path d="M13.652 33.1164H12.6185V27.5515H14.6618C15.7985 27.5515 16.4589 28.3072 16.4589 29.2772C16.4589 30.2473 15.7985 31.0029 14.6618 31.0029H13.652V33.1177V33.1164ZM15.4095 29.2759C15.4095 28.7505 15.076 28.5044 14.5824 28.5044H13.652V30.0461H14.5824C15.0747 30.0461 15.4095 29.8 15.4095 29.2746V29.2759Z" fill="black"></path><path d="M17.0981 29.0139H18.084V29.6345C18.3222 29.1899 18.7682 28.9503 19.2843 28.9503C19.5464 28.9503 19.7687 29.0139 19.9209 29.133L19.5874 29.968C19.4524 29.8966 19.3095 29.8569 19.1507 29.8569C18.5856 29.8569 18.0854 30.3015 18.0854 31.4793V33.1177H17.0994V29.0152L17.0981 29.0139Z" fill="black"></path><path d="M20.9703 27.312C21.3356 27.312 21.6069 27.5899 21.6069 27.9485C21.6069 28.3072 21.3369 28.5851 20.9703 28.5851C20.6038 28.5851 20.3338 28.3072 20.3338 27.9485C20.3338 27.5899 20.6038 27.312 20.9703 27.312ZM21.4626 33.1164H20.4767V29.0139H21.4626V33.1164Z" fill="black"></path><path d="M22.2355 31.0651C22.2355 29.8251 23.0785 28.9503 24.3026 28.9503C25.1774 28.9503 25.8205 29.2997 26.1553 30.0713L25.2568 30.4762C25.0583 30.0792 24.7565 29.8555 24.3026 29.8555C23.6899 29.8555 23.2373 30.3399 23.2373 31.0638C23.2373 31.7877 23.6899 32.272 24.3026 32.272C24.7552 32.272 25.0583 32.0497 25.2568 31.6514L26.1553 32.0563C25.8219 32.8279 25.1774 33.1772 24.3026 33.1772C23.0785 33.1772 22.2355 32.3025 22.2355 31.0625V31.0651Z" fill="black"></path><path d="M30.5874 31.3827H27.5581C27.6693 32.0113 28.1153 32.3051 28.6473 32.3051C29.1316 32.3051 29.4109 32.0907 29.6808 31.7083L30.5159 32.1609C30.1348 32.7736 29.5617 33.1786 28.5917 33.1786C27.2167 33.1786 26.5484 32.0894 26.5484 31.0638C26.5484 30.0382 27.2723 28.949 28.5838 28.949C29.8952 28.949 30.5874 29.9667 30.5874 30.9765V31.3814V31.3827ZM29.5776 30.6033C29.5062 30.1586 29.1409 29.8079 28.5838 29.8079C28.1391 29.8079 27.7408 30.0938 27.5978 30.6033H29.5776V30.6033Z" fill="black"></path><path d="M31.0294 32.2416L31.7374 31.6448C31.9677 32.0577 32.2866 32.3051 32.7551 32.3051C33.0965 32.3051 33.3281 32.1463 33.3281 31.8922C33.3281 31.6381 33.0105 31.4952 32.4613 31.343C31.785 31.1604 31.253 30.7713 31.253 30.1507C31.253 29.4665 31.8975 28.9503 32.7154 28.9503C33.4472 28.9503 33.876 29.3156 34.1142 29.7139L33.4776 30.2631C33.2553 29.9058 32.9602 29.7933 32.7061 29.7933C32.3726 29.7933 32.1728 29.9442 32.1728 30.1189C32.1728 30.365 32.3951 30.4762 33.0634 30.6522C33.7397 30.8269 34.2796 31.1855 34.2796 31.8922C34.2796 32.5989 33.7225 33.1799 32.6902 33.1799C31.9028 33.1799 31.3311 32.8464 31.0281 32.2416H31.0294Z" fill="black"></path><path d="M23.5046 47.8549H24.2007C24.3979 47.8549 24.4045 47.8443 24.3609 47.6498C24.2643 47.2263 24.1796 46.8015 24.0724 46.382C24.0155 46.161 24.0287 46.0207 24.2391 45.8579C24.7473 45.4675 24.7658 44.7013 24.3212 44.2315C23.8792 43.7643 23.1288 43.763 22.6855 44.2275C22.2395 44.696 22.2514 45.4636 22.7609 45.854C22.9898 46.0286 22.9925 46.1822 22.9237 46.4018C22.9171 46.423 22.9118 46.4429 22.9078 46.464C22.8165 46.8743 22.7238 47.2859 22.6339 47.6961C22.6021 47.8443 22.614 47.8562 22.7715 47.8562C23.0163 47.8562 23.2611 47.8562 23.506 47.8562M23.4954 41.1361C24.2179 41.1361 24.9392 41.1334 25.6604 41.1374C25.7689 41.1374 25.8166 41.1096 25.8139 40.9932C25.8086 40.62 25.8139 40.2454 25.81 39.8723C25.806 39.5771 25.7517 39.29 25.634 39.0187C25.1602 37.9229 24.0406 37.3803 22.88 37.6807C22.0357 37.8991 21.329 38.668 21.2337 39.5374C21.1808 40.0139 21.2072 40.4982 21.1914 40.9786C21.1874 41.1056 21.235 41.1387 21.3568 41.1387C22.0701 41.1334 22.7834 41.1361 23.4967 41.1361M23.4967 50.6023C22.217 50.6023 20.9359 50.6023 19.6562 50.6023C18.6849 50.6023 17.9186 50.0041 17.699 49.0592C17.6619 48.903 17.654 48.735 17.654 48.5735C17.6513 46.7856 17.6566 44.9977 17.65 43.2112C17.6473 42.4899 17.9028 41.9037 18.4943 41.4815C18.8132 41.2539 19.1758 41.1427 19.5689 41.1374C19.7396 41.1348 19.7383 41.1321 19.7396 40.9627C19.7436 40.5035 19.7198 40.0403 19.7595 39.5851C19.9408 37.4822 21.7631 35.9683 23.862 36.1549C25.7584 36.3243 27.2578 37.96 27.2617 39.867C27.2617 40.2282 27.2617 40.5895 27.2617 40.9495C27.2617 41.1321 27.2617 41.1308 27.4457 41.1387C28.2159 41.1731 28.7796 41.5357 29.1436 42.212C29.3024 42.5071 29.3513 42.8274 29.3513 43.1595C29.3513 44.9779 29.3553 46.7949 29.3513 48.6132C29.3487 49.5965 28.732 50.3601 27.7845 50.5639C27.6429 50.5943 27.4946 50.6023 27.3491 50.6023C26.0641 50.6049 24.7804 50.6036 23.4954 50.6036" fill="black"></path></svg><p class="styled__StyledBodyText-sc-119w3hf-5 ggtTyf styled__DarkGreyBodyText-sc-9yzfq2-2 lmkdDf">Low Everyday Price</p></div></div></div></div><div class="styles__StyledBuyBoxWrapper-dvv1wj-4 dSvjUC"><div class="styles__StyledBuyBoxContainer-sc-1wx0qp6-0 erryje" data-auto="buybox-container"><div class="styles__SafeFormWrapper-jtpu2t-0 lcrYKS"><form action="https://www.tesco.com/groceries/en-GB/trolley/items/262157880?_method=PUT" method="POST"><input type="submit" class="hidden"><input name="id" type="hidden" value="262157880"><input name="identifier" type="hidden" value="Page"><input name="anchorId" type="hidden" value="#tile-262157880"><input name="returnUrl" type="hidden" value="/groceries/en-GB/shop/health-and-beauty/all?redirectIfUnavailable=true#tile-262157880"><input name="backToUrl" type="hidden" value="#"><input name="oldValue" type="hidden" value="0"><input name="oldUnitChoice" type="hidden" value="pcs"><input name="newUnitChoice" type="hidden" value="pcs"><div class="base-components__RootElement-sc-1mosoyj-1 styled__Container-sc-6nhkzi-0 jptQqM hSNpTb beans-buybox__container"><div class="base-components__BaseElement-sc-1mosoyj-0 styled__PriceAndActions-sc-6nhkzi-3 oznwo eEPLov beans-buybox__price-and-actions"><div class="base-components__RootElement-sc-1mosoyj-1 styled__Container-sc-8qlq5b-0 jptQqM bgZrjw styled__StyledPrice-sc-6nhkzi-5 iYHeik beans-buybox__price beans-price__container"><p class="styled__StyledHeading-sc-119w3hf-2 jWPEtj styled__Text-sc-8qlq5b-1 lnaeiZ beans-price__text">£1.00</p><p class="styled__StyledFootnote-sc-119w3hf-7 icrlVF styled__Subtext-sc-8qlq5b-2 bNJmdc beans-price__subtext">£0.40/100ml</p></div><div class="base-components__RootElement-sc-1mosoyj-1 styled__Container-vtxwzb-0 jptQqM bDFhXJ beans-buybox__actions beans-quantity-controls__container"><div class="base-components__RootElement-sc-1mosoyj-1 styled__Container-sc-16t2b2a-0 jptQqM PUfgZ styled__StyledFormGroup-vtxwzb-1 kzKuAr beans-quantity-controls__form-group beans-form-group__container"><label class="styled__StyledLabel-sc-1ttuvhr-0 izGEjV beans-form-group__label beans-label" for="quantity-controls-262157880">Quantity controls </label><div class="base-components__BaseElement-sc-1mosoyj-0 styled__Children-sc-16t2b2a-3 oznwo gdJvjO beans-form-group__children"><div class="styled__StyledQuantityControlWrapper-vtxwzb-6 LCxOg"><label id="quantity-controls-262157880-label" class="styled__VisuallyHiddenLabel-vtxwzb-7 gXlLiM">Quantity of Nivea Shower Cashmere Moments 250Ml</label><div class="component__Wrapper-sc-1kpmik-3 dReplG input-wrapper"><input class="base-components__RootElement-sc-1mosoyj-1 styled__StyledInput-sc-1jd5f57-0 component__StyledAsInput-sc-1kpmik-4 jptQqM eJLlow styled__StyledInput-vtxwzb-3 lwMHo beans-quantity-controls__input beans-input" data-auto="beans-quantity-controls-input" autocomplete="off" id="quantity-controls-262157880" maxlength="2" name="newValue" type="number" aria-labelledby="quantity-controls-262157880-label" value="1"></div></div><button class="styled__BaseButton-rsekm1-0 styled__PrimaryButton-rsekm1-2 jChbeY geeWOF styled__StyledButton-vtxwzb-5 japAxb beans-quantity-controls__add-button beans-button__container" type="submit" data-auto="beans-quantity-controls-add-button" aria-label="Quantity of Nivea Shower Cashmere Moments 250Ml"><span class="base-components__BaseElement-sc-1mosoyj-0 styled__InnerContainer-rsekm1-1 oznwo fuFres beans-button__inner-container"><span class="base-components__BaseElement-sc-1mosoyj-0 styled__TextSpan-rsekm1-4 oznwo GDiMp beans-button__text">Add</span></span></button></div></div></div></div></div><input name="_csrf" type="hidden" value="0WbpBJF9-cS-fAMl-ByHnl5hECj1JaZiBQ20"></form></div></div></div></div><div class="hidden-medium product-info-section-small"><div class="product-info-message-list"><div class="styled__WhiteBackground-sc-9yzfq2-1 jthPIJ"><svg width="56" height="61" viewBox="0 0 56 61" fill="none" xmlns="http://www.w3.org/2000/svg"><path d="M30.8759 45.8182C40.0086 42.7996 46.6572 34.3312 46.9801 24.2629H47V23.502V22.7397H46.9801C46.5765 10.112 36.2237 0 23.4993 0C10.5209 0 0 10.5209 0 23.4993C0 33.8972 6.75323 42.7162 16.1109 45.8142L16.1294 42.8684C13.3741 41.8189 10.9007 40.1978 8.8508 38.1492C5.099 34.3961 2.78308 29.2256 2.78308 23.4993C2.78308 17.7744 5.10032 12.6039 8.8508 8.84947C12.6039 5.09768 17.7744 2.78175 23.5007 2.78175C29.2256 2.78175 34.3961 5.09768 38.1505 8.84947C41.9023 12.6026 44.2182 17.7731 44.2182 23.4993C44.2182 29.2256 41.901 34.3948 38.1505 38.1492C36.1033 40.1952 33.6338 41.815 30.8838 42.8644L30.8772 45.8182H30.8759Z" fill="#EE1C2E"></path><path d="M9.82217 16.0368C10.5434 14.6962 11.4566 13.472 12.5245 12.4041C15.3354 9.59453 19.2116 7.85825 23.4994 7.85825C27.7871 7.85825 31.6633 9.59453 34.4742 12.4041C35.5435 13.4734 36.4553 14.6962 37.1765 16.0368H38.6256C35.8995 10.4309 30.1507 6.56662 23.498 6.56662C16.8454 6.56662 11.0966 10.4309 8.37042 16.0368H9.81952H9.82217Z" fill="black"></path><path d="M38.2419 28.245C37.4743 30.5728 36.1694 32.6571 34.4742 34.3537C32.8385 35.9881 30.8428 37.2599 28.6142 38.038C28.605 38.0407 28.5825 38.0394 28.5878 38.0473C28.773 38.3278 28.7836 39.3429 28.7836 39.3429C33.9567 37.6318 38.0142 33.4763 39.593 28.245H38.2419Z" fill="black"></path><path d="M12.5245 34.3537C10.4322 32.2601 8.9355 29.5763 8.30822 26.5722H6.99409C8.14941 32.5791 12.4994 37.4491 18.2085 39.3416C18.2111 39.3416 18.2177 39.3482 18.2177 39.3442C18.2627 38.2286 18.3898 38.0394 18.3898 38.0394C18.3818 38.0367 18.3726 38.0341 18.3646 38.0301C16.144 37.2519 14.1536 35.9828 12.5232 34.3524L12.5245 34.3537Z" fill="black"></path><path d="M17.6645 15.8727H20.1062V16.8335H16.623V11.2289H17.6645V15.8727Z" fill="black"></path><path d="M20.527 13.6745C20.7031 13.3516 20.9532 13.0975 21.2761 12.9136C21.599 12.7296 21.9682 12.637 22.3851 12.637C22.8019 12.637 23.1712 12.7296 23.4941 12.9136C23.817 13.0975 24.0658 13.3516 24.2431 13.6745C24.4191 13.9974 24.5065 14.3614 24.5065 14.7676C24.5065 15.1739 24.4191 15.5379 24.2431 15.8608C24.0671 16.1837 23.817 16.4364 23.4941 16.6217C23.1712 16.8057 22.8019 16.897 22.3851 16.897C21.9682 16.897 21.599 16.8057 21.2761 16.6217C20.9532 16.4378 20.7031 16.1837 20.527 15.8608C20.351 15.5379 20.2637 15.1739 20.2637 14.7676C20.2637 14.3614 20.351 13.9974 20.527 13.6745ZM21.5805 15.6477C21.7856 15.8727 22.0542 15.9838 22.3851 15.9838C22.7159 15.9838 22.9846 15.8713 23.1897 15.6477C23.3948 15.424 23.498 15.1303 23.498 14.7676C23.498 14.405 23.3948 14.1112 23.1897 13.8876C22.9846 13.6639 22.7159 13.5515 22.3851 13.5515C22.0542 13.5515 21.7856 13.6639 21.5805 13.8876C21.3753 14.1112 21.2721 14.405 21.2721 14.7676C21.2721 15.1303 21.3753 15.424 21.5805 15.6477Z" fill="black"></path><path d="M29.1687 16.8334H28.208L27.5119 14.1271L26.8158 16.8334H25.855L24.566 12.7018H25.5347L26.3182 15.4082L27.0315 12.7018H27.9923L28.7056 15.4082L29.489 12.7018H30.4577L29.1687 16.8334Z" fill="black"></path><path d="M8.61654 18.931H5.58202V20.4026H8.01572V21.6042H5.58202V23.5377H8.71579V24.738H4.27981V17.7294H8.61654V18.931Z" fill="black"></path><path d="M8.73168 19.5715H9.9836L11.2051 23.0269L12.4266 19.5715H13.6785L11.7662 24.738H10.644L8.73168 19.5715Z" fill="black"></path><path d="M18.7126 22.5558H14.8973C14.9635 22.9369 15.121 23.2254 15.3684 23.4226C15.6159 23.6198 15.9163 23.7177 16.2697 23.7177C16.5635 23.7177 16.8083 23.6555 17.0055 23.5324C17.2027 23.4093 17.3906 23.2201 17.5719 22.966L18.6226 23.5377C18.3686 23.9519 18.047 24.2682 17.6566 24.4892C17.2662 24.7089 16.7805 24.8201 16.1995 24.8201C15.6517 24.8201 15.1832 24.6917 14.7928 24.435C14.4024 24.1782 14.1099 23.8461 13.9167 23.4385C13.7235 23.0322 13.6269 22.6047 13.6269 22.1574C13.6269 21.7101 13.7288 21.2827 13.9326 20.8764C14.1364 20.4688 14.4315 20.1366 14.8192 19.8799C15.207 19.6231 15.6636 19.4948 16.1916 19.4948C16.7196 19.4948 17.1828 19.6152 17.5626 19.8547C17.9438 20.0956 18.2296 20.4106 18.4241 20.801C18.6174 21.1914 18.714 21.6069 18.714 22.0476V22.5584L18.7126 22.5558ZM17.4409 21.5751C17.3945 21.2813 17.2582 21.0418 17.0346 20.8539C16.8109 20.6673 16.5291 20.5733 16.1889 20.5733C15.9018 20.5733 15.645 20.662 15.4174 20.838C15.1911 21.0153 15.0336 21.2602 14.9463 21.5738H17.4395L17.4409 21.5751Z" fill="black"></path><path d="M19.3849 19.5715H20.6263V20.3523C20.7732 20.0718 20.9809 19.8587 21.2469 19.7118C21.5142 19.5649 21.8107 19.4921 22.1376 19.4921C22.4644 19.4921 22.745 19.5689 22.9382 19.7224L22.5174 20.7732C22.344 20.6805 22.1601 20.6329 21.9668 20.6329C21.5791 20.6329 21.2588 20.7996 21.0061 21.1331C20.752 21.4666 20.6249 21.9814 20.6249 22.6749V24.738H19.3836V19.5715H19.3849Z" fill="black"></path><path d="M24.8518 24.4178L22.9792 19.5715H24.2312L25.4434 22.8562L26.5841 19.5715H27.8255L25.1827 26.7813H23.981L24.8518 24.4178Z" fill="black"></path><path d="M28.8074 24.4786C28.4607 24.251 28.1881 23.9347 27.9909 23.5271C27.7937 23.1195 27.6958 22.663 27.6958 22.1548C27.6958 21.6466 27.7911 21.1821 27.9816 20.7785C28.1722 20.3748 28.4369 20.0585 28.7783 19.8322C29.1184 19.6059 29.5088 19.4921 29.9495 19.4921C30.2962 19.4921 30.6006 19.5543 30.86 19.6774C31.1207 19.8005 31.3205 19.9765 31.4608 20.2028V17.65H32.7021V24.7393H31.4608V24.1187C31.3139 24.3251 31.1141 24.4945 30.86 24.6242C30.6059 24.7539 30.3055 24.8201 29.9588 24.8201C29.5379 24.8201 29.1541 24.7063 28.8074 24.48V24.4786ZM31.1763 23.2664C31.4198 22.9925 31.5415 22.6219 31.5415 22.1548C31.5415 21.6876 31.4198 21.3171 31.1763 21.0431C30.9328 20.7692 30.6271 20.6329 30.2605 20.6329C29.8939 20.6329 29.5882 20.7705 29.3447 21.0431C29.1012 21.3171 28.9795 21.6876 28.9795 22.1548C28.9795 22.6219 29.1012 22.9925 29.3447 23.2664C29.5882 23.5404 29.8939 23.6767 30.2605 23.6767C30.6271 23.6767 30.9328 23.5404 31.1763 23.2664Z" fill="black"></path><path d="M34.2624 24.6388C33.9951 24.5183 33.782 24.3437 33.6219 24.1134C33.4618 23.8831 33.3824 23.6079 33.3824 23.2876C33.3824 22.7807 33.5729 22.3718 33.9527 22.0608C34.3339 21.7511 34.8473 21.595 35.4945 21.595H36.6061V21.415C36.6061 21.1543 36.5161 20.9465 36.3361 20.789C36.1562 20.6329 35.9127 20.5535 35.6056 20.5535C35.3582 20.5535 35.1345 20.6183 34.9347 20.7493C34.7349 20.879 34.584 21.0312 34.4834 21.2046L33.5319 20.6342C33.7119 20.3073 33.9792 20.0347 34.3325 19.8177C34.6859 19.6006 35.1094 19.4921 35.6043 19.4921C36.3123 19.4921 36.8629 19.6615 37.2559 20.003C37.6503 20.3431 37.8461 20.834 37.8461 21.4746V24.7393H36.8245L36.6538 24.079C36.487 24.3066 36.2753 24.4866 36.0172 24.6189C35.7605 24.7526 35.4574 24.8187 35.1107 24.8187C34.8103 24.8187 34.5271 24.7592 34.2598 24.6388H34.2624ZM36.2607 23.457C36.491 23.2572 36.6061 23.0097 36.6061 22.7159V22.5756H35.6255C35.3383 22.5756 35.1094 22.6312 34.94 22.741C34.7693 22.8509 34.6846 23.0031 34.6846 23.1963C34.6846 23.3763 34.7468 23.5152 34.8698 23.6118C34.9929 23.7084 35.1755 23.7574 35.4151 23.7574C35.7486 23.7574 36.0304 23.6568 36.2607 23.457V23.457Z" fill="black"></path><path d="M39.7571 24.4178L37.8845 19.5715H39.1364L40.3473 22.8562L41.4894 19.5715H42.7308L40.088 26.7813H38.8863L39.7571 24.4178Z" fill="black"></path><path d="M13.652 33.1164H12.6185V27.5515H14.6618C15.7985 27.5515 16.4589 28.3072 16.4589 29.2772C16.4589 30.2473 15.7985 31.0029 14.6618 31.0029H13.652V33.1177V33.1164ZM15.4095 29.2759C15.4095 28.7505 15.076 28.5044 14.5824 28.5044H13.652V30.0461H14.5824C15.0747 30.0461 15.4095 29.8 15.4095 29.2746V29.2759Z" fill="black"></path><path d="M17.0981 29.0139H18.084V29.6345C18.3222 29.1899 18.7682 28.9503 19.2843 28.9503C19.5464 28.9503 19.7687 29.0139 19.9209 29.133L19.5874 29.968C19.4524 29.8966 19.3095 29.8569 19.1507 29.8569C18.5856 29.8569 18.0854 30.3015 18.0854 31.4793V33.1177H17.0994V29.0152L17.0981 29.0139Z" fill="black"></path><path d="M20.9703 27.312C21.3356 27.312 21.6069 27.5899 21.6069 27.9485C21.6069 28.3072 21.3369 28.5851 20.9703 28.5851C20.6038 28.5851 20.3338 28.3072 20.3338 27.9485C20.3338 27.5899 20.6038 27.312 20.9703 27.312ZM21.4626 33.1164H20.4767V29.0139H21.4626V33.1164Z" fill="black"></path><path d="M22.2355 31.0651C22.2355 29.8251 23.0785 28.9503 24.3026 28.9503C25.1774 28.9503 25.8205 29.2997 26.1553 30.0713L25.2568 30.4762C25.0583 30.0792 24.7565 29.8555 24.3026 29.8555C23.6899 29.8555 23.2373 30.3399 23.2373 31.0638C23.2373 31.7877 23.6899 32.272 24.3026 32.272C24.7552 32.272 25.0583 32.0497 25.2568 31.6514L26.1553 32.0563C25.8219 32.8279 25.1774 33.1772 24.3026 33.1772C23.0785 33.1772 22.2355 32.3025 22.2355 31.0625V31.0651Z" fill="black"></path><path d="M30.5874 31.3827H27.5581C27.6693 32.0113 28.1153 32.3051 28.6473 32.3051C29.1316 32.3051 29.4109 32.0907 29.6808 31.7083L30.5159 32.1609C30.1348 32.7736 29.5617 33.1786 28.5917 33.1786C27.2167 33.1786 26.5484 32.0894 26.5484 31.0638C26.5484 30.0382 27.2723 28.949 28.5838 28.949C29.8952 28.949 30.5874 29.9667 30.5874 30.9765V31.3814V31.3827ZM29.5776 30.6033C29.5062 30.1586 29.1409 29.8079 28.5838 29.8079C28.1391 29.8079 27.7408 30.0938 27.5978 30.6033H29.5776V30.6033Z" fill="black"></path><path d="M31.0294 32.2416L31.7374 31.6448C31.9677 32.0577 32.2866 32.3051 32.7551 32.3051C33.0965 32.3051 33.3281 32.1463 33.3281 31.8922C33.3281 31.6381 33.0105 31.4952 32.4613 31.343C31.785 31.1604 31.253 30.7713 31.253 30.1507C31.253 29.4665 31.8975 28.9503 32.7154 28.9503C33.4472 28.9503 33.876 29.3156 34.1142 29.7139L33.4776 30.2631C33.2553 29.9058 32.9602 29.7933 32.7061 29.7933C32.3726 29.7933 32.1728 29.9442 32.1728 30.1189C32.1728 30.365 32.3951 30.4762 33.0634 30.6522C33.7397 30.8269 34.2796 31.1855 34.2796 31.8922C34.2796 32.5989 33.7225 33.1799 32.6902 33.1799C31.9028 33.1799 31.3311 32.8464 31.0281 32.2416H31.0294Z" fill="black"></path><path d="M23.5046 47.8549H24.2007C24.3979 47.8549 24.4045 47.8443 24.3609 47.6498C24.2643 47.2263 24.1796 46.8015 24.0724 46.382C24.0155 46.161 24.0287 46.0207 24.2391 45.8579C24.7473 45.4675 24.7658 44.7013 24.3212 44.2315C23.8792 43.7643 23.1288 43.763 22.6855 44.2275C22.2395 44.696 22.2514 45.4636 22.7609 45.854C22.9898 46.0286 22.9925 46.1822 22.9237 46.4018C22.9171 46.423 22.9118 46.4429 22.9078 46.464C22.8165 46.8743 22.7238 47.2859 22.6339 47.6961C22.6021 47.8443 22.614 47.8562 22.7715 47.8562C23.0163 47.8562 23.2611 47.8562 23.506 47.8562M23.4954 41.1361C24.2179 41.1361 24.9392 41.1334 25.6604 41.1374C25.7689 41.1374 25.8166 41.1096 25.8139 40.9932C25.8086 40.62 25.8139 40.2454 25.81 39.8723C25.806 39.5771 25.7517 39.29 25.634 39.0187C25.1602 37.9229 24.0406 37.3803 22.88 37.6807C22.0357 37.8991 21.329 38.668 21.2337 39.5374C21.1808 40.0139 21.2072 40.4982 21.1914 40.9786C21.1874 41.1056 21.235 41.1387 21.3568 41.1387C22.0701 41.1334 22.7834 41.1361 23.4967 41.1361M23.4967 50.6023C22.217 50.6023 20.9359 50.6023 19.6562 50.6023C18.6849 50.6023 17.9186 50.0041 17.699 49.0592C17.6619 48.903 17.654 48.735 17.654 48.5735C17.6513 46.7856 17.6566 44.9977 17.65 43.2112C17.6473 42.4899 17.9028 41.9037 18.4943 41.4815C18.8132 41.2539 19.1758 41.1427 19.5689 41.1374C19.7396 41.1348 19.7383 41.1321 19.7396 40.9627C19.7436 40.5035 19.7198 40.0403 19.7595 39.5851C19.9408 37.4822 21.7631 35.9683 23.862 36.1549C25.7584 36.3243 27.2578 37.96 27.2617 39.867C27.2617 40.2282 27.2617 40.5895 27.2617 40.9495C27.2617 41.1321 27.2617 41.1308 27.4457 41.1387C28.2159 41.1731 28.7796 41.5357 29.1436 42.212C29.3024 42.5071 29.3513 42.8274 29.3513 43.1595C29.3513 44.9779 29.3553 46.7949 29.3513 48.6132C29.3487 49.5965 28.732 50.3601 27.7845 50.5639C27.6429 50.5943 27.4946 50.6023 27.3491 50.6023C26.0641 50.6049 24.7804 50.6036 23.4954 50.6036" fill="black"></path></svg><p class="styled__StyledBodyText-sc-119w3hf-5 ggtTyf styled__DarkGreyBodyText-sc-9yzfq2-2 lmkdDf">Low Everyday Price</p></div></div></div></div></div></div></div></li><li class="product-list--list-item"><div class="styles__StyledVerticalTileWrapper-dvv1wj-0 dtCNPH"><div data-auto="product-tile" data-auto-type="Quantity" data-auto-available="false" data-auto-is-restricted-disabled="false" data-auto-is-substitute="false" class="styles__StyledVerticalTile-dvv1wj-1 hdMvIX"><div class="styles__StyledTileContentWrapper-dvv1wj-2 bkNhNP beans"><div id="tile-255488740" data-auto-id="255488740" class="styles__StyledTiledContent-dvv1wj-3 bcglTg"><a href="https://www.tesco.com/groceries/en-GB/products/255488740" aria-hidden="true" class="product-image-wrapper" tabindex="1"><div class="product-image__container"><picture><img class="styled__Image-sjvkdn-0 bJErKA product-image grayscale beans-responsive-image__image" src="data:image/gif;base64,R0lGODlhAQABAAAAACH5BAEKAAEALAAAAAABAAEAAAICTAEAOw==" srcset="https://digitalcontent.api.tesco.com/v2/media/ghs/b5b5d3d3-f692-4cd0-83f6-e4f22f2b8e5e/1be919e5-0ab7-4a14-aac8-241274d3d3a7_571955999.jpeg?h=225&amp;w=225 768w, data:image/gif;base64,R0lGODlhAQABAAAAACH5BAEKAAEALAAAAAABAAEAAAICTAEAOw== 4000w" alt="Tesco Paracetamol 500Mg 16 Capsules"></picture></div></a><div class="product-details--wrapper"><h3 class="styles__H3-oa5soe-0 bCKNNq"><a href="https://www.tesco.com/groceries/en-GB/products/255488740" class="styled__Anchor-sc-1xbujuz-0 csVOnh beans-link__anchor" data-auto="product-tile--title"><span class="styled__Text-sc-1xbujuz-1 ldbwMG beans-link__text">Tesco Paracetamol 500Mg 16 Capsules</span></a></h3><div class="styles__StyledPromotionsAboveMobile-dvv1wj-7 iPTMuo"></div><div class="styles__StyledProductDetailsContent-dvv1wj-5 ddRSrq"><a href="https://www.tesco.com/groceries/en-GB/reviews/submission/255488740?from=%2Fshop%2Fhealth-and-beauty%2Fall" aria-label="Write a review for Tesco Paracetamol 500Mg 16 Capsules" class="styled__Anchor-sc-1xbujuz-0 jSzuDt write-a-review-link beans-link__anchor" data-auto="review-link"><span class="styled__Text-sc-1xbujuz-1 fyDIEo beans-link__text">Write a review</span><span class="styled__IconContainer-sc-1xbujuz-2 bSauSL beans-link__icon-container"><svg aria-hidden="true" class="styled__SVG-xxa4wh-1 hQMCqc beans-link__icon beans-icon__svg" height="13.33" preserveAspectRatio="xMinYMax meet" viewBox="-1 0 12 20" width="8" xmlns="http://www.w3.org/2000/svg" color="currentColor"><path d="M1.312 1.348L10.276 10l-8.964 8.644" fill="none" stroke="currentColor"></path></svg></span></a><div class="product-info-message-section"><div class="product-info-message-list"><ul><li><div data-auto="info-message" class="product-info-message with-warning-background unavailable-messages"><p>This product's currently out of stock</p></div></li></ul></div></div></div><div class="styles__StyledRestOfShelfButton-sc-1zolry-0 jqKCro"><a href="https://www.tesco.com/shop/health-and-beauty/medicine/pain-relief-and-pain-killers/paracetamol" class="styles__StyledRestOfShelfLink-sc-1zolry-1 klfAZc rest-of-shelf"><a class="styled__Anchor-sc-16kp6v-0 cOTsfM styled__StyledLink-ey2bia-0 dHydHk beans-link__anchor"><span class="styled__Text-sc-16kp6v-1 iOdjfG beans-link__text">Rest of <span class="visually-hidden">Paracetamol</span> shelf</span><span class="styled__IconContainer-sc-16kp6v-2 WcbZx beans-link__icon-container"><svg aria-hidden="true" class="styled__SVG-xxa4wh-1 hQMCqc beans-link__icon beans-icon__svg" height="20" preserveAspectRatio="xMinYMax meet" viewBox="-1 0 12 20" width="12" xmlns="http://www.w3.org/2000/svg" color="currentColor"><path d="M1.312 1.348L10.276 10l-8.964 8.644" fill="none" stroke="currentColor"></path></svg></span></a></a></div></div><div class="hidden-medium product-info-section-small"><div class="product-info-message-list"><ul><li><div data-auto="info-message" class="product-info-message with-warning-background unavailable-messages"><p>This product's currently out of stock</p></div></li></ul></div></div></div></div></div></div></li><li class="product-list--list-item"><div class="styles__StyledVerticalTileWrapper-dvv1wj-0 dtCNPH"><div data-auto="product-tile" data-auto-type="Quantity" data-auto-available="true" data-auto-is-restricted-disabled="false" data-auto-is-substitute="false" class="styles__StyledVerticalTile-dvv1wj-1 gSCsYK"><div class="styles__StyledTileContentWrapper-dvv1wj-2 bkNhNP beans"><div id="tile-263589770" data-auto-id="263589770" class="styles__StyledTiledContent-dvv1wj-3 bcglTg"><a href="https://www.tesco.com/groceries/en-GB/products/263589770" aria-hidden="true" class="product-image-wrapper" tabindex="1"><div class="product-image__container"><picture><img class="styled__Image-sjvkdn-0 bJErKA product-image beans-responsive-image__image" src="data:image/gif;base64,R0lGODlhAQABAAAAACH5BAEKAAEALAAAAAABAAEAAAICTAEAOw==" srcset="https://digitalcontent.api.tesco.com/v2/media/ghs/23d111f5-04f9-45a4-8214-99bc5adeb846/4bcacf92-7552-467f-b5d3-5850c3b05798_945957788.jpeg?h=225&amp;w=225 768w, data:image/gif;base64,R0lGODlhAQABAAAAACH5BAEKAAEALAAAAAABAAEAAAICTAEAOw== 4000w" alt="Sure Men Quantum Dry Antiperspirant Deodorant 250Ml"></picture></div></a><div class="product-details--wrapper"><h3 class="styles__H3-oa5soe-0 bCKNNq"><a href="https://www.tesco.com/groceries/en-GB/products/263589770" class="styled__Anchor-sc-1xbujuz-0 csVOnh beans-link__anchor" data-auto="product-tile--title"><span class="styled__Text-sc-1xbujuz-1 ldbwMG beans-link__text">Sure Men Quantum Dry Antiperspirant Deodorant 250Ml</span></a></h3><div class="styles__StyledPromotionsAboveMobile-dvv1wj-7 iPTMuo"></div><div class="styles__StyledProductDetailsContent-dvv1wj-5 ddRSrq"><a href="https://www.tesco.com/groceries/en-GB/reviews/submission/263589770?from=%2Fshop%2Fhealth-and-beauty%2Fall" aria-label="Write a review for Sure Men Quantum Dry Antiperspirant Deodorant 250Ml" class="styled__Anchor-sc-1xbujuz-0 jSzuDt write-a-review-link beans-link__anchor" data-auto="review-link"><span class="styled__Text-sc-1xbujuz-1 fyDIEo beans-link__text">Write a review</span><span class="styled__IconContainer-sc-1xbujuz-2 bSauSL beans-link__icon-container"><svg aria-hidden="true" class="styled__SVG-xxa4wh-1 hQMCqc beans-link__icon beans-icon__svg" height="13.33" preserveAspectRatio="xMinYMax meet" viewBox="-1 0 12 20" width="8" xmlns="http://www.w3.org/2000/svg" color="currentColor"><path d="M1.312 1.348L10.276 10l-8.964 8.644" fill="none" stroke="currentColor"></path></svg></span></a><div><a href="https://www.tesco.com/groceries/en-GB/shop/health-and-beauty/deodorants/antiperspirant/mens-deodorant-antiperspirant" class="styled__Anchor-sc-1xbujuz-0 jSzuDt rest-of-shelf-link beans-link__anchor" data-auto="rest-of-shelf-link"><span class="styled__Text-sc-1xbujuz-1 fyDIEo beans-link__text">Rest of <span class="visually-hidden">Mens Deodorant - Antiperspirant</span> shelf</span><span class="styled__IconContainer-sc-1xbujuz-2 bSauSL beans-link__icon-container"><svg aria-hidden="true" class="styled__SVG-xxa4wh-1 hQMCqc beans-link__icon beans-icon__svg" height="13.33" preserveAspectRatio="xMinYMax meet" viewBox="-1 0 12 20" width="8" xmlns="http://www.w3.org/2000/svg" color="currentColor"><path d="M1.312 1.348L10.276 10l-8.964 8.644" fill="none" stroke="currentColor"></path></svg></span></a></div><div class="product-info-message-section"><div class="product-info-message-list"><div class="styled__WhiteBackground-sc-9yzfq2-1 jthPIJ"><svg width="56" height="56" viewBox="0 0 56 56" fill="none" xmlns="http://www.w3.org/2000/svg"><path d="M52.1301 27.8766C52.1301 14.5534 41.3293 3.75308 28.0066 3.75308C14.6834 3.75308 3.88306 14.5534 3.88306 27.8766C3.88306 41.1998 14.6834 52.0002 28.0066 52.0002C41.3293 52.0002 52.1301 41.1998 52.1301 27.8766Z" fill="#EE1C2E"></path><path d="M19.6853 36.5687L31.8169 48.6998L52.6633 27.8998L51.9894 23.0423L31.886 43.1452L22.5438 33.803L19.6853 36.5687Z" fill="white"></path><path d="M24.2699 12.0048L23.5594 9.93467L22.8484 12.0048H24.2699ZM24.6345 13.0711H22.4844L21.9776 14.5375H20.7515L22.9815 8.31722H24.1369L26.3669 14.5375H25.1408L24.6345 13.0711Z" fill="white"></path><path d="M27.8359 14.5375H26.734V8.24609H27.8359V14.5375Z" fill="white"></path><path d="M31.5684 13.2309C31.7849 12.9886 31.8927 12.6597 31.8927 12.2446C31.8927 11.8306 31.7849 11.5016 31.5684 11.2588C31.3524 11.0159 31.0811 10.8942 30.7558 10.8942C30.4299 10.8942 30.1587 11.0159 29.9427 11.2588C29.7267 11.5016 29.6184 11.8306 29.6184 12.2446C29.6184 12.6597 29.7267 12.9886 29.9427 13.2309C30.1587 13.4738 30.4299 13.5955 30.7558 13.5955C31.0811 13.5955 31.3524 13.4738 31.5684 13.2309ZM29.4673 14.3065C29.159 14.1049 28.9177 13.8234 28.7429 13.4619C28.5681 13.101 28.481 12.6952 28.481 12.2446C28.481 11.7888 28.5655 11.3815 28.7341 11.0231C28.9032 10.6648 29.1384 10.3848 29.4405 10.1837C29.7426 9.98212 30.0891 9.88158 30.48 9.88158C30.7883 9.88158 31.0579 9.93624 31.2889 10.0455C31.5199 10.1554 31.6978 10.3106 31.8221 10.5122V8.24609H32.9239V14.5375H31.8221V13.9863C31.6916 14.1704 31.5137 14.3194 31.2889 14.4349C31.0636 14.5504 30.797 14.6086 30.4892 14.6086C30.1159 14.6086 29.7751 14.5076 29.4673 14.3065Z" fill="white"></path><path d="M34.9657 14.5375H33.8638V9.95224H34.9657V14.5375ZM33.9082 8.34408C34.0443 8.20796 34.2129 8.1399 34.4145 8.1399C34.6161 8.1399 34.7847 8.20796 34.9208 8.34408C35.0574 8.48071 35.1255 8.64931 35.1255 8.8504C35.1255 9.052 35.0574 9.22112 34.9208 9.35724C34.7847 9.49336 34.6161 9.56142 34.4145 9.56142C34.2129 9.56142 34.0443 9.49336 33.9082 9.35724C33.7715 9.22112 33.704 9.052 33.704 8.8504C33.704 8.64931 33.7715 8.48071 33.9082 8.34408Z" fill="white"></path><path d="M19.6791 19.3347C19.8894 19.1506 19.9946 18.8779 19.9946 18.5169C19.9946 18.1565 19.8894 17.8838 19.6791 17.6997C19.4682 17.5156 19.183 17.4233 18.8221 17.4233H17.5027V19.6111H18.8221C19.183 19.6111 19.4682 19.5188 19.6791 19.3347ZM17.5027 23.9628H16.0374V16.0704H18.9345C19.461 16.0704 19.9157 16.1776 20.2988 16.3921C20.6824 16.6061 20.9753 16.8995 21.1784 17.2712C21.3816 17.6435 21.4826 18.0586 21.4826 18.5169C21.4826 18.9758 21.3816 19.3909 21.1784 19.7632C20.9753 20.1354 20.6824 20.4283 20.2988 20.6423C19.9157 20.8568 19.461 20.9635 18.9345 20.9635H17.5027V23.9628Z" fill="white"></path><path d="M22.0396 18.1451H23.4379V19.0248C23.6029 18.7087 23.8359 18.4684 24.1365 18.3029C24.4376 18.1374 24.7717 18.0549 25.1404 18.0549C25.5235 18.0549 25.8241 18.1415 26.0422 18.3143L25.5689 19.4981C25.3729 19.3929 25.1662 19.3403 24.9486 19.3403C24.5124 19.3403 24.152 19.528 23.8663 19.9039C23.5802 20.2797 23.4379 20.8582 23.4379 21.6404V23.9627H22.0396V18.1451Z" fill="white"></path><path d="M27.8879 23.9627H26.4896V18.1451H27.8879V23.9627ZM26.5458 16.1044C26.7191 15.9316 26.933 15.845 27.1888 15.845C27.444 15.845 27.658 15.9316 27.8312 16.1044C28.0039 16.2771 28.0906 16.4916 28.0906 16.7468C28.0906 17.0026 28.0039 17.217 27.8312 17.3898C27.658 17.5625 27.444 17.6491 27.1888 17.6491C26.933 17.6491 26.7191 17.5625 26.5458 17.3898C26.3731 17.217 26.287 17.0026 26.287 16.7468C26.287 16.4916 26.3731 16.2771 26.5458 16.1044Z" fill="white"></path><path d="M30.0603 23.6693C29.6168 23.4141 29.2714 23.0588 29.0234 22.6041C28.7754 22.1493 28.6511 21.6327 28.6511 21.0537C28.6511 20.4752 28.7754 19.9585 29.0234 19.5038C29.2714 19.049 29.6168 18.6937 30.0603 18.438C30.5037 18.1828 31.011 18.0549 31.5823 18.0549C32.8749 18.0549 33.751 18.585 34.2093 19.6445L32.9353 20.2199C32.6424 19.6332 32.1913 19.3403 31.5823 19.3403C31.1466 19.3403 30.7857 19.4981 30.5001 19.8136C30.2144 20.1297 30.0716 20.5427 30.0716 21.0537C30.0716 21.5651 30.2144 21.9787 30.5001 22.2942C30.7857 22.6097 31.1466 22.7675 31.5823 22.7675C32.1913 22.7675 32.6424 22.4747 32.9353 21.8884L34.2093 22.4633C33.751 23.5229 32.8749 24.0529 31.5823 24.0529C31.011 24.0529 30.5037 23.9251 30.0603 23.6693Z" fill="white"></path><path d="M38.727 20.3999C38.6744 20.0694 38.5223 19.7987 38.2707 19.5883C38.0186 19.3779 37.7015 19.2728 37.3179 19.2728C36.9946 19.2728 36.7048 19.3723 36.4496 19.5713C36.1939 19.7708 36.0175 20.0467 35.9196 20.3999H38.727ZM40.1588 21.5048H35.8633C35.9381 21.9333 36.115 22.2586 36.3934 22.4803C36.6713 22.702 37.0095 22.8129 37.4081 22.8129C37.7386 22.8129 38.015 22.7433 38.2367 22.6041C38.4584 22.4649 38.6708 22.253 38.874 21.9673L40.0573 22.6097C39.7716 23.0759 39.4092 23.4327 38.9693 23.6812C38.5295 23.9287 37.983 24.0529 37.3292 24.0529C36.7125 24.0529 36.1846 23.9086 35.7453 23.6188C35.3055 23.3295 34.9765 22.9557 34.7584 22.4968C34.5403 22.0385 34.4315 21.5574 34.4315 21.0537C34.4315 20.5504 34.546 20.0694 34.7754 19.611C35.0044 19.1526 35.3374 18.7783 35.7731 18.4891C36.2088 18.1998 36.7239 18.0549 37.3179 18.0549C37.9191 18.0549 38.4341 18.19 38.8626 18.4607C39.2911 18.7314 39.6139 19.0866 39.832 19.5264C40.0501 19.9657 40.1588 20.4339 40.1588 20.9299V21.5048Z" fill="white"></path><path d="M16.3879 25.558H17.7399L19.2454 29.4977L20.751 25.558H22.1029V31.8684H20.9309V28.0282L19.6873 31.2915H18.8035L17.5599 28.0282V31.8684H16.3879V25.558Z" fill="white"></path><path d="M25.4058 30.7146C25.6131 30.5341 25.7167 30.3119 25.7167 30.0474V29.9216H24.8335C24.5746 29.9216 24.3689 29.971 24.2158 30.07C24.0626 30.169 23.9858 30.3057 23.9858 30.48C23.9858 30.6424 24.0415 30.7671 24.1529 30.8543C24.2637 30.9414 24.4277 30.9847 24.6437 30.9847C24.9443 30.9847 25.1985 30.8945 25.4058 30.7146ZM23.6074 31.7782C23.3671 31.67 23.1748 31.5122 23.0304 31.3049C22.886 31.0976 22.8138 30.8496 22.8138 30.5609C22.8138 30.1046 22.9855 29.7364 23.3279 29.457C23.6703 29.1775 24.1333 29.0378 24.7159 29.0378H25.7167V28.8754C25.7167 28.6413 25.6357 28.4531 25.4733 28.3118C25.3109 28.1711 25.0918 28.1004 24.8154 28.1004C24.5927 28.1004 24.3916 28.1592 24.2111 28.2763C24.0312 28.3933 23.8956 28.5299 23.8059 28.6862L22.9494 28.1726C23.1113 27.8782 23.3516 27.6333 23.6703 27.4379C23.9889 27.2425 24.3705 27.145 24.8154 27.145C25.4522 27.145 25.9482 27.2982 26.3024 27.6044C26.6572 27.9112 26.8345 28.3526 26.8345 28.9295V31.8685H25.9152L25.7621 31.2735C25.6115 31.4776 25.4207 31.6401 25.1892 31.7602C24.9582 31.8803 24.686 31.9401 24.3735 31.9401C24.1029 31.9401 23.8476 31.8865 23.6074 31.7782Z" fill="white"></path><path d="M27.8214 30.3V28.1726H27.1182V27.2167H27.8214V26.4417L28.9393 25.7384V27.2167H30.1381V28.1726H28.9393V30.2458C28.9393 30.6903 29.1166 30.9125 29.4709 30.9125C29.6333 30.9125 29.7895 30.8496 29.9395 30.7233L30.4443 31.5797C30.2881 31.706 30.1169 31.7978 29.9308 31.855C29.7446 31.9117 29.5549 31.9401 29.3626 31.9401C28.3355 31.9401 27.8214 31.3936 27.8214 30.3Z" fill="white"></path><path d="M31.5487 31.6339C31.194 31.4297 30.9176 31.1456 30.7196 30.7821C30.5211 30.4186 30.4221 30.0056 30.4221 29.5426C30.4221 29.0801 30.5211 28.6666 30.7196 28.3031C30.9176 27.9396 31.194 27.6555 31.5487 27.4513C31.9034 27.2471 32.3087 27.145 32.7655 27.145C33.7993 27.145 34.4995 27.5683 34.8661 28.416L33.8473 28.8754C33.6132 28.4067 33.2528 28.1726 32.7655 28.1726C32.417 28.1726 32.1288 28.2989 31.9004 28.5511C31.6719 28.8037 31.558 29.1342 31.558 29.5426C31.558 29.9509 31.6719 30.282 31.9004 30.5341C32.1288 30.7867 32.417 30.9125 32.7655 30.9125C33.2528 30.9125 33.6132 30.6785 33.8473 30.2098L34.8661 30.6697C34.4995 31.5168 33.7993 31.9401 32.7655 31.9401C32.3087 31.9401 31.9034 31.8386 31.5487 31.6339Z" fill="white"></path><path d="M35.3998 25.4863H36.5176V27.9473C36.662 27.707 36.8615 27.5132 37.1167 27.3657C37.3725 27.2188 37.6592 27.145 37.9778 27.145C38.4702 27.145 38.8579 27.2909 39.1405 27.5823C39.423 27.8736 39.5643 28.2804 39.5643 28.8037V31.8685H38.4465V29.0285C38.4465 28.7522 38.3758 28.5408 38.2346 28.3933C38.0933 28.2458 37.8907 28.1726 37.6262 28.1726C37.3199 28.1726 37.0585 28.3093 36.8419 28.5825C36.6254 28.8558 36.5176 29.275 36.5176 29.8401V31.8685H35.3998V25.4863Z" fill="white"></path></svg><p class="styled__StyledBodyText-sc-119w3hf-5 ggtTyf styled__DarkGreyBodyText-jk5kya-0 iwRWTH">Aldi Price Match</p></div></div></div></div><div class="styles__StyledBuyBoxWrapper-dvv1wj-4 dSvjUC"><div class="styles__StyledBuyBoxContainer-sc-1wx0qp6-0 erryje" data-auto="buybox-container"><div class="styles__SafeFormWrapper-jtpu2t-0 lcrYKS"><form action="https://www.tesco.com/groceries/en-GB/trolley/items/263589770?_method=PUT" method="POST"><input type="submit" class="hidden"><input name="id" type="hidden" value="263589770"><input name="identifier" type="hidden" value="Page"><input name="anchorId" type="hidden" value="#tile-263589770"><input name="returnUrl" type="hidden" value="/groceries/en-GB/shop/health-and-beauty/all?redirectIfUnavailable=true#tile-263589770"><input name="backToUrl" type="hidden" value="#"><input name="oldValue" type="hidden" value="0"><input name="oldUnitChoice" type="hidden" value="pcs"><input name="newUnitChoice" type="hidden" value="pcs"><div class="base-components__RootElement-sc-1mosoyj-1 styled__Container-sc-6nhkzi-0 jptQqM hSNpTb beans-buybox__container"><div class="base-components__BaseElement-sc-1mosoyj-0 styled__PriceAndActions-sc-6nhkzi-3 oznwo eEPLov beans-buybox__price-and-actions"><div class="base-components__RootElement-sc-1mosoyj-1 styled__Container-sc-8qlq5b-0 jptQqM bgZrjw styled__StyledPrice-sc-6nhkzi-5 iYHeik beans-buybox__price beans-price__container"><p class="styled__StyledHeading-sc-119w3hf-2 jWPEtj styled__Text-sc-8qlq5b-1 lnaeiZ beans-price__text">£1.75</p><p class="styled__StyledFootnote-sc-119w3hf-7 icrlVF styled__Subtext-sc-8qlq5b-2 bNJmdc beans-price__subtext">£0.70/100ml</p></div><div class="base-components__RootElement-sc-1mosoyj-1 styled__Container-vtxwzb-0 jptQqM bDFhXJ beans-buybox__actions beans-quantity-controls__container"><div class="base-components__RootElement-sc-1mosoyj-1 styled__Container-sc-16t2b2a-0 jptQqM PUfgZ styled__StyledFormGroup-vtxwzb-1 kzKuAr beans-quantity-controls__form-group beans-form-group__container"><label class="styled__StyledLabel-sc-1ttuvhr-0 izGEjV beans-form-group__label beans-label" for="quantity-controls-263589770">Quantity controls </label><div class="base-components__BaseElement-sc-1mosoyj-0 styled__Children-sc-16t2b2a-3 oznwo gdJvjO beans-form-group__children"><div class="styled__StyledQuantityControlWrapper-vtxwzb-6 LCxOg"><label id="quantity-controls-263589770-label" class="styled__VisuallyHiddenLabel-vtxwzb-7 gXlLiM">Quantity of Sure Men Quantum Dry Antiperspirant Deodorant 250Ml</label><div class="component__Wrapper-sc-1kpmik-3 dReplG input-wrapper"><input class="base-components__RootElement-sc-1mosoyj-1 styled__StyledInput-sc-1jd5f57-0 component__StyledAsInput-sc-1kpmik-4 jptQqM eJLlow styled__StyledInput-vtxwzb-3 lwMHo beans-quantity-controls__input beans-input" data-auto="beans-quantity-controls-input" autocomplete="off" id="quantity-controls-263589770" maxlength="2" name="newValue" type="number" aria-labelledby="quantity-controls-263589770-label" value="1"></div></div><button class="styled__BaseButton-rsekm1-0 styled__PrimaryButton-rsekm1-2 jChbeY geeWOF styled__StyledButton-vtxwzb-5 japAxb beans-quantity-controls__add-button beans-button__container" type="submit" data-auto="beans-quantity-controls-add-button" aria-label="Quantity of Sure Men Quantum Dry Antiperspirant Deodorant 250Ml"><span class="base-components__BaseElement-sc-1mosoyj-0 styled__InnerContainer-rsekm1-1 oznwo fuFres beans-button__inner-container"><span class="base-components__BaseElement-sc-1mosoyj-0 styled__TextSpan-rsekm1-4 oznwo GDiMp beans-button__text">Add</span></span></button></div></div></div></div></div><input name="_csrf" type="hidden" value="0WbpBJF9-cS-fAMl-ByHnl5hECj1JaZiBQ20"></form></div></div></div></div><div class="hidden-medium product-info-section-small"><div class="product-info-message-list"><div class="styled__WhiteBackground-sc-9yzfq2-1 jthPIJ"><svg width="56" height="56" viewBox="0 0 56 56" fill="none" xmlns="http://www.w3.org/2000/svg"><path d="M52.1301 27.8766C52.1301 14.5534 41.3293 3.75308 28.0066 3.75308C14.6834 3.75308 3.88306 14.5534 3.88306 27.8766C3.88306 41.1998 14.6834 52.0002 28.0066 52.0002C41.3293 52.0002 52.1301 41.1998 52.1301 27.8766Z" fill="#EE1C2E"></path><path d="M19.6853 36.5687L31.8169 48.6998L52.6633 27.8998L51.9894 23.0423L31.886 43.1452L22.5438 33.803L19.6853 36.5687Z" fill="white"></path><path d="M24.2699 12.0048L23.5594 9.93467L22.8484 12.0048H24.2699ZM24.6345 13.0711H22.4844L21.9776 14.5375H20.7515L22.9815 8.31722H24.1369L26.3669 14.5375H25.1408L24.6345 13.0711Z" fill="white"></path><path d="M27.8359 14.5375H26.734V8.24609H27.8359V14.5375Z" fill="white"></path><path d="M31.5684 13.2309C31.7849 12.9886 31.8927 12.6597 31.8927 12.2446C31.8927 11.8306 31.7849 11.5016 31.5684 11.2588C31.3524 11.0159 31.0811 10.8942 30.7558 10.8942C30.4299 10.8942 30.1587 11.0159 29.9427 11.2588C29.7267 11.5016 29.6184 11.8306 29.6184 12.2446C29.6184 12.6597 29.7267 12.9886 29.9427 13.2309C30.1587 13.4738 30.4299 13.5955 30.7558 13.5955C31.0811 13.5955 31.3524 13.4738 31.5684 13.2309ZM29.4673 14.3065C29.159 14.1049 28.9177 13.8234 28.7429 13.4619C28.5681 13.101 28.481 12.6952 28.481 12.2446C28.481 11.7888 28.5655 11.3815 28.7341 11.0231C28.9032 10.6648 29.1384 10.3848 29.4405 10.1837C29.7426 9.98212 30.0891 9.88158 30.48 9.88158C30.7883 9.88158 31.0579 9.93624 31.2889 10.0455C31.5199 10.1554 31.6978 10.3106 31.8221 10.5122V8.24609H32.9239V14.5375H31.8221V13.9863C31.6916 14.1704 31.5137 14.3194 31.2889 14.4349C31.0636 14.5504 30.797 14.6086 30.4892 14.6086C30.1159 14.6086 29.7751 14.5076 29.4673 14.3065Z" fill="white"></path><path d="M34.9657 14.5375H33.8638V9.95224H34.9657V14.5375ZM33.9082 8.34408C34.0443 8.20796 34.2129 8.1399 34.4145 8.1399C34.6161 8.1399 34.7847 8.20796 34.9208 8.34408C35.0574 8.48071 35.1255 8.64931 35.1255 8.8504C35.1255 9.052 35.0574 9.22112 34.9208 9.35724C34.7847 9.49336 34.6161 9.56142 34.4145 9.56142C34.2129 9.56142 34.0443 9.49336 33.9082 9.35724C33.7715 9.22112 33.704 9.052 33.704 8.8504C33.704 8.64931 33.7715 8.48071 33.9082 8.34408Z" fill="white"></path><path d="M19.6791 19.3347C19.8894 19.1506 19.9946 18.8779 19.9946 18.5169C19.9946 18.1565 19.8894 17.8838 19.6791 17.6997C19.4682 17.5156 19.183 17.4233 18.8221 17.4233H17.5027V19.6111H18.8221C19.183 19.6111 19.4682 19.5188 19.6791 19.3347ZM17.5027 23.9628H16.0374V16.0704H18.9345C19.461 16.0704 19.9157 16.1776 20.2988 16.3921C20.6824 16.6061 20.9753 16.8995 21.1784 17.2712C21.3816 17.6435 21.4826 18.0586 21.4826 18.5169C21.4826 18.9758 21.3816 19.3909 21.1784 19.7632C20.9753 20.1354 20.6824 20.4283 20.2988 20.6423C19.9157 20.8568 19.461 20.9635 18.9345 20.9635H17.5027V23.9628Z" fill="white"></path><path d="M22.0396 18.1451H23.4379V19.0248C23.6029 18.7087 23.8359 18.4684 24.1365 18.3029C24.4376 18.1374 24.7717 18.0549 25.1404 18.0549C25.5235 18.0549 25.8241 18.1415 26.0422 18.3143L25.5689 19.4981C25.3729 19.3929 25.1662 19.3403 24.9486 19.3403C24.5124 19.3403 24.152 19.528 23.8663 19.9039C23.5802 20.2797 23.4379 20.8582 23.4379 21.6404V23.9627H22.0396V18.1451Z" fill="white"></path><path d="M27.8879 23.9627H26.4896V18.1451H27.8879V23.9627ZM26.5458 16.1044C26.7191 15.9316 26.933 15.845 27.1888 15.845C27.444 15.845 27.658 15.9316 27.8312 16.1044C28.0039 16.2771 28.0906 16.4916 28.0906 16.7468C28.0906 17.0026 28.0039 17.217 27.8312 17.3898C27.658 17.5625 27.444 17.6491 27.1888 17.6491C26.933 17.6491 26.7191 17.5625 26.5458 17.3898C26.3731 17.217 26.287 17.0026 26.287 16.7468C26.287 16.4916 26.3731 16.2771 26.5458 16.1044Z" fill="white"></path><path d="M30.0603 23.6693C29.6168 23.4141 29.2714 23.0588 29.0234 22.6041C28.7754 22.1493 28.6511 21.6327 28.6511 21.0537C28.6511 20.4752 28.7754 19.9585 29.0234 19.5038C29.2714 19.049 29.6168 18.6937 30.0603 18.438C30.5037 18.1828 31.011 18.0549 31.5823 18.0549C32.8749 18.0549 33.751 18.585 34.2093 19.6445L32.9353 20.2199C32.6424 19.6332 32.1913 19.3403 31.5823 19.3403C31.1466 19.3403 30.7857 19.4981 30.5001 19.8136C30.2144 20.1297 30.0716 20.5427 30.0716 21.0537C30.0716 21.5651 30.2144 21.9787 30.5001 22.2942C30.7857 22.6097 31.1466 22.7675 31.5823 22.7675C32.1913 22.7675 32.6424 22.4747 32.9353 21.8884L34.2093 22.4633C33.751 23.5229 32.8749 24.0529 31.5823 24.0529C31.011 24.0529 30.5037 23.9251 30.0603 23.6693Z" fill="white"></path><path d="M38.727 20.3999C38.6744 20.0694 38.5223 19.7987 38.2707 19.5883C38.0186 19.3779 37.7015 19.2728 37.3179 19.2728C36.9946 19.2728 36.7048 19.3723 36.4496 19.5713C36.1939 19.7708 36.0175 20.0467 35.9196 20.3999H38.727ZM40.1588 21.5048H35.8633C35.9381 21.9333 36.115 22.2586 36.3934 22.4803C36.6713 22.702 37.0095 22.8129 37.4081 22.8129C37.7386 22.8129 38.015 22.7433 38.2367 22.6041C38.4584 22.4649 38.6708 22.253 38.874 21.9673L40.0573 22.6097C39.7716 23.0759 39.4092 23.4327 38.9693 23.6812C38.5295 23.9287 37.983 24.0529 37.3292 24.0529C36.7125 24.0529 36.1846 23.9086 35.7453 23.6188C35.3055 23.3295 34.9765 22.9557 34.7584 22.4968C34.5403 22.0385 34.4315 21.5574 34.4315 21.0537C34.4315 20.5504 34.546 20.0694 34.7754 19.611C35.0044 19.1526 35.3374 18.7783 35.7731 18.4891C36.2088 18.1998 36.7239 18.0549 37.3179 18.0549C37.9191 18.0549 38.4341 18.19 38.8626 18.4607C39.2911 18.7314 39.6139 19.0866 39.832 19.5264C40.0501 19.9657 40.1588 20.4339 40.1588 20.9299V21.5048Z" fill="white"></path><path d="M16.3879 25.558H17.7399L19.2454 29.4977L20.751 25.558H22.1029V31.8684H20.9309V28.0282L19.6873 31.2915H18.8035L17.5599 28.0282V31.8684H16.3879V25.558Z" fill="white"></path><path d="M25.4058 30.7146C25.6131 30.5341 25.7167 30.3119 25.7167 30.0474V29.9216H24.8335C24.5746 29.9216 24.3689 29.971 24.2158 30.07C24.0626 30.169 23.9858 30.3057 23.9858 30.48C23.9858 30.6424 24.0415 30.7671 24.1529 30.8543C24.2637 30.9414 24.4277 30.9847 24.6437 30.9847C24.9443 30.9847 25.1985 30.8945 25.4058 30.7146ZM23.6074 31.7782C23.3671 31.67 23.1748 31.5122 23.0304 31.3049C22.886 31.0976 22.8138 30.8496 22.8138 30.5609C22.8138 30.1046 22.9855 29.7364 23.3279 29.457C23.6703 29.1775 24.1333 29.0378 24.7159 29.0378H25.7167V28.8754C25.7167 28.6413 25.6357 28.4531 25.4733 28.3118C25.3109 28.1711 25.0918 28.1004 24.8154 28.1004C24.5927 28.1004 24.3916 28.1592 24.2111 28.2763C24.0312 28.3933 23.8956 28.5299 23.8059 28.6862L22.9494 28.1726C23.1113 27.8782 23.3516 27.6333 23.6703 27.4379C23.9889 27.2425 24.3705 27.145 24.8154 27.145C25.4522 27.145 25.9482 27.2982 26.3024 27.6044C26.6572 27.9112 26.8345 28.3526 26.8345 28.9295V31.8685H25.9152L25.7621 31.2735C25.6115 31.4776 25.4207 31.6401 25.1892 31.7602C24.9582 31.8803 24.686 31.9401 24.3735 31.9401C24.1029 31.9401 23.8476 31.8865 23.6074 31.7782Z" fill="white"></path><path d="M27.8214 30.3V28.1726H27.1182V27.2167H27.8214V26.4417L28.9393 25.7384V27.2167H30.1381V28.1726H28.9393V30.2458C28.9393 30.6903 29.1166 30.9125 29.4709 30.9125C29.6333 30.9125 29.7895 30.8496 29.9395 30.7233L30.4443 31.5797C30.2881 31.706 30.1169 31.7978 29.9308 31.855C29.7446 31.9117 29.5549 31.9401 29.3626 31.9401C28.3355 31.9401 27.8214 31.3936 27.8214 30.3Z" fill="white"></path><path d="M31.5487 31.6339C31.194 31.4297 30.9176 31.1456 30.7196 30.7821C30.5211 30.4186 30.4221 30.0056 30.4221 29.5426C30.4221 29.0801 30.5211 28.6666 30.7196 28.3031C30.9176 27.9396 31.194 27.6555 31.5487 27.4513C31.9034 27.2471 32.3087 27.145 32.7655 27.145C33.7993 27.145 34.4995 27.5683 34.8661 28.416L33.8473 28.8754C33.6132 28.4067 33.2528 28.1726 32.7655 28.1726C32.417 28.1726 32.1288 28.2989 31.9004 28.5511C31.6719 28.8037 31.558 29.1342 31.558 29.5426C31.558 29.9509 31.6719 30.282 31.9004 30.5341C32.1288 30.7867 32.417 30.9125 32.7655 30.9125C33.2528 30.9125 33.6132 30.6785 33.8473 30.2098L34.8661 30.6697C34.4995 31.5168 33.7993 31.9401 32.7655 31.9401C32.3087 31.9401 31.9034 31.8386 31.5487 31.6339Z" fill="white"></path><path d="M35.3998 25.4863H36.5176V27.9473C36.662 27.707 36.8615 27.5132 37.1167 27.3657C37.3725 27.2188 37.6592 27.145 37.9778 27.145C38.4702 27.145 38.8579 27.2909 39.1405 27.5823C39.423 27.8736 39.5643 28.2804 39.5643 28.8037V31.8685H38.4465V29.0285C38.4465 28.7522 38.3758 28.5408 38.2346 28.3933C38.0933 28.2458 37.8907 28.1726 37.6262 28.1726C37.3199 28.1726 37.0585 28.3093 36.8419 28.5825C36.6254 28.8558 36.5176 29.275 36.5176 29.8401V31.8685H35.3998V25.4863Z" fill="white"></path></svg><p class="styled__StyledBodyText-sc-119w3hf-5 ggtTyf styled__DarkGreyBodyText-jk5kya-0 iwRWTH">Aldi Price Match</p></div></div></div></div></div></div></div></li><li class="product-list--list-item"><div class="styles__StyledVerticalTileWrapper-dvv1wj-0 dtCNPH"><div data-auto="product-tile" data-auto-type="Quantity" data-auto-available="true" data-auto-is-restricted-disabled="false" data-auto-is-substitute="false" class="styles__StyledVerticalTile-dvv1wj-1 gSCsYK"><div class="styles__StyledTileContentWrapper-dvv1wj-2 bkNhNP beans"><div id="tile-263745643" data-auto-id="263745643" class="styles__StyledTiledContent-dvv1wj-3 bcglTg"><a href="https://www.tesco.com/groceries/en-GB/products/263745643" aria-hidden="true" class="product-image-wrapper" tabindex="1"><div class="product-image__container"><picture><img class="styled__Image-sjvkdn-0 bJErKA product-image beans-responsive-image__image" src="data:image/gif;base64,R0lGODlhAQABAAAAACH5BAEKAAEALAAAAAABAAEAAAICTAEAOw==" srcset="https://digitalcontent.api.tesco.com/v2/media/ghs/0baa6cb7-c5d4-431d-a0fb-05c6f9241e96/3c09d3d1-4e1e-489d-9d34-eccb6b32da31_409838401.jpeg?h=225&amp;w=225 768w, data:image/gif;base64,R0lGODlhAQABAAAAACH5BAEKAAEALAAAAAABAAEAAAICTAEAOw== 4000w" alt="Sure Men Active Dry Antiperspirant Deodorant 250Ml"></picture></div></a><div class="product-details--wrapper"><h3 class="styles__H3-oa5soe-0 bCKNNq"><a href="https://www.tesco.com/groceries/en-GB/products/263745643" class="styled__Anchor-sc-1xbujuz-0 csVOnh beans-link__anchor" data-auto="product-tile--title"><span class="styled__Text-sc-1xbujuz-1 ldbwMG beans-link__text">Sure Men Active Dry Antiperspirant Deodorant 250Ml</span></a></h3><div class="styles__StyledPromotionsAboveMobile-dvv1wj-7 iPTMuo"></div><div class="styles__StyledProductDetailsContent-dvv1wj-5 ddRSrq"><a href="https://www.tesco.com/groceries/en-GB/reviews/submission/263745643?from=%2Fshop%2Fhealth-and-beauty%2Fall" aria-label="Write a review for Sure Men Active Dry Antiperspirant Deodorant 250Ml" class="styled__Anchor-sc-1xbujuz-0 jSzuDt write-a-review-link beans-link__anchor" data-auto="review-link"><span class="styled__Text-sc-1xbujuz-1 fyDIEo beans-link__text">Write a review</span><span class="styled__IconContainer-sc-1xbujuz-2 bSauSL beans-link__icon-container"><svg aria-hidden="true" class="styled__SVG-xxa4wh-1 hQMCqc beans-link__icon beans-icon__svg" height="13.33" preserveAspectRatio="xMinYMax meet" viewBox="-1 0 12 20" width="8" xmlns="http://www.w3.org/2000/svg" color="currentColor"><path d="M1.312 1.348L10.276 10l-8.964 8.644" fill="none" stroke="currentColor"></path></svg></span></a><div><a href="https://www.tesco.com/groceries/en-GB/shop/health-and-beauty/deodorants/antiperspirant/mens-deodorant-antiperspirant" class="styled__Anchor-sc-1xbujuz-0 jSzuDt rest-of-shelf-link beans-link__anchor" data-auto="rest-of-shelf-link"><span class="styled__Text-sc-1xbujuz-1 fyDIEo beans-link__text">Rest of <span class="visually-hidden">Mens Deodorant - Antiperspirant</span> shelf</span><span class="styled__IconContainer-sc-1xbujuz-2 bSauSL beans-link__icon-container"><svg aria-hidden="true" class="styled__SVG-xxa4wh-1 hQMCqc beans-link__icon beans-icon__svg" height="13.33" preserveAspectRatio="xMinYMax meet" viewBox="-1 0 12 20" width="8" xmlns="http://www.w3.org/2000/svg" color="currentColor"><path d="M1.312 1.348L10.276 10l-8.964 8.644" fill="none" stroke="currentColor"></path></svg></span></a></div><div class="product-info-message-section"><div class="product-info-message-list"><div class="styled__WhiteBackground-sc-9yzfq2-1 jthPIJ"><svg width="56" height="56" viewBox="0 0 56 56" fill="none" xmlns="http://www.w3.org/2000/svg"><path d="M52.1301 27.8766C52.1301 14.5534 41.3293 3.75308 28.0066 3.75308C14.6834 3.75308 3.88306 14.5534 3.88306 27.8766C3.88306 41.1998 14.6834 52.0002 28.0066 52.0002C41.3293 52.0002 52.1301 41.1998 52.1301 27.8766Z" fill="#EE1C2E"></path><path d="M19.6853 36.5687L31.8169 48.6998L52.6633 27.8998L51.9894 23.0423L31.886 43.1452L22.5438 33.803L19.6853 36.5687Z" fill="white"></path><path d="M24.2699 12.0048L23.5594 9.93467L22.8484 12.0048H24.2699ZM24.6345 13.0711H22.4844L21.9776 14.5375H20.7515L22.9815 8.31722H24.1369L26.3669 14.5375H25.1408L24.6345 13.0711Z" fill="white"></path><path d="M27.8359 14.5375H26.734V8.24609H27.8359V14.5375Z" fill="white"></path><path d="M31.5684 13.2309C31.7849 12.9886 31.8927 12.6597 31.8927 12.2446C31.8927 11.8306 31.7849 11.5016 31.5684 11.2588C31.3524 11.0159 31.0811 10.8942 30.7558 10.8942C30.4299 10.8942 30.1587 11.0159 29.9427 11.2588C29.7267 11.5016 29.6184 11.8306 29.6184 12.2446C29.6184 12.6597 29.7267 12.9886 29.9427 13.2309C30.1587 13.4738 30.4299 13.5955 30.7558 13.5955C31.0811 13.5955 31.3524 13.4738 31.5684 13.2309ZM29.4673 14.3065C29.159 14.1049 28.9177 13.8234 28.7429 13.4619C28.5681 13.101 28.481 12.6952 28.481 12.2446C28.481 11.7888 28.5655 11.3815 28.7341 11.0231C28.9032 10.6648 29.1384 10.3848 29.4405 10.1837C29.7426 9.98212 30.0891 9.88158 30.48 9.88158C30.7883 9.88158 31.0579 9.93624 31.2889 10.0455C31.5199 10.1554 31.6978 10.3106 31.8221 10.5122V8.24609H32.9239V14.5375H31.8221V13.9863C31.6916 14.1704 31.5137 14.3194 31.2889 14.4349C31.0636 14.5504 30.797 14.6086 30.4892 14.6086C30.1159 14.6086 29.7751 14.5076 29.4673 14.3065Z" fill="white"></path><path d="M34.9657 14.5375H33.8638V9.95224H34.9657V14.5375ZM33.9082 8.34408C34.0443 8.20796 34.2129 8.1399 34.4145 8.1399C34.6161 8.1399 34.7847 8.20796 34.9208 8.34408C35.0574 8.48071 35.1255 8.64931 35.1255 8.8504C35.1255 9.052 35.0574 9.22112 34.9208 9.35724C34.7847 9.49336 34.6161 9.56142 34.4145 9.56142C34.2129 9.56142 34.0443 9.49336 33.9082 9.35724C33.7715 9.22112 33.704 9.052 33.704 8.8504C33.704 8.64931 33.7715 8.48071 33.9082 8.34408Z" fill="white"></path><path d="M19.6791 19.3347C19.8894 19.1506 19.9946 18.8779 19.9946 18.5169C19.9946 18.1565 19.8894 17.8838 19.6791 17.6997C19.4682 17.5156 19.183 17.4233 18.8221 17.4233H17.5027V19.6111H18.8221C19.183 19.6111 19.4682 19.5188 19.6791 19.3347ZM17.5027 23.9628H16.0374V16.0704H18.9345C19.461 16.0704 19.9157 16.1776 20.2988 16.3921C20.6824 16.6061 20.9753 16.8995 21.1784 17.2712C21.3816 17.6435 21.4826 18.0586 21.4826 18.5169C21.4826 18.9758 21.3816 19.3909 21.1784 19.7632C20.9753 20.1354 20.6824 20.4283 20.2988 20.6423C19.9157 20.8568 19.461 20.9635 18.9345 20.9635H17.5027V23.9628Z" fill="white"></path><path d="M22.0396 18.1451H23.4379V19.0248C23.6029 18.7087 23.8359 18.4684 24.1365 18.3029C24.4376 18.1374 24.7717 18.0549 25.1404 18.0549C25.5235 18.0549 25.8241 18.1415 26.0422 18.3143L25.5689 19.4981C25.3729 19.3929 25.1662 19.3403 24.9486 19.3403C24.5124 19.3403 24.152 19.528 23.8663 19.9039C23.5802 20.2797 23.4379 20.8582 23.4379 21.6404V23.9627H22.0396V18.1451Z" fill="white"></path><path d="M27.8879 23.9627H26.4896V18.1451H27.8879V23.9627ZM26.5458 16.1044C26.7191 15.9316 26.933 15.845 27.1888 15.845C27.444 15.845 27.658 15.9316 27.8312 16.1044C28.0039 16.2771 28.0906 16.4916 28.0906 16.7468C28.0906 17.0026 28.0039 17.217 27.8312 17.3898C27.658 17.5625 27.444 17.6491 27.1888 17.6491C26.933 17.6491 26.7191 17.5625 26.5458 17.3898C26.3731 17.217 26.287 17.0026 26.287 16.7468C26.287 16.4916 26.3731 16.2771 26.5458 16.1044Z" fill="white"></path><path d="M30.0603 23.6693C29.6168 23.4141 29.2714 23.0588 29.0234 22.6041C28.7754 22.1493 28.6511 21.6327 28.6511 21.0537C28.6511 20.4752 28.7754 19.9585 29.0234 19.5038C29.2714 19.049 29.6168 18.6937 30.0603 18.438C30.5037 18.1828 31.011 18.0549 31.5823 18.0549C32.8749 18.0549 33.751 18.585 34.2093 19.6445L32.9353 20.2199C32.6424 19.6332 32.1913 19.3403 31.5823 19.3403C31.1466 19.3403 30.7857 19.4981 30.5001 19.8136C30.2144 20.1297 30.0716 20.5427 30.0716 21.0537C30.0716 21.5651 30.2144 21.9787 30.5001 22.2942C30.7857 22.6097 31.1466 22.7675 31.5823 22.7675C32.1913 22.7675 32.6424 22.4747 32.9353 21.8884L34.2093 22.4633C33.751 23.5229 32.8749 24.0529 31.5823 24.0529C31.011 24.0529 30.5037 23.9251 30.0603 23.6693Z" fill="white"></path><path d="M38.727 20.3999C38.6744 20.0694 38.5223 19.7987 38.2707 19.5883C38.0186 19.3779 37.7015 19.2728 37.3179 19.2728C36.9946 19.2728 36.7048 19.3723 36.4496 19.5713C36.1939 19.7708 36.0175 20.0467 35.9196 20.3999H38.727ZM40.1588 21.5048H35.8633C35.9381 21.9333 36.115 22.2586 36.3934 22.4803C36.6713 22.702 37.0095 22.8129 37.4081 22.8129C37.7386 22.8129 38.015 22.7433 38.2367 22.6041C38.4584 22.4649 38.6708 22.253 38.874 21.9673L40.0573 22.6097C39.7716 23.0759 39.4092 23.4327 38.9693 23.6812C38.5295 23.9287 37.983 24.0529 37.3292 24.0529C36.7125 24.0529 36.1846 23.9086 35.7453 23.6188C35.3055 23.3295 34.9765 22.9557 34.7584 22.4968C34.5403 22.0385 34.4315 21.5574 34.4315 21.0537C34.4315 20.5504 34.546 20.0694 34.7754 19.611C35.0044 19.1526 35.3374 18.7783 35.7731 18.4891C36.2088 18.1998 36.7239 18.0549 37.3179 18.0549C37.9191 18.0549 38.4341 18.19 38.8626 18.4607C39.2911 18.7314 39.6139 19.0866 39.832 19.5264C40.0501 19.9657 40.1588 20.4339 40.1588 20.9299V21.5048Z" fill="white"></path><path d="M16.3879 25.558H17.7399L19.2454 29.4977L20.751 25.558H22.1029V31.8684H20.9309V28.0282L19.6873 31.2915H18.8035L17.5599 28.0282V31.8684H16.3879V25.558Z" fill="white"></path><path d="M25.4058 30.7146C25.6131 30.5341 25.7167 30.3119 25.7167 30.0474V29.9216H24.8335C24.5746 29.9216 24.3689 29.971 24.2158 30.07C24.0626 30.169 23.9858 30.3057 23.9858 30.48C23.9858 30.6424 24.0415 30.7671 24.1529 30.8543C24.2637 30.9414 24.4277 30.9847 24.6437 30.9847C24.9443 30.9847 25.1985 30.8945 25.4058 30.7146ZM23.6074 31.7782C23.3671 31.67 23.1748 31.5122 23.0304 31.3049C22.886 31.0976 22.8138 30.8496 22.8138 30.5609C22.8138 30.1046 22.9855 29.7364 23.3279 29.457C23.6703 29.1775 24.1333 29.0378 24.7159 29.0378H25.7167V28.8754C25.7167 28.6413 25.6357 28.4531 25.4733 28.3118C25.3109 28.1711 25.0918 28.1004 24.8154 28.1004C24.5927 28.1004 24.3916 28.1592 24.2111 28.2763C24.0312 28.3933 23.8956 28.5299 23.8059 28.6862L22.9494 28.1726C23.1113 27.8782 23.3516 27.6333 23.6703 27.4379C23.9889 27.2425 24.3705 27.145 24.8154 27.145C25.4522 27.145 25.9482 27.2982 26.3024 27.6044C26.6572 27.9112 26.8345 28.3526 26.8345 28.9295V31.8685H25.9152L25.7621 31.2735C25.6115 31.4776 25.4207 31.6401 25.1892 31.7602C24.9582 31.8803 24.686 31.9401 24.3735 31.9401C24.1029 31.9401 23.8476 31.8865 23.6074 31.7782Z" fill="white"></path><path d="M27.8214 30.3V28.1726H27.1182V27.2167H27.8214V26.4417L28.9393 25.7384V27.2167H30.1381V28.1726H28.9393V30.2458C28.9393 30.6903 29.1166 30.9125 29.4709 30.9125C29.6333 30.9125 29.7895 30.8496 29.9395 30.7233L30.4443 31.5797C30.2881 31.706 30.1169 31.7978 29.9308 31.855C29.7446 31.9117 29.5549 31.9401 29.3626 31.9401C28.3355 31.9401 27.8214 31.3936 27.8214 30.3Z" fill="white"></path><path d="M31.5487 31.6339C31.194 31.4297 30.9176 31.1456 30.7196 30.7821C30.5211 30.4186 30.4221 30.0056 30.4221 29.5426C30.4221 29.0801 30.5211 28.6666 30.7196 28.3031C30.9176 27.9396 31.194 27.6555 31.5487 27.4513C31.9034 27.2471 32.3087 27.145 32.7655 27.145C33.7993 27.145 34.4995 27.5683 34.8661 28.416L33.8473 28.8754C33.6132 28.4067 33.2528 28.1726 32.7655 28.1726C32.417 28.1726 32.1288 28.2989 31.9004 28.5511C31.6719 28.8037 31.558 29.1342 31.558 29.5426C31.558 29.9509 31.6719 30.282 31.9004 30.5341C32.1288 30.7867 32.417 30.9125 32.7655 30.9125C33.2528 30.9125 33.6132 30.6785 33.8473 30.2098L34.8661 30.6697C34.4995 31.5168 33.7993 31.9401 32.7655 31.9401C32.3087 31.9401 31.9034 31.8386 31.5487 31.6339Z" fill="white"></path><path d="M35.3998 25.4863H36.5176V27.9473C36.662 27.707 36.8615 27.5132 37.1167 27.3657C37.3725 27.2188 37.6592 27.145 37.9778 27.145C38.4702 27.145 38.8579 27.2909 39.1405 27.5823C39.423 27.8736 39.5643 28.2804 39.5643 28.8037V31.8685H38.4465V29.0285C38.4465 28.7522 38.3758 28.5408 38.2346 28.3933C38.0933 28.2458 37.8907 28.1726 37.6262 28.1726C37.3199 28.1726 37.0585 28.3093 36.8419 28.5825C36.6254 28.8558 36.5176 29.275 36.5176 29.8401V31.8685H35.3998V25.4863Z" fill="white"></path></svg><p class="styled__StyledBodyText-sc-119w3hf-5 ggtTyf styled__DarkGreyBodyText-jk5kya-0 iwRWTH">Aldi Price Match</p></div></div></div></div><div class="styles__StyledBuyBoxWrapper-dvv1wj-4 dSvjUC"><div class="styles__StyledBuyBoxContainer-sc-1wx0qp6-0 erryje" data-auto="buybox-container"><div class="styles__SafeFormWrapper-jtpu2t-0 lcrYKS"><form action="https://www.tesco.com/groceries/en-GB/trolley/items/263745643?_method=PUT" method="POST"><input type="submit" class="hidden"><input name="id" type="hidden" value="263745643"><input name="identifier" type="hidden" value="Page"><input name="anchorId" type="hidden" value="#tile-263745643"><input name="returnUrl" type="hidden" value="/groceries/en-GB/shop/health-and-beauty/all?redirectIfUnavailable=true#tile-263745643"><input name="backToUrl" type="hidden" value="#"><input name="oldValue" type="hidden" value="0"><input name="oldUnitChoice" type="hidden" value="pcs"><input name="newUnitChoice" type="hidden" value="pcs"><div class="base-components__RootElement-sc-1mosoyj-1 styled__Container-sc-6nhkzi-0 jptQqM hSNpTb beans-buybox__container"><div class="base-components__BaseElement-sc-1mosoyj-0 styled__PriceAndActions-sc-6nhkzi-3 oznwo eEPLov beans-buybox__price-and-actions"><div class="base-components__RootElement-sc-1mosoyj-1 styled__Container-sc-8qlq5b-0 jptQqM bgZrjw styled__StyledPrice-sc-6nhkzi-5 iYHeik beans-buybox__price beans-price__container"><p class="styled__StyledHeading-sc-119w3hf-2 jWPEtj styled__Text-sc-8qlq5b-1 lnaeiZ beans-price__text">£1.75</p><p class="styled__StyledFootnote-sc-119w3hf-7 icrlVF styled__Subtext-sc-8qlq5b-2 bNJmdc beans-price__subtext">£0.70/100ml</p></div><div class="base-components__RootElement-sc-1mosoyj-1 styled__Container-vtxwzb-0 jptQqM bDFhXJ beans-buybox__actions beans-quantity-controls__container"><div class="base-components__RootElement-sc-1mosoyj-1 styled__Container-sc-16t2b2a-0 jptQqM PUfgZ styled__StyledFormGroup-vtxwzb-1 kzKuAr beans-quantity-controls__form-group beans-form-group__container"><label class="styled__StyledLabel-sc-1ttuvhr-0 izGEjV beans-form-group__label beans-label" for="quantity-controls-263745643">Quantity controls </label><div class="base-components__BaseElement-sc-1mosoyj-0 styled__Children-sc-16t2b2a-3 oznwo gdJvjO beans-form-group__children"><div class="styled__StyledQuantityControlWrapper-vtxwzb-6 LCxOg"><label id="quantity-controls-263745643-label" class="styled__VisuallyHiddenLabel-vtxwzb-7 gXlLiM">Quantity of Sure Men Active Dry Antiperspirant Deodorant 250Ml</label><div class="component__Wrapper-sc-1kpmik-3 dReplG input-wrapper"><input class="base-components__RootElement-sc-1mosoyj-1 styled__StyledInput-sc-1jd5f57-0 component__StyledAsInput-sc-1kpmik-4 jptQqM eJLlow styled__StyledInput-vtxwzb-3 lwMHo beans-quantity-controls__input beans-input" data-auto="beans-quantity-controls-input" autocomplete="off" id="quantity-controls-263745643" maxlength="2" name="newValue" type="number" aria-labelledby="quantity-controls-263745643-label" value="1"></div></div><button class="styled__BaseButton-rsekm1-0 styled__PrimaryButton-rsekm1-2 jChbeY geeWOF styled__StyledButton-vtxwzb-5 japAxb beans-quantity-controls__add-button beans-button__container" type="submit" data-auto="beans-quantity-controls-add-button" aria-label="Quantity of Sure Men Active Dry Antiperspirant Deodorant 250Ml"><span class="base-components__BaseElement-sc-1mosoyj-0 styled__InnerContainer-rsekm1-1 oznwo fuFres beans-button__inner-container"><span class="base-components__BaseElement-sc-1mosoyj-0 styled__TextSpan-rsekm1-4 oznwo GDiMp beans-button__text">Add</span></span></button></div></div></div></div></div><input name="_csrf" type="hidden" value="0WbpBJF9-cS-fAMl-ByHnl5hECj1JaZiBQ20"></form></div></div></div></div><div class="hidden-medium product-info-section-small"><div class="product-info-message-list"><div class="styled__WhiteBackground-sc-9yzfq2-1 jthPIJ"><svg width="56" height="56" viewBox="0 0 56 56" fill="none" xmlns="http://www.w3.org/2000/svg"><path d="M52.1301 27.8766C52.1301 14.5534 41.3293 3.75308 28.0066 3.75308C14.6834 3.75308 3.88306 14.5534 3.88306 27.8766C3.88306 41.1998 14.6834 52.0002 28.0066 52.0002C41.3293 52.0002 52.1301 41.1998 52.1301 27.8766Z" fill="#EE1C2E"></path><path d="M19.6853 36.5687L31.8169 48.6998L52.6633 27.8998L51.9894 23.0423L31.886 43.1452L22.5438 33.803L19.6853 36.5687Z" fill="white"></path><path d="M24.2699 12.0048L23.5594 9.93467L22.8484 12.0048H24.2699ZM24.6345 13.0711H22.4844L21.9776 14.5375H20.7515L22.9815 8.31722H24.1369L26.3669 14.5375H25.1408L24.6345 13.0711Z" fill="white"></path><path d="M27.8359 14.5375H26.734V8.24609H27.8359V14.5375Z" fill="white"></path><path d="M31.5684 13.2309C31.7849 12.9886 31.8927 12.6597 31.8927 12.2446C31.8927 11.8306 31.7849 11.5016 31.5684 11.2588C31.3524 11.0159 31.0811 10.8942 30.7558 10.8942C30.4299 10.8942 30.1587 11.0159 29.9427 11.2588C29.7267 11.5016 29.6184 11.8306 29.6184 12.2446C29.6184 12.6597 29.7267 12.9886 29.9427 13.2309C30.1587 13.4738 30.4299 13.5955 30.7558 13.5955C31.0811 13.5955 31.3524 13.4738 31.5684 13.2309ZM29.4673 14.3065C29.159 14.1049 28.9177 13.8234 28.7429 13.4619C28.5681 13.101 28.481 12.6952 28.481 12.2446C28.481 11.7888 28.5655 11.3815 28.7341 11.0231C28.9032 10.6648 29.1384 10.3848 29.4405 10.1837C29.7426 9.98212 30.0891 9.88158 30.48 9.88158C30.7883 9.88158 31.0579 9.93624 31.2889 10.0455C31.5199 10.1554 31.6978 10.3106 31.8221 10.5122V8.24609H32.9239V14.5375H31.8221V13.9863C31.6916 14.1704 31.5137 14.3194 31.2889 14.4349C31.0636 14.5504 30.797 14.6086 30.4892 14.6086C30.1159 14.6086 29.7751 14.5076 29.4673 14.3065Z" fill="white"></path><path d="M34.9657 14.5375H33.8638V9.95224H34.9657V14.5375ZM33.9082 8.34408C34.0443 8.20796 34.2129 8.1399 34.4145 8.1399C34.6161 8.1399 34.7847 8.20796 34.9208 8.34408C35.0574 8.48071 35.1255 8.64931 35.1255 8.8504C35.1255 9.052 35.0574 9.22112 34.9208 9.35724C34.7847 9.49336 34.6161 9.56142 34.4145 9.56142C34.2129 9.56142 34.0443 9.49336 33.9082 9.35724C33.7715 9.22112 33.704 9.052 33.704 8.8504C33.704 8.64931 33.7715 8.48071 33.9082 8.34408Z" fill="white"></path><path d="M19.6791 19.3347C19.8894 19.1506 19.9946 18.8779 19.9946 18.5169C19.9946 18.1565 19.8894 17.8838 19.6791 17.6997C19.4682 17.5156 19.183 17.4233 18.8221 17.4233H17.5027V19.6111H18.8221C19.183 19.6111 19.4682 19.5188 19.6791 19.3347ZM17.5027 23.9628H16.0374V16.0704H18.9345C19.461 16.0704 19.9157 16.1776 20.2988 16.3921C20.6824 16.6061 20.9753 16.8995 21.1784 17.2712C21.3816 17.6435 21.4826 18.0586 21.4826 18.5169C21.4826 18.9758 21.3816 19.3909 21.1784 19.7632C20.9753 20.1354 20.6824 20.4283 20.2988 20.6423C19.9157 20.8568 19.461 20.9635 18.9345 20.9635H17.5027V23.9628Z" fill="white"></path><path d="M22.0396 18.1451H23.4379V19.0248C23.6029 18.7087 23.8359 18.4684 24.1365 18.3029C24.4376 18.1374 24.7717 18.0549 25.1404 18.0549C25.5235 18.0549 25.8241 18.1415 26.0422 18.3143L25.5689 19.4981C25.3729 19.3929 25.1662 19.3403 24.9486 19.3403C24.5124 19.3403 24.152 19.528 23.8663 19.9039C23.5802 20.2797 23.4379 20.8582 23.4379 21.6404V23.9627H22.0396V18.1451Z" fill="white"></path><path d="M27.8879 23.9627H26.4896V18.1451H27.8879V23.9627ZM26.5458 16.1044C26.7191 15.9316 26.933 15.845 27.1888 15.845C27.444 15.845 27.658 15.9316 27.8312 16.1044C28.0039 16.2771 28.0906 16.4916 28.0906 16.7468C28.0906 17.0026 28.0039 17.217 27.8312 17.3898C27.658 17.5625 27.444 17.6491 27.1888 17.6491C26.933 17.6491 26.7191 17.5625 26.5458 17.3898C26.3731 17.217 26.287 17.0026 26.287 16.7468C26.287 16.4916 26.3731 16.2771 26.5458 16.1044Z" fill="white"></path><path d="M30.0603 23.6693C29.6168 23.4141 29.2714 23.0588 29.0234 22.6041C28.7754 22.1493 28.6511 21.6327 28.6511 21.0537C28.6511 20.4752 28.7754 19.9585 29.0234 19.5038C29.2714 19.049 29.6168 18.6937 30.0603 18.438C30.5037 18.1828 31.011 18.0549 31.5823 18.0549C32.8749 18.0549 33.751 18.585 34.2093 19.6445L32.9353 20.2199C32.6424 19.6332 32.1913 19.3403 31.5823 19.3403C31.1466 19.3403 30.7857 19.4981 30.5001 19.8136C30.2144 20.1297 30.0716 20.5427 30.0716 21.0537C30.0716 21.5651 30.2144 21.9787 30.5001 22.2942C30.7857 22.6097 31.1466 22.7675 31.5823 22.7675C32.1913 22.7675 32.6424 22.4747 32.9353 21.8884L34.2093 22.4633C33.751 23.5229 32.8749 24.0529 31.5823 24.0529C31.011 24.0529 30.5037 23.9251 30.0603 23.6693Z" fill="white"></path><path d="M38.727 20.3999C38.6744 20.0694 38.5223 19.7987 38.2707 19.5883C38.0186 19.3779 37.7015 19.2728 37.3179 19.2728C36.9946 19.2728 36.7048 19.3723 36.4496 19.5713C36.1939 19.7708 36.0175 20.0467 35.9196 20.3999H38.727ZM40.1588 21.5048H35.8633C35.9381 21.9333 36.115 22.2586 36.3934 22.4803C36.6713 22.702 37.0095 22.8129 37.4081 22.8129C37.7386 22.8129 38.015 22.7433 38.2367 22.6041C38.4584 22.4649 38.6708 22.253 38.874 21.9673L40.0573 22.6097C39.7716 23.0759 39.4092 23.4327 38.9693 23.6812C38.5295 23.9287 37.983 24.0529 37.3292 24.0529C36.7125 24.0529 36.1846 23.9086 35.7453 23.6188C35.3055 23.3295 34.9765 22.9557 34.7584 22.4968C34.5403 22.0385 34.4315 21.5574 34.4315 21.0537C34.4315 20.5504 34.546 20.0694 34.7754 19.611C35.0044 19.1526 35.3374 18.7783 35.7731 18.4891C36.2088 18.1998 36.7239 18.0549 37.3179 18.0549C37.9191 18.0549 38.4341 18.19 38.8626 18.4607C39.2911 18.7314 39.6139 19.0866 39.832 19.5264C40.0501 19.9657 40.1588 20.4339 40.1588 20.9299V21.5048Z" fill="white"></path><path d="M16.3879 25.558H17.7399L19.2454 29.4977L20.751 25.558H22.1029V31.8684H20.9309V28.0282L19.6873 31.2915H18.8035L17.5599 28.0282V31.8684H16.3879V25.558Z" fill="white"></path><path d="M25.4058 30.7146C25.6131 30.5341 25.7167 30.3119 25.7167 30.0474V29.9216H24.8335C24.5746 29.9216 24.3689 29.971 24.2158 30.07C24.0626 30.169 23.9858 30.3057 23.9858 30.48C23.9858 30.6424 24.0415 30.7671 24.1529 30.8543C24.2637 30.9414 24.4277 30.9847 24.6437 30.9847C24.9443 30.9847 25.1985 30.8945 25.4058 30.7146ZM23.6074 31.7782C23.3671 31.67 23.1748 31.5122 23.0304 31.3049C22.886 31.0976 22.8138 30.8496 22.8138 30.5609C22.8138 30.1046 22.9855 29.7364 23.3279 29.457C23.6703 29.1775 24.1333 29.0378 24.7159 29.0378H25.7167V28.8754C25.7167 28.6413 25.6357 28.4531 25.4733 28.3118C25.3109 28.1711 25.0918 28.1004 24.8154 28.1004C24.5927 28.1004 24.3916 28.1592 24.2111 28.2763C24.0312 28.3933 23.8956 28.5299 23.8059 28.6862L22.9494 28.1726C23.1113 27.8782 23.3516 27.6333 23.6703 27.4379C23.9889 27.2425 24.3705 27.145 24.8154 27.145C25.4522 27.145 25.9482 27.2982 26.3024 27.6044C26.6572 27.9112 26.8345 28.3526 26.8345 28.9295V31.8685H25.9152L25.7621 31.2735C25.6115 31.4776 25.4207 31.6401 25.1892 31.7602C24.9582 31.8803 24.686 31.9401 24.3735 31.9401C24.1029 31.9401 23.8476 31.8865 23.6074 31.7782Z" fill="white"></path><path d="M27.8214 30.3V28.1726H27.1182V27.2167H27.8214V26.4417L28.9393 25.7384V27.2167H30.1381V28.1726H28.9393V30.2458C28.9393 30.6903 29.1166 30.9125 29.4709 30.9125C29.6333 30.9125 29.7895 30.8496 29.9395 30.7233L30.4443 31.5797C30.2881 31.706 30.1169 31.7978 29.9308 31.855C29.7446 31.9117 29.5549 31.9401 29.3626 31.9401C28.3355 31.9401 27.8214 31.3936 27.8214 30.3Z" fill="white"></path><path d="M31.5487 31.6339C31.194 31.4297 30.9176 31.1456 30.7196 30.7821C30.5211 30.4186 30.4221 30.0056 30.4221 29.5426C30.4221 29.0801 30.5211 28.6666 30.7196 28.3031C30.9176 27.9396 31.194 27.6555 31.5487 27.4513C31.9034 27.2471 32.3087 27.145 32.7655 27.145C33.7993 27.145 34.4995 27.5683 34.8661 28.416L33.8473 28.8754C33.6132 28.4067 33.2528 28.1726 32.7655 28.1726C32.417 28.1726 32.1288 28.2989 31.9004 28.5511C31.6719 28.8037 31.558 29.1342 31.558 29.5426C31.558 29.9509 31.6719 30.282 31.9004 30.5341C32.1288 30.7867 32.417 30.9125 32.7655 30.9125C33.2528 30.9125 33.6132 30.6785 33.8473 30.2098L34.8661 30.6697C34.4995 31.5168 33.7993 31.9401 32.7655 31.9401C32.3087 31.9401 31.9034 31.8386 31.5487 31.6339Z" fill="white"></path><path d="M35.3998 25.4863H36.5176V27.9473C36.662 27.707 36.8615 27.5132 37.1167 27.3657C37.3725 27.2188 37.6592 27.145 37.9778 27.145C38.4702 27.145 38.8579 27.2909 39.1405 27.5823C39.423 27.8736 39.5643 28.2804 39.5643 28.8037V31.8685H38.4465V29.0285C38.4465 28.7522 38.3758 28.5408 38.2346 28.3933C38.0933 28.2458 37.8907 28.1726 37.6262 28.1726C37.3199 28.1726 37.0585 28.3093 36.8419 28.5825C36.6254 28.8558 36.5176 29.275 36.5176 29.8401V31.8685H35.3998V25.4863Z" fill="white"></path></svg><p class="styled__StyledBodyText-sc-119w3hf-5 ggtTyf styled__DarkGreyBodyText-jk5kya-0 iwRWTH">Aldi Price Match</p></div></div></div></div></div></div></div></li><li class="product-list--list-item"><div class="styles__StyledVerticalTileWrapper-dvv1wj-0 dtCNPH"><div data-auto="product-tile" data-auto-type="Quantity" data-auto-available="true" data-auto-is-restricted-disabled="false" data-auto-is-substitute="false" class="styles__StyledVerticalTile-dvv1wj-1 gSCsYK"><div class="styles__StyledTileContentWrapper-dvv1wj-2 bkNhNP beans"><div id="tile-261538402" data-auto-id="261538402" class="styles__StyledTiledContent-dvv1wj-3 bcglTg"><a href="https://www.tesco.com/groceries/en-GB/products/261538402" aria-hidden="true" class="product-image-wrapper" tabindex="1"><div class="product-image__container"><picture><img class="styled__Image-sjvkdn-0 bJErKA product-image beans-responsive-image__image" src="data:image/gif;base64,R0lGODlhAQABAAAAACH5BAEKAAEALAAAAAABAAEAAAICTAEAOw==" srcset="https://digitalcontent.api.tesco.com/v2/media/ghs/06babb15-438e-4daa-9697-a6cba792a199/20d686a1-91eb-4a31-a915-547d3376d11a.jpeg?h=225&amp;w=225 768w, data:image/gif;base64,R0lGODlhAQABAAAAACH5BAEKAAEALAAAAAABAAEAAAICTAEAOw== 4000w" alt="Sure Women Crystal Invisible Pure Antiperspirant Deodorant 250Ml"></picture></div></a><div class="product-details--wrapper"><h3 class="styles__H3-oa5soe-0 bCKNNq"><a href="https://www.tesco.com/groceries/en-GB/products/261538402" class="styled__Anchor-sc-1xbujuz-0 csVOnh beans-link__anchor" data-auto="product-tile--title"><span class="styled__Text-sc-1xbujuz-1 ldbwMG beans-link__text">Sure Women Crystal Invisible Pure Antiperspirant Deodorant 250Ml</span></a></h3><div class="styles__StyledPromotionsAboveMobile-dvv1wj-7 iPTMuo"></div><div class="styles__StyledProductDetailsContent-dvv1wj-5 ddRSrq"><a href="https://www.tesco.com/groceries/en-GB/reviews/submission/261538402?from=%2Fshop%2Fhealth-and-beauty%2Fall" aria-label="Write a review for Sure Women Crystal Invisible Pure Antiperspirant Deodorant 250Ml" class="styled__Anchor-sc-1xbujuz-0 jSzuDt write-a-review-link beans-link__anchor" data-auto="review-link"><span class="styled__Text-sc-1xbujuz-1 fyDIEo beans-link__text">Write a review</span><span class="styled__IconContainer-sc-1xbujuz-2 bSauSL beans-link__icon-container"><svg aria-hidden="true" class="styled__SVG-xxa4wh-1 hQMCqc beans-link__icon beans-icon__svg" height="13.33" preserveAspectRatio="xMinYMax meet" viewBox="-1 0 12 20" width="8" xmlns="http://www.w3.org/2000/svg" color="currentColor"><path d="M1.312 1.348L10.276 10l-8.964 8.644" fill="none" stroke="currentColor"></path></svg></span></a><div><a href="https://www.tesco.com/groceries/en-GB/shop/health-and-beauty/deodorants/antiperspirant/womens-deodorant-antiperspirant" class="styled__Anchor-sc-1xbujuz-0 jSzuDt rest-of-shelf-link beans-link__anchor" data-auto="rest-of-shelf-link"><span class="styled__Text-sc-1xbujuz-1 fyDIEo beans-link__text">Rest of <span class="visually-hidden">Womens Deodorant - Antiperspirant</span> shelf</span><span class="styled__IconContainer-sc-1xbujuz-2 bSauSL beans-link__icon-container"><svg aria-hidden="true" class="styled__SVG-xxa4wh-1 hQMCqc beans-link__icon beans-icon__svg" height="13.33" preserveAspectRatio="xMinYMax meet" viewBox="-1 0 12 20" width="8" xmlns="http://www.w3.org/2000/svg" color="currentColor"><path d="M1.312 1.348L10.276 10l-8.964 8.644" fill="none" stroke="currentColor"></path></svg></span></a></div><div class="product-info-message-section"><div class="product-info-message-list"><div class="styled__WhiteBackground-sc-9yzfq2-1 jthPIJ"><svg width="56" height="56" viewBox="0 0 56 56" fill="none" xmlns="http://www.w3.org/2000/svg"><path d="M52.1301 27.8766C52.1301 14.5534 41.3293 3.75308 28.0066 3.75308C14.6834 3.75308 3.88306 14.5534 3.88306 27.8766C3.88306 41.1998 14.6834 52.0002 28.0066 52.0002C41.3293 52.0002 52.1301 41.1998 52.1301 27.8766Z" fill="#EE1C2E"></path><path d="M19.6853 36.5687L31.8169 48.6998L52.6633 27.8998L51.9894 23.0423L31.886 43.1452L22.5438 33.803L19.6853 36.5687Z" fill="white"></path><path d="M24.2699 12.0048L23.5594 9.93467L22.8484 12.0048H24.2699ZM24.6345 13.0711H22.4844L21.9776 14.5375H20.7515L22.9815 8.31722H24.1369L26.3669 14.5375H25.1408L24.6345 13.0711Z" fill="white"></path><path d="M27.8359 14.5375H26.734V8.24609H27.8359V14.5375Z" fill="white"></path><path d="M31.5684 13.2309C31.7849 12.9886 31.8927 12.6597 31.8927 12.2446C31.8927 11.8306 31.7849 11.5016 31.5684 11.2588C31.3524 11.0159 31.0811 10.8942 30.7558 10.8942C30.4299 10.8942 30.1587 11.0159 29.9427 11.2588C29.7267 11.5016 29.6184 11.8306 29.6184 12.2446C29.6184 12.6597 29.7267 12.9886 29.9427 13.2309C30.1587 13.4738 30.4299 13.5955 30.7558 13.5955C31.0811 13.5955 31.3524 13.4738 31.5684 13.2309ZM29.4673 14.3065C29.159 14.1049 28.9177 13.8234 28.7429 13.4619C28.5681 13.101 28.481 12.6952 28.481 12.2446C28.481 11.7888 28.5655 11.3815 28.7341 11.0231C28.9032 10.6648 29.1384 10.3848 29.4405 10.1837C29.7426 9.98212 30.0891 9.88158 30.48 9.88158C30.7883 9.88158 31.0579 9.93624 31.2889 10.0455C31.5199 10.1554 31.6978 10.3106 31.8221 10.5122V8.24609H32.9239V14.5375H31.8221V13.9863C31.6916 14.1704 31.5137 14.3194 31.2889 14.4349C31.0636 14.5504 30.797 14.6086 30.4892 14.6086C30.1159 14.6086 29.7751 14.5076 29.4673 14.3065Z" fill="white"></path><path d="M34.9657 14.5375H33.8638V9.95224H34.9657V14.5375ZM33.9082 8.34408C34.0443 8.20796 34.2129 8.1399 34.4145 8.1399C34.6161 8.1399 34.7847 8.20796 34.9208 8.34408C35.0574 8.48071 35.1255 8.64931 35.1255 8.8504C35.1255 9.052 35.0574 9.22112 34.9208 9.35724C34.7847 9.49336 34.6161 9.56142 34.4145 9.56142C34.2129 9.56142 34.0443 9.49336 33.9082 9.35724C33.7715 9.22112 33.704 9.052 33.704 8.8504C33.704 8.64931 33.7715 8.48071 33.9082 8.34408Z" fill="white"></path><path d="M19.6791 19.3347C19.8894 19.1506 19.9946 18.8779 19.9946 18.5169C19.9946 18.1565 19.8894 17.8838 19.6791 17.6997C19.4682 17.5156 19.183 17.4233 18.8221 17.4233H17.5027V19.6111H18.8221C19.183 19.6111 19.4682 19.5188 19.6791 19.3347ZM17.5027 23.9628H16.0374V16.0704H18.9345C19.461 16.0704 19.9157 16.1776 20.2988 16.3921C20.6824 16.6061 20.9753 16.8995 21.1784 17.2712C21.3816 17.6435 21.4826 18.0586 21.4826 18.5169C21.4826 18.9758 21.3816 19.3909 21.1784 19.7632C20.9753 20.1354 20.6824 20.4283 20.2988 20.6423C19.9157 20.8568 19.461 20.9635 18.9345 20.9635H17.5027V23.9628Z" fill="white"></path><path d="M22.0396 18.1451H23.4379V19.0248C23.6029 18.7087 23.8359 18.4684 24.1365 18.3029C24.4376 18.1374 24.7717 18.0549 25.1404 18.0549C25.5235 18.0549 25.8241 18.1415 26.0422 18.3143L25.5689 19.4981C25.3729 19.3929 25.1662 19.3403 24.9486 19.3403C24.5124 19.3403 24.152 19.528 23.8663 19.9039C23.5802 20.2797 23.4379 20.8582 23.4379 21.6404V23.9627H22.0396V18.1451Z" fill="white"></path><path d="M27.8879 23.9627H26.4896V18.1451H27.8879V23.9627ZM26.5458 16.1044C26.7191 15.9316 26.933 15.845 27.1888 15.845C27.444 15.845 27.658 15.9316 27.8312 16.1044C28.0039 16.2771 28.0906 16.4916 28.0906 16.7468C28.0906 17.0026 28.0039 17.217 27.8312 17.3898C27.658 17.5625 27.444 17.6491 27.1888 17.6491C26.933 17.6491 26.7191 17.5625 26.5458 17.3898C26.3731 17.217 26.287 17.0026 26.287 16.7468C26.287 16.4916 26.3731 16.2771 26.5458 16.1044Z" fill="white"></path><path d="M30.0603 23.6693C29.6168 23.4141 29.2714 23.0588 29.0234 22.6041C28.7754 22.1493 28.6511 21.6327 28.6511 21.0537C28.6511 20.4752 28.7754 19.9585 29.0234 19.5038C29.2714 19.049 29.6168 18.6937 30.0603 18.438C30.5037 18.1828 31.011 18.0549 31.5823 18.0549C32.8749 18.0549 33.751 18.585 34.2093 19.6445L32.9353 20.2199C32.6424 19.6332 32.1913 19.3403 31.5823 19.3403C31.1466 19.3403 30.7857 19.4981 30.5001 19.8136C30.2144 20.1297 30.0716 20.5427 30.0716 21.0537C30.0716 21.5651 30.2144 21.9787 30.5001 22.2942C30.7857 22.6097 31.1466 22.7675 31.5823 22.7675C32.1913 22.7675 32.6424 22.4747 32.9353 21.8884L34.2093 22.4633C33.751 23.5229 32.8749 24.0529 31.5823 24.0529C31.011 24.0529 30.5037 23.9251 30.0603 23.6693Z" fill="white"></path><path d="M38.727 20.3999C38.6744 20.0694 38.5223 19.7987 38.2707 19.5883C38.0186 19.3779 37.7015 19.2728 37.3179 19.2728C36.9946 19.2728 36.7048 19.3723 36.4496 19.5713C36.1939 19.7708 36.0175 20.0467 35.9196 20.3999H38.727ZM40.1588 21.5048H35.8633C35.9381 21.9333 36.115 22.2586 36.3934 22.4803C36.6713 22.702 37.0095 22.8129 37.4081 22.8129C37.7386 22.8129 38.015 22.7433 38.2367 22.6041C38.4584 22.4649 38.6708 22.253 38.874 21.9673L40.0573 22.6097C39.7716 23.0759 39.4092 23.4327 38.9693 23.6812C38.5295 23.9287 37.983 24.0529 37.3292 24.0529C36.7125 24.0529 36.1846 23.9086 35.7453 23.6188C35.3055 23.3295 34.9765 22.9557 34.7584 22.4968C34.5403 22.0385 34.4315 21.5574 34.4315 21.0537C34.4315 20.5504 34.546 20.0694 34.7754 19.611C35.0044 19.1526 35.3374 18.7783 35.7731 18.4891C36.2088 18.1998 36.7239 18.0549 37.3179 18.0549C37.9191 18.0549 38.4341 18.19 38.8626 18.4607C39.2911 18.7314 39.6139 19.0866 39.832 19.5264C40.0501 19.9657 40.1588 20.4339 40.1588 20.9299V21.5048Z" fill="white"></path><path d="M16.3879 25.558H17.7399L19.2454 29.4977L20.751 25.558H22.1029V31.8684H20.9309V28.0282L19.6873 31.2915H18.8035L17.5599 28.0282V31.8684H16.3879V25.558Z" fill="white"></path><path d="M25.4058 30.7146C25.6131 30.5341 25.7167 30.3119 25.7167 30.0474V29.9216H24.8335C24.5746 29.9216 24.3689 29.971 24.2158 30.07C24.0626 30.169 23.9858 30.3057 23.9858 30.48C23.9858 30.6424 24.0415 30.7671 24.1529 30.8543C24.2637 30.9414 24.4277 30.9847 24.6437 30.9847C24.9443 30.9847 25.1985 30.8945 25.4058 30.7146ZM23.6074 31.7782C23.3671 31.67 23.1748 31.5122 23.0304 31.3049C22.886 31.0976 22.8138 30.8496 22.8138 30.5609C22.8138 30.1046 22.9855 29.7364 23.3279 29.457C23.6703 29.1775 24.1333 29.0378 24.7159 29.0378H25.7167V28.8754C25.7167 28.6413 25.6357 28.4531 25.4733 28.3118C25.3109 28.1711 25.0918 28.1004 24.8154 28.1004C24.5927 28.1004 24.3916 28.1592 24.2111 28.2763C24.0312 28.3933 23.8956 28.5299 23.8059 28.6862L22.9494 28.1726C23.1113 27.8782 23.3516 27.6333 23.6703 27.4379C23.9889 27.2425 24.3705 27.145 24.8154 27.145C25.4522 27.145 25.9482 27.2982 26.3024 27.6044C26.6572 27.9112 26.8345 28.3526 26.8345 28.9295V31.8685H25.9152L25.7621 31.2735C25.6115 31.4776 25.4207 31.6401 25.1892 31.7602C24.9582 31.8803 24.686 31.9401 24.3735 31.9401C24.1029 31.9401 23.8476 31.8865 23.6074 31.7782Z" fill="white"></path><path d="M27.8214 30.3V28.1726H27.1182V27.2167H27.8214V26.4417L28.9393 25.7384V27.2167H30.1381V28.1726H28.9393V30.2458C28.9393 30.6903 29.1166 30.9125 29.4709 30.9125C29.6333 30.9125 29.7895 30.8496 29.9395 30.7233L30.4443 31.5797C30.2881 31.706 30.1169 31.7978 29.9308 31.855C29.7446 31.9117 29.5549 31.9401 29.3626 31.9401C28.3355 31.9401 27.8214 31.3936 27.8214 30.3Z" fill="white"></path><path d="M31.5487 31.6339C31.194 31.4297 30.9176 31.1456 30.7196 30.7821C30.5211 30.4186 30.4221 30.0056 30.4221 29.5426C30.4221 29.0801 30.5211 28.6666 30.7196 28.3031C30.9176 27.9396 31.194 27.6555 31.5487 27.4513C31.9034 27.2471 32.3087 27.145 32.7655 27.145C33.7993 27.145 34.4995 27.5683 34.8661 28.416L33.8473 28.8754C33.6132 28.4067 33.2528 28.1726 32.7655 28.1726C32.417 28.1726 32.1288 28.2989 31.9004 28.5511C31.6719 28.8037 31.558 29.1342 31.558 29.5426C31.558 29.9509 31.6719 30.282 31.9004 30.5341C32.1288 30.7867 32.417 30.9125 32.7655 30.9125C33.2528 30.9125 33.6132 30.6785 33.8473 30.2098L34.8661 30.6697C34.4995 31.5168 33.7993 31.9401 32.7655 31.9401C32.3087 31.9401 31.9034 31.8386 31.5487 31.6339Z" fill="white"></path><path d="M35.3998 25.4863H36.5176V27.9473C36.662 27.707 36.8615 27.5132 37.1167 27.3657C37.3725 27.2188 37.6592 27.145 37.9778 27.145C38.4702 27.145 38.8579 27.2909 39.1405 27.5823C39.423 27.8736 39.5643 28.2804 39.5643 28.8037V31.8685H38.4465V29.0285C38.4465 28.7522 38.3758 28.5408 38.2346 28.3933C38.0933 28.2458 37.8907 28.1726 37.6262 28.1726C37.3199 28.1726 37.0585 28.3093 36.8419 28.5825C36.6254 28.8558 36.5176 29.275 36.5176 29.8401V31.8685H35.3998V25.4863Z" fill="white"></path></svg><p class="styled__StyledBodyText-sc-119w3hf-5 ggtTyf styled__DarkGreyBodyText-jk5kya-0 iwRWTH">Aldi Price Match</p></div></div></div></div><div class="styles__StyledBuyBoxWrapper-dvv1wj-4 dSvjUC"><div class="styles__StyledBuyBoxContainer-sc-1wx0qp6-0 erryje" data-auto="buybox-container"><div class="styles__SafeFormWrapper-jtpu2t-0 lcrYKS"><form action="https://www.tesco.com/groceries/en-GB/trolley/items/261538402?_method=PUT" method="POST"><input type="submit" class="hidden"><input name="id" type="hidden" value="261538402"><input name="identifier" type="hidden" value="Page"><input name="anchorId" type="hidden" value="#tile-261538402"><input name="returnUrl" type="hidden" value="/groceries/en-GB/shop/health-and-beauty/all?redirectIfUnavailable=true#tile-261538402"><input name="backToUrl" type="hidden" value="#"><input name="oldValue" type="hidden" value="0"><input name="oldUnitChoice" type="hidden" value="pcs"><input name="newUnitChoice" type="hidden" value="pcs"><div class="base-components__RootElement-sc-1mosoyj-1 styled__Container-sc-6nhkzi-0 jptQqM hSNpTb beans-buybox__container"><div class="base-components__BaseElement-sc-1mosoyj-0 styled__PriceAndActions-sc-6nhkzi-3 oznwo eEPLov beans-buybox__price-and-actions"><div class="base-components__RootElement-sc-1mosoyj-1 styled__Container-sc-8qlq5b-0 jptQqM bgZrjw styled__StyledPrice-sc-6nhkzi-5 iYHeik beans-buybox__price beans-price__container"><p class="styled__StyledHeading-sc-119w3hf-2 jWPEtj styled__Text-sc-8qlq5b-1 lnaeiZ beans-price__text">£1.75</p><p class="styled__StyledFootnote-sc-119w3hf-7 icrlVF styled__Subtext-sc-8qlq5b-2 bNJmdc beans-price__subtext">£0.70/100ml</p></div><div class="base-components__RootElement-sc-1mosoyj-1 styled__Container-vtxwzb-0 jptQqM bDFhXJ beans-buybox__actions beans-quantity-controls__container"><div class="base-components__RootElement-sc-1mosoyj-1 styled__Container-sc-16t2b2a-0 jptQqM PUfgZ styled__StyledFormGroup-vtxwzb-1 kzKuAr beans-quantity-controls__form-group beans-form-group__container"><label class="styled__StyledLabel-sc-1ttuvhr-0 izGEjV beans-form-group__label beans-label" for="quantity-controls-261538402">Quantity controls </label><div class="base-components__BaseElement-sc-1mosoyj-0 styled__Children-sc-16t2b2a-3 oznwo gdJvjO beans-form-group__children"><div class="styled__StyledQuantityControlWrapper-vtxwzb-6 LCxOg"><label id="quantity-controls-261538402-label" class="styled__VisuallyHiddenLabel-vtxwzb-7 gXlLiM">Quantity of Sure Women Crystal Invisible Pure Antiperspirant Deodorant 250Ml</label><div class="component__Wrapper-sc-1kpmik-3 dReplG input-wrapper"><input class="base-components__RootElement-sc-1mosoyj-1 styled__StyledInput-sc-1jd5f57-0 component__StyledAsInput-sc-1kpmik-4 jptQqM eJLlow styled__StyledInput-vtxwzb-3 lwMHo beans-quantity-controls__input beans-input" data-auto="beans-quantity-controls-input" autocomplete="off" id="quantity-controls-261538402" maxlength="2" name="newValue" type="number" aria-labelledby="quantity-controls-261538402-label" value="1"></div></div><button class="styled__BaseButton-rsekm1-0 styled__PrimaryButton-rsekm1-2 jChbeY geeWOF styled__StyledButton-vtxwzb-5 japAxb beans-quantity-controls__add-button beans-button__container" type="submit" data-auto="beans-quantity-controls-add-button" aria-label="Quantity of Sure Women Crystal Invisible Pure Antiperspirant Deodorant 250Ml"><span class="base-components__BaseElement-sc-1mosoyj-0 styled__InnerContainer-rsekm1-1 oznwo fuFres beans-button__inner-container"><span class="base-components__BaseElement-sc-1mosoyj-0 styled__TextSpan-rsekm1-4 oznwo GDiMp beans-button__text">Add</span></span></button></div></div></div></div></div><input name="_csrf" type="hidden" value="0WbpBJF9-cS-fAMl-ByHnl5hECj1JaZiBQ20"></form></div></div></div></div><div class="hidden-medium product-info-section-small"><div class="product-info-message-list"><div class="styled__WhiteBackground-sc-9yzfq2-1 jthPIJ"><svg width="56" height="56" viewBox="0 0 56 56" fill="none" xmlns="http://www.w3.org/2000/svg"><path d="M52.1301 27.8766C52.1301 14.5534 41.3293 3.75308 28.0066 3.75308C14.6834 3.75308 3.88306 14.5534 3.88306 27.8766C3.88306 41.1998 14.6834 52.0002 28.0066 52.0002C41.3293 52.0002 52.1301 41.1998 52.1301 27.8766Z" fill="#EE1C2E"></path><path d="M19.6853 36.5687L31.8169 48.6998L52.6633 27.8998L51.9894 23.0423L31.886 43.1452L22.5438 33.803L19.6853 36.5687Z" fill="white"></path><path d="M24.2699 12.0048L23.5594 9.93467L22.8484 12.0048H24.2699ZM24.6345 13.0711H22.4844L21.9776 14.5375H20.7515L22.9815 8.31722H24.1369L26.3669 14.5375H25.1408L24.6345 13.0711Z" fill="white"></path><path d="M27.8359 14.5375H26.734V8.24609H27.8359V14.5375Z" fill="white"></path><path d="M31.5684 13.2309C31.7849 12.9886 31.8927 12.6597 31.8927 12.2446C31.8927 11.8306 31.7849 11.5016 31.5684 11.2588C31.3524 11.0159 31.0811 10.8942 30.7558 10.8942C30.4299 10.8942 30.1587 11.0159 29.9427 11.2588C29.7267 11.5016 29.6184 11.8306 29.6184 12.2446C29.6184 12.6597 29.7267 12.9886 29.9427 13.2309C30.1587 13.4738 30.4299 13.5955 30.7558 13.5955C31.0811 13.5955 31.3524 13.4738 31.5684 13.2309ZM29.4673 14.3065C29.159 14.1049 28.9177 13.8234 28.7429 13.4619C28.5681 13.101 28.481 12.6952 28.481 12.2446C28.481 11.7888 28.5655 11.3815 28.7341 11.0231C28.9032 10.6648 29.1384 10.3848 29.4405 10.1837C29.7426 9.98212 30.0891 9.88158 30.48 9.88158C30.7883 9.88158 31.0579 9.93624 31.2889 10.0455C31.5199 10.1554 31.6978 10.3106 31.8221 10.5122V8.24609H32.9239V14.5375H31.8221V13.9863C31.6916 14.1704 31.5137 14.3194 31.2889 14.4349C31.0636 14.5504 30.797 14.6086 30.4892 14.6086C30.1159 14.6086 29.7751 14.5076 29.4673 14.3065Z" fill="white"></path><path d="M34.9657 14.5375H33.8638V9.95224H34.9657V14.5375ZM33.9082 8.34408C34.0443 8.20796 34.2129 8.1399 34.4145 8.1399C34.6161 8.1399 34.7847 8.20796 34.9208 8.34408C35.0574 8.48071 35.1255 8.64931 35.1255 8.8504C35.1255 9.052 35.0574 9.22112 34.9208 9.35724C34.7847 9.49336 34.6161 9.56142 34.4145 9.56142C34.2129 9.56142 34.0443 9.49336 33.9082 9.35724C33.7715 9.22112 33.704 9.052 33.704 8.8504C33.704 8.64931 33.7715 8.48071 33.9082 8.34408Z" fill="white"></path><path d="M19.6791 19.3347C19.8894 19.1506 19.9946 18.8779 19.9946 18.5169C19.9946 18.1565 19.8894 17.8838 19.6791 17.6997C19.4682 17.5156 19.183 17.4233 18.8221 17.4233H17.5027V19.6111H18.8221C19.183 19.6111 19.4682 19.5188 19.6791 19.3347ZM17.5027 23.9628H16.0374V16.0704H18.9345C19.461 16.0704 19.9157 16.1776 20.2988 16.3921C20.6824 16.6061 20.9753 16.8995 21.1784 17.2712C21.3816 17.6435 21.4826 18.0586 21.4826 18.5169C21.4826 18.9758 21.3816 19.3909 21.1784 19.7632C20.9753 20.1354 20.6824 20.4283 20.2988 20.6423C19.9157 20.8568 19.461 20.9635 18.9345 20.9635H17.5027V23.9628Z" fill="white"></path><path d="M22.0396 18.1451H23.4379V19.0248C23.6029 18.7087 23.8359 18.4684 24.1365 18.3029C24.4376 18.1374 24.7717 18.0549 25.1404 18.0549C25.5235 18.0549 25.8241 18.1415 26.0422 18.3143L25.5689 19.4981C25.3729 19.3929 25.1662 19.3403 24.9486 19.3403C24.5124 19.3403 24.152 19.528 23.8663 19.9039C23.5802 20.2797 23.4379 20.8582 23.4379 21.6404V23.9627H22.0396V18.1451Z" fill="white"></path><path d="M27.8879 23.9627H26.4896V18.1451H27.8879V23.9627ZM26.5458 16.1044C26.7191 15.9316 26.933 15.845 27.1888 15.845C27.444 15.845 27.658 15.9316 27.8312 16.1044C28.0039 16.2771 28.0906 16.4916 28.0906 16.7468C28.0906 17.0026 28.0039 17.217 27.8312 17.3898C27.658 17.5625 27.444 17.6491 27.1888 17.6491C26.933 17.6491 26.7191 17.5625 26.5458 17.3898C26.3731 17.217 26.287 17.0026 26.287 16.7468C26.287 16.4916 26.3731 16.2771 26.5458 16.1044Z" fill="white"></path><path d="M30.0603 23.6693C29.6168 23.4141 29.2714 23.0588 29.0234 22.6041C28.7754 22.1493 28.6511 21.6327 28.6511 21.0537C28.6511 20.4752 28.7754 19.9585 29.0234 19.5038C29.2714 19.049 29.6168 18.6937 30.0603 18.438C30.5037 18.1828 31.011 18.0549 31.5823 18.0549C32.8749 18.0549 33.751 18.585 34.2093 19.6445L32.9353 20.2199C32.6424 19.6332 32.1913 19.3403 31.5823 19.3403C31.1466 19.3403 30.7857 19.4981 30.5001 19.8136C30.2144 20.1297 30.0716 20.5427 30.0716 21.0537C30.0716 21.5651 30.2144 21.9787 30.5001 22.2942C30.7857 22.6097 31.1466 22.7675 31.5823 22.7675C32.1913 22.7675 32.6424 22.4747 32.9353 21.8884L34.2093 22.4633C33.751 23.5229 32.8749 24.0529 31.5823 24.0529C31.011 24.0529 30.5037 23.9251 30.0603 23.6693Z" fill="white"></path><path d="M38.727 20.3999C38.6744 20.0694 38.5223 19.7987 38.2707 19.5883C38.0186 19.3779 37.7015 19.2728 37.3179 19.2728C36.9946 19.2728 36.7048 19.3723 36.4496 19.5713C36.1939 19.7708 36.0175 20.0467 35.9196 20.3999H38.727ZM40.1588 21.5048H35.8633C35.9381 21.9333 36.115 22.2586 36.3934 22.4803C36.6713 22.702 37.0095 22.8129 37.4081 22.8129C37.7386 22.8129 38.015 22.7433 38.2367 22.6041C38.4584 22.4649 38.6708 22.253 38.874 21.9673L40.0573 22.6097C39.7716 23.0759 39.4092 23.4327 38.9693 23.6812C38.5295 23.9287 37.983 24.0529 37.3292 24.0529C36.7125 24.0529 36.1846 23.9086 35.7453 23.6188C35.3055 23.3295 34.9765 22.9557 34.7584 22.4968C34.5403 22.0385 34.4315 21.5574 34.4315 21.0537C34.4315 20.5504 34.546 20.0694 34.7754 19.611C35.0044 19.1526 35.3374 18.7783 35.7731 18.4891C36.2088 18.1998 36.7239 18.0549 37.3179 18.0549C37.9191 18.0549 38.4341 18.19 38.8626 18.4607C39.2911 18.7314 39.6139 19.0866 39.832 19.5264C40.0501 19.9657 40.1588 20.4339 40.1588 20.9299V21.5048Z" fill="white"></path><path d="M16.3879 25.558H17.7399L19.2454 29.4977L20.751 25.558H22.1029V31.8684H20.9309V28.0282L19.6873 31.2915H18.8035L17.5599 28.0282V31.8684H16.3879V25.558Z" fill="white"></path><path d="M25.4058 30.7146C25.6131 30.5341 25.7167 30.3119 25.7167 30.0474V29.9216H24.8335C24.5746 29.9216 24.3689 29.971 24.2158 30.07C24.0626 30.169 23.9858 30.3057 23.9858 30.48C23.9858 30.6424 24.0415 30.7671 24.1529 30.8543C24.2637 30.9414 24.4277 30.9847 24.6437 30.9847C24.9443 30.9847 25.1985 30.8945 25.4058 30.7146ZM23.6074 31.7782C23.3671 31.67 23.1748 31.5122 23.0304 31.3049C22.886 31.0976 22.8138 30.8496 22.8138 30.5609C22.8138 30.1046 22.9855 29.7364 23.3279 29.457C23.6703 29.1775 24.1333 29.0378 24.7159 29.0378H25.7167V28.8754C25.7167 28.6413 25.6357 28.4531 25.4733 28.3118C25.3109 28.1711 25.0918 28.1004 24.8154 28.1004C24.5927 28.1004 24.3916 28.1592 24.2111 28.2763C24.0312 28.3933 23.8956 28.5299 23.8059 28.6862L22.9494 28.1726C23.1113 27.8782 23.3516 27.6333 23.6703 27.4379C23.9889 27.2425 24.3705 27.145 24.8154 27.145C25.4522 27.145 25.9482 27.2982 26.3024 27.6044C26.6572 27.9112 26.8345 28.3526 26.8345 28.9295V31.8685H25.9152L25.7621 31.2735C25.6115 31.4776 25.4207 31.6401 25.1892 31.7602C24.9582 31.8803 24.686 31.9401 24.3735 31.9401C24.1029 31.9401 23.8476 31.8865 23.6074 31.7782Z" fill="white"></path><path d="M27.8214 30.3V28.1726H27.1182V27.2167H27.8214V26.4417L28.9393 25.7384V27.2167H30.1381V28.1726H28.9393V30.2458C28.9393 30.6903 29.1166 30.9125 29.4709 30.9125C29.6333 30.9125 29.7895 30.8496 29.9395 30.7233L30.4443 31.5797C30.2881 31.706 30.1169 31.7978 29.9308 31.855C29.7446 31.9117 29.5549 31.9401 29.3626 31.9401C28.3355 31.9401 27.8214 31.3936 27.8214 30.3Z" fill="white"></path><path d="M31.5487 31.6339C31.194 31.4297 30.9176 31.1456 30.7196 30.7821C30.5211 30.4186 30.4221 30.0056 30.4221 29.5426C30.4221 29.0801 30.5211 28.6666 30.7196 28.3031C30.9176 27.9396 31.194 27.6555 31.5487 27.4513C31.9034 27.2471 32.3087 27.145 32.7655 27.145C33.7993 27.145 34.4995 27.5683 34.8661 28.416L33.8473 28.8754C33.6132 28.4067 33.2528 28.1726 32.7655 28.1726C32.417 28.1726 32.1288 28.2989 31.9004 28.5511C31.6719 28.8037 31.558 29.1342 31.558 29.5426C31.558 29.9509 31.6719 30.282 31.9004 30.5341C32.1288 30.7867 32.417 30.9125 32.7655 30.9125C33.2528 30.9125 33.6132 30.6785 33.8473 30.2098L34.8661 30.6697C34.4995 31.5168 33.7993 31.9401 32.7655 31.9401C32.3087 31.9401 31.9034 31.8386 31.5487 31.6339Z" fill="white"></path><path d="M35.3998 25.4863H36.5176V27.9473C36.662 27.707 36.8615 27.5132 37.1167 27.3657C37.3725 27.2188 37.6592 27.145 37.9778 27.145C38.4702 27.145 38.8579 27.2909 39.1405 27.5823C39.423 27.8736 39.5643 28.2804 39.5643 28.8037V31.8685H38.4465V29.0285C38.4465 28.7522 38.3758 28.5408 38.2346 28.3933C38.0933 28.2458 37.8907 28.1726 37.6262 28.1726C37.3199 28.1726 37.0585 28.3093 36.8419 28.5825C36.6254 28.8558 36.5176 29.275 36.5176 29.8401V31.8685H35.3998V25.4863Z" fill="white"></path></svg><p class="styled__StyledBodyText-sc-119w3hf-5 ggtTyf styled__DarkGreyBodyText-jk5kya-0 iwRWTH">Aldi Price Match</p></div></div></div></div></div></div></div></li><li class="product-list--list-item"><div class="styles__StyledVerticalTileWrapper-dvv1wj-0 dtCNPH"><div data-auto="product-tile" data-auto-type="Quantity" data-auto-available="true" data-auto-is-restricted-disabled="false" data-auto-is-substitute="false" class="styles__StyledVerticalTile-dvv1wj-1 gSCsYK"><div class="styles__StyledTileContentWrapper-dvv1wj-2 bkNhNP beans"><div id="tile-295569175" data-auto-id="295569175" class="styles__StyledTiledContent-dvv1wj-3 bcglTg"><a href="https://www.tesco.com/groceries/en-GB/products/295569175" aria-hidden="true" class="product-image-wrapper" tabindex="1"><div class="product-image__container"><picture><img class="styled__Image-sjvkdn-0 bJErKA product-image beans-responsive-image__image" src="data:image/gif;base64,R0lGODlhAQABAAAAACH5BAEKAAEALAAAAAABAAEAAAICTAEAOw==" srcset="https://digitalcontent.api.tesco.com/v2/media/ghs/7c8765e1-ee49-4acc-ae03-75032a59aefe/1de7ceb0-f477-40ca-b401-daa5dcb8a7d0_925638623.jpeg?h=225&amp;w=225 768w, data:image/gif;base64,R0lGODlhAQABAAAAACH5BAEKAAEALAAAAAABAAEAAAICTAEAOw== 4000w" alt="Radox Moisturise Chamomile &amp; Jojoba Oil 250Ml"></picture></div></a><div class="product-details--wrapper"><h3 class="styles__H3-oa5soe-0 bCKNNq"><a href="https://www.tesco.com/groceries/en-GB/products/295569175" class="styled__Anchor-sc-1xbujuz-0 csVOnh beans-link__anchor" data-auto="product-tile--title"><span class="styled__Text-sc-1xbujuz-1 ldbwMG beans-link__text">Radox Moisturise Chamomile &amp; Jojoba Oil 250Ml</span></a></h3><div class="styles__StyledPromotionsAboveMobile-dvv1wj-7 iPTMuo"></div><div class="styles__StyledProductDetailsContent-dvv1wj-5 ddRSrq"><a href="https://www.tesco.com/groceries/en-GB/reviews/submission/295569175?from=%2Fshop%2Fhealth-and-beauty%2Fall" aria-label="Write a review for Radox Moisturise Chamomile &amp; Jojoba Oil 250Ml" class="styled__Anchor-sc-1xbujuz-0 jSzuDt write-a-review-link beans-link__anchor" data-auto="review-link"><span class="styled__Text-sc-1xbujuz-1 fyDIEo beans-link__text">Write a review</span><span class="styled__IconContainer-sc-1xbujuz-2 bSauSL beans-link__icon-container"><svg aria-hidden="true" class="styled__SVG-xxa4wh-1 hQMCqc beans-link__icon beans-icon__svg" height="13.33" preserveAspectRatio="xMinYMax meet" viewBox="-1 0 12 20" width="8" xmlns="http://www.w3.org/2000/svg" color="currentColor"><path d="M1.312 1.348L10.276 10l-8.964 8.644" fill="none" stroke="currentColor"></path></svg></span></a><div><a href="https://www.tesco.com/groceries/en-GB/shop/health-and-beauty/shower-bath-and-hand-hygiene/shower/shower-gel" class="styled__Anchor-sc-1xbujuz-0 jSzuDt rest-of-shelf-link beans-link__anchor" data-auto="rest-of-shelf-link"><span class="styled__Text-sc-1xbujuz-1 fyDIEo beans-link__text">Rest of <span class="visually-hidden">Shower Gel</span> shelf</span><span class="styled__IconContainer-sc-1xbujuz-2 bSauSL beans-link__icon-container"><svg aria-hidden="true" class="styled__SVG-xxa4wh-1 hQMCqc beans-link__icon beans-icon__svg" height="13.33" preserveAspectRatio="xMinYMax meet" viewBox="-1 0 12 20" width="8" xmlns="http://www.w3.org/2000/svg" color="currentColor"><path d="M1.312 1.348L10.276 10l-8.964 8.644" fill="none" stroke="currentColor"></path></svg></span></a></div><div class="product-info-message-section"><div class="product-info-message-list"><div class="styled__WhiteBackground-sc-9yzfq2-1 jthPIJ"><svg width="56" height="61" viewBox="0 0 56 61" fill="none" xmlns="http://www.w3.org/2000/svg"><path d="M30.8759 45.8182C40.0086 42.7996 46.6572 34.3312 46.9801 24.2629H47V23.502V22.7397H46.9801C46.5765 10.112 36.2237 0 23.4993 0C10.5209 0 0 10.5209 0 23.4993C0 33.8972 6.75323 42.7162 16.1109 45.8142L16.1294 42.8684C13.3741 41.8189 10.9007 40.1978 8.8508 38.1492C5.099 34.3961 2.78308 29.2256 2.78308 23.4993C2.78308 17.7744 5.10032 12.6039 8.8508 8.84947C12.6039 5.09768 17.7744 2.78175 23.5007 2.78175C29.2256 2.78175 34.3961 5.09768 38.1505 8.84947C41.9023 12.6026 44.2182 17.7731 44.2182 23.4993C44.2182 29.2256 41.901 34.3948 38.1505 38.1492C36.1033 40.1952 33.6338 41.815 30.8838 42.8644L30.8772 45.8182H30.8759Z" fill="#EE1C2E"></path><path d="M9.82217 16.0368C10.5434 14.6962 11.4566 13.472 12.5245 12.4041C15.3354 9.59453 19.2116 7.85825 23.4994 7.85825C27.7871 7.85825 31.6633 9.59453 34.4742 12.4041C35.5435 13.4734 36.4553 14.6962 37.1765 16.0368H38.6256C35.8995 10.4309 30.1507 6.56662 23.498 6.56662C16.8454 6.56662 11.0966 10.4309 8.37042 16.0368H9.81952H9.82217Z" fill="black"></path><path d="M38.2419 28.245C37.4743 30.5728 36.1694 32.6571 34.4742 34.3537C32.8385 35.9881 30.8428 37.2599 28.6142 38.038C28.605 38.0407 28.5825 38.0394 28.5878 38.0473C28.773 38.3278 28.7836 39.3429 28.7836 39.3429C33.9567 37.6318 38.0142 33.4763 39.593 28.245H38.2419Z" fill="black"></path><path d="M12.5245 34.3537C10.4322 32.2601 8.9355 29.5763 8.30822 26.5722H6.99409C8.14941 32.5791 12.4994 37.4491 18.2085 39.3416C18.2111 39.3416 18.2177 39.3482 18.2177 39.3442C18.2627 38.2286 18.3898 38.0394 18.3898 38.0394C18.3818 38.0367 18.3726 38.0341 18.3646 38.0301C16.144 37.2519 14.1536 35.9828 12.5232 34.3524L12.5245 34.3537Z" fill="black"></path><path d="M17.6645 15.8727H20.1062V16.8335H16.623V11.2289H17.6645V15.8727Z" fill="black"></path><path d="M20.527 13.6745C20.7031 13.3516 20.9532 13.0975 21.2761 12.9136C21.599 12.7296 21.9682 12.637 22.3851 12.637C22.8019 12.637 23.1712 12.7296 23.4941 12.9136C23.817 13.0975 24.0658 13.3516 24.2431 13.6745C24.4191 13.9974 24.5065 14.3614 24.5065 14.7676C24.5065 15.1739 24.4191 15.5379 24.2431 15.8608C24.0671 16.1837 23.817 16.4364 23.4941 16.6217C23.1712 16.8057 22.8019 16.897 22.3851 16.897C21.9682 16.897 21.599 16.8057 21.2761 16.6217C20.9532 16.4378 20.7031 16.1837 20.527 15.8608C20.351 15.5379 20.2637 15.1739 20.2637 14.7676C20.2637 14.3614 20.351 13.9974 20.527 13.6745ZM21.5805 15.6477C21.7856 15.8727 22.0542 15.9838 22.3851 15.9838C22.7159 15.9838 22.9846 15.8713 23.1897 15.6477C23.3948 15.424 23.498 15.1303 23.498 14.7676C23.498 14.405 23.3948 14.1112 23.1897 13.8876C22.9846 13.6639 22.7159 13.5515 22.3851 13.5515C22.0542 13.5515 21.7856 13.6639 21.5805 13.8876C21.3753 14.1112 21.2721 14.405 21.2721 14.7676C21.2721 15.1303 21.3753 15.424 21.5805 15.6477Z" fill="black"></path><path d="M29.1687 16.8334H28.208L27.5119 14.1271L26.8158 16.8334H25.855L24.566 12.7018H25.5347L26.3182 15.4082L27.0315 12.7018H27.9923L28.7056 15.4082L29.489 12.7018H30.4577L29.1687 16.8334Z" fill="black"></path><path d="M8.61654 18.931H5.58202V20.4026H8.01572V21.6042H5.58202V23.5377H8.71579V24.738H4.27981V17.7294H8.61654V18.931Z" fill="black"></path><path d="M8.73168 19.5715H9.9836L11.2051 23.0269L12.4266 19.5715H13.6785L11.7662 24.738H10.644L8.73168 19.5715Z" fill="black"></path><path d="M18.7126 22.5558H14.8973C14.9635 22.9369 15.121 23.2254 15.3684 23.4226C15.6159 23.6198 15.9163 23.7177 16.2697 23.7177C16.5635 23.7177 16.8083 23.6555 17.0055 23.5324C17.2027 23.4093 17.3906 23.2201 17.5719 22.966L18.6226 23.5377C18.3686 23.9519 18.047 24.2682 17.6566 24.4892C17.2662 24.7089 16.7805 24.8201 16.1995 24.8201C15.6517 24.8201 15.1832 24.6917 14.7928 24.435C14.4024 24.1782 14.1099 23.8461 13.9167 23.4385C13.7235 23.0322 13.6269 22.6047 13.6269 22.1574C13.6269 21.7101 13.7288 21.2827 13.9326 20.8764C14.1364 20.4688 14.4315 20.1366 14.8192 19.8799C15.207 19.6231 15.6636 19.4948 16.1916 19.4948C16.7196 19.4948 17.1828 19.6152 17.5626 19.8547C17.9438 20.0956 18.2296 20.4106 18.4241 20.801C18.6174 21.1914 18.714 21.6069 18.714 22.0476V22.5584L18.7126 22.5558ZM17.4409 21.5751C17.3945 21.2813 17.2582 21.0418 17.0346 20.8539C16.8109 20.6673 16.5291 20.5733 16.1889 20.5733C15.9018 20.5733 15.645 20.662 15.4174 20.838C15.1911 21.0153 15.0336 21.2602 14.9463 21.5738H17.4395L17.4409 21.5751Z" fill="black"></path><path d="M19.3849 19.5715H20.6263V20.3523C20.7732 20.0718 20.9809 19.8587 21.2469 19.7118C21.5142 19.5649 21.8107 19.4921 22.1376 19.4921C22.4644 19.4921 22.745 19.5689 22.9382 19.7224L22.5174 20.7732C22.344 20.6805 22.1601 20.6329 21.9668 20.6329C21.5791 20.6329 21.2588 20.7996 21.0061 21.1331C20.752 21.4666 20.6249 21.9814 20.6249 22.6749V24.738H19.3836V19.5715H19.3849Z" fill="black"></path><path d="M24.8518 24.4178L22.9792 19.5715H24.2312L25.4434 22.8562L26.5841 19.5715H27.8255L25.1827 26.7813H23.981L24.8518 24.4178Z" fill="black"></path><path d="M28.8074 24.4786C28.4607 24.251 28.1881 23.9347 27.9909 23.5271C27.7937 23.1195 27.6958 22.663 27.6958 22.1548C27.6958 21.6466 27.7911 21.1821 27.9816 20.7785C28.1722 20.3748 28.4369 20.0585 28.7783 19.8322C29.1184 19.6059 29.5088 19.4921 29.9495 19.4921C30.2962 19.4921 30.6006 19.5543 30.86 19.6774C31.1207 19.8005 31.3205 19.9765 31.4608 20.2028V17.65H32.7021V24.7393H31.4608V24.1187C31.3139 24.3251 31.1141 24.4945 30.86 24.6242C30.6059 24.7539 30.3055 24.8201 29.9588 24.8201C29.5379 24.8201 29.1541 24.7063 28.8074 24.48V24.4786ZM31.1763 23.2664C31.4198 22.9925 31.5415 22.6219 31.5415 22.1548C31.5415 21.6876 31.4198 21.3171 31.1763 21.0431C30.9328 20.7692 30.6271 20.6329 30.2605 20.6329C29.8939 20.6329 29.5882 20.7705 29.3447 21.0431C29.1012 21.3171 28.9795 21.6876 28.9795 22.1548C28.9795 22.6219 29.1012 22.9925 29.3447 23.2664C29.5882 23.5404 29.8939 23.6767 30.2605 23.6767C30.6271 23.6767 30.9328 23.5404 31.1763 23.2664Z" fill="black"></path><path d="M34.2624 24.6388C33.9951 24.5183 33.782 24.3437 33.6219 24.1134C33.4618 23.8831 33.3824 23.6079 33.3824 23.2876C33.3824 22.7807 33.5729 22.3718 33.9527 22.0608C34.3339 21.7511 34.8473 21.595 35.4945 21.595H36.6061V21.415C36.6061 21.1543 36.5161 20.9465 36.3361 20.789C36.1562 20.6329 35.9127 20.5535 35.6056 20.5535C35.3582 20.5535 35.1345 20.6183 34.9347 20.7493C34.7349 20.879 34.584 21.0312 34.4834 21.2046L33.5319 20.6342C33.7119 20.3073 33.9792 20.0347 34.3325 19.8177C34.6859 19.6006 35.1094 19.4921 35.6043 19.4921C36.3123 19.4921 36.8629 19.6615 37.2559 20.003C37.6503 20.3431 37.8461 20.834 37.8461 21.4746V24.7393H36.8245L36.6538 24.079C36.487 24.3066 36.2753 24.4866 36.0172 24.6189C35.7605 24.7526 35.4574 24.8187 35.1107 24.8187C34.8103 24.8187 34.5271 24.7592 34.2598 24.6388H34.2624ZM36.2607 23.457C36.491 23.2572 36.6061 23.0097 36.6061 22.7159V22.5756H35.6255C35.3383 22.5756 35.1094 22.6312 34.94 22.741C34.7693 22.8509 34.6846 23.0031 34.6846 23.1963C34.6846 23.3763 34.7468 23.5152 34.8698 23.6118C34.9929 23.7084 35.1755 23.7574 35.4151 23.7574C35.7486 23.7574 36.0304 23.6568 36.2607 23.457V23.457Z" fill="black"></path><path d="M39.7571 24.4178L37.8845 19.5715H39.1364L40.3473 22.8562L41.4894 19.5715H42.7308L40.088 26.7813H38.8863L39.7571 24.4178Z" fill="black"></path><path d="M13.652 33.1164H12.6185V27.5515H14.6618C15.7985 27.5515 16.4589 28.3072 16.4589 29.2772C16.4589 30.2473 15.7985 31.0029 14.6618 31.0029H13.652V33.1177V33.1164ZM15.4095 29.2759C15.4095 28.7505 15.076 28.5044 14.5824 28.5044H13.652V30.0461H14.5824C15.0747 30.0461 15.4095 29.8 15.4095 29.2746V29.2759Z" fill="black"></path><path d="M17.0981 29.0139H18.084V29.6345C18.3222 29.1899 18.7682 28.9503 19.2843 28.9503C19.5464 28.9503 19.7687 29.0139 19.9209 29.133L19.5874 29.968C19.4524 29.8966 19.3095 29.8569 19.1507 29.8569C18.5856 29.8569 18.0854 30.3015 18.0854 31.4793V33.1177H17.0994V29.0152L17.0981 29.0139Z" fill="black"></path><path d="M20.9703 27.312C21.3356 27.312 21.6069 27.5899 21.6069 27.9485C21.6069 28.3072 21.3369 28.5851 20.9703 28.5851C20.6038 28.5851 20.3338 28.3072 20.3338 27.9485C20.3338 27.5899 20.6038 27.312 20.9703 27.312ZM21.4626 33.1164H20.4767V29.0139H21.4626V33.1164Z" fill="black"></path><path d="M22.2355 31.0651C22.2355 29.8251 23.0785 28.9503 24.3026 28.9503C25.1774 28.9503 25.8205 29.2997 26.1553 30.0713L25.2568 30.4762C25.0583 30.0792 24.7565 29.8555 24.3026 29.8555C23.6899 29.8555 23.2373 30.3399 23.2373 31.0638C23.2373 31.7877 23.6899 32.272 24.3026 32.272C24.7552 32.272 25.0583 32.0497 25.2568 31.6514L26.1553 32.0563C25.8219 32.8279 25.1774 33.1772 24.3026 33.1772C23.0785 33.1772 22.2355 32.3025 22.2355 31.0625V31.0651Z" fill="black"></path><path d="M30.5874 31.3827H27.5581C27.6693 32.0113 28.1153 32.3051 28.6473 32.3051C29.1316 32.3051 29.4109 32.0907 29.6808 31.7083L30.5159 32.1609C30.1348 32.7736 29.5617 33.1786 28.5917 33.1786C27.2167 33.1786 26.5484 32.0894 26.5484 31.0638C26.5484 30.0382 27.2723 28.949 28.5838 28.949C29.8952 28.949 30.5874 29.9667 30.5874 30.9765V31.3814V31.3827ZM29.5776 30.6033C29.5062 30.1586 29.1409 29.8079 28.5838 29.8079C28.1391 29.8079 27.7408 30.0938 27.5978 30.6033H29.5776V30.6033Z" fill="black"></path><path d="M31.0294 32.2416L31.7374 31.6448C31.9677 32.0577 32.2866 32.3051 32.7551 32.3051C33.0965 32.3051 33.3281 32.1463 33.3281 31.8922C33.3281 31.6381 33.0105 31.4952 32.4613 31.343C31.785 31.1604 31.253 30.7713 31.253 30.1507C31.253 29.4665 31.8975 28.9503 32.7154 28.9503C33.4472 28.9503 33.876 29.3156 34.1142 29.7139L33.4776 30.2631C33.2553 29.9058 32.9602 29.7933 32.7061 29.7933C32.3726 29.7933 32.1728 29.9442 32.1728 30.1189C32.1728 30.365 32.3951 30.4762 33.0634 30.6522C33.7397 30.8269 34.2796 31.1855 34.2796 31.8922C34.2796 32.5989 33.7225 33.1799 32.6902 33.1799C31.9028 33.1799 31.3311 32.8464 31.0281 32.2416H31.0294Z" fill="black"></path><path d="M23.5046 47.8549H24.2007C24.3979 47.8549 24.4045 47.8443 24.3609 47.6498C24.2643 47.2263 24.1796 46.8015 24.0724 46.382C24.0155 46.161 24.0287 46.0207 24.2391 45.8579C24.7473 45.4675 24.7658 44.7013 24.3212 44.2315C23.8792 43.7643 23.1288 43.763 22.6855 44.2275C22.2395 44.696 22.2514 45.4636 22.7609 45.854C22.9898 46.0286 22.9925 46.1822 22.9237 46.4018C22.9171 46.423 22.9118 46.4429 22.9078 46.464C22.8165 46.8743 22.7238 47.2859 22.6339 47.6961C22.6021 47.8443 22.614 47.8562 22.7715 47.8562C23.0163 47.8562 23.2611 47.8562 23.506 47.8562M23.4954 41.1361C24.2179 41.1361 24.9392 41.1334 25.6604 41.1374C25.7689 41.1374 25.8166 41.1096 25.8139 40.9932C25.8086 40.62 25.8139 40.2454 25.81 39.8723C25.806 39.5771 25.7517 39.29 25.634 39.0187C25.1602 37.9229 24.0406 37.3803 22.88 37.6807C22.0357 37.8991 21.329 38.668 21.2337 39.5374C21.1808 40.0139 21.2072 40.4982 21.1914 40.9786C21.1874 41.1056 21.235 41.1387 21.3568 41.1387C22.0701 41.1334 22.7834 41.1361 23.4967 41.1361M23.4967 50.6023C22.217 50.6023 20.9359 50.6023 19.6562 50.6023C18.6849 50.6023 17.9186 50.0041 17.699 49.0592C17.6619 48.903 17.654 48.735 17.654 48.5735C17.6513 46.7856 17.6566 44.9977 17.65 43.2112C17.6473 42.4899 17.9028 41.9037 18.4943 41.4815C18.8132 41.2539 19.1758 41.1427 19.5689 41.1374C19.7396 41.1348 19.7383 41.1321 19.7396 40.9627C19.7436 40.5035 19.7198 40.0403 19.7595 39.5851C19.9408 37.4822 21.7631 35.9683 23.862 36.1549C25.7584 36.3243 27.2578 37.96 27.2617 39.867C27.2617 40.2282 27.2617 40.5895 27.2617 40.9495C27.2617 41.1321 27.2617 41.1308 27.4457 41.1387C28.2159 41.1731 28.7796 41.5357 29.1436 42.212C29.3024 42.5071 29.3513 42.8274 29.3513 43.1595C29.3513 44.9779 29.3553 46.7949 29.3513 48.6132C29.3487 49.5965 28.732 50.3601 27.7845 50.5639C27.6429 50.5943 27.4946 50.6023 27.3491 50.6023C26.0641 50.6049 24.7804 50.6036 23.4954 50.6036" fill="black"></path></svg><p class="styled__StyledBodyText-sc-119w3hf-5 ggtTyf styled__DarkGreyBodyText-sc-9yzfq2-2 lmkdDf">Low Everyday Price</p></div></div></div></div><div class="styles__StyledBuyBoxWrapper-dvv1wj-4 dSvjUC"><div class="styles__StyledBuyBoxContainer-sc-1wx0qp6-0 erryje" data-auto="buybox-container"><div class="styles__SafeFormWrapper-jtpu2t-0 lcrYKS"><form action="https://www.tesco.com/groceries/en-GB/trolley/items/295569175?_method=PUT" method="POST"><input type="submit" class="hidden"><input name="id" type="hidden" value="295569175"><input name="identifier" type="hidden" value="Page"><input name="anchorId" type="hidden" value="#tile-295569175"><input name="returnUrl" type="hidden" value="/groceries/en-GB/shop/health-and-beauty/all?redirectIfUnavailable=true#tile-295569175"><input name="backToUrl" type="hidden" value="#"><input name="oldValue" type="hidden" value="0"><input name="oldUnitChoice" type="hidden" value="pcs"><input name="newUnitChoice" type="hidden" value="pcs"><div class="base-components__RootElement-sc-1mosoyj-1 styled__Container-sc-6nhkzi-0 jptQqM hSNpTb beans-buybox__container"><div class="base-components__BaseElement-sc-1mosoyj-0 styled__PriceAndActions-sc-6nhkzi-3 oznwo eEPLov beans-buybox__price-and-actions"><div class="base-components__RootElement-sc-1mosoyj-1 styled__Container-sc-8qlq5b-0 jptQqM bgZrjw styled__StyledPrice-sc-6nhkzi-5 iYHeik beans-buybox__price beans-price__container"><p class="styled__StyledHeading-sc-119w3hf-2 jWPEtj styled__Text-sc-8qlq5b-1 lnaeiZ beans-price__text">£0.99</p><p class="styled__StyledFootnote-sc-119w3hf-7 icrlVF styled__Subtext-sc-8qlq5b-2 bNJmdc beans-price__subtext">£0.40/100ml</p></div><div class="base-components__RootElement-sc-1mosoyj-1 styled__Container-vtxwzb-0 jptQqM bDFhXJ beans-buybox__actions beans-quantity-controls__container"><div class="base-components__RootElement-sc-1mosoyj-1 styled__Container-sc-16t2b2a-0 jptQqM PUfgZ styled__StyledFormGroup-vtxwzb-1 kzKuAr beans-quantity-controls__form-group beans-form-group__container"><label class="styled__StyledLabel-sc-1ttuvhr-0 izGEjV beans-form-group__label beans-label" for="quantity-controls-295569175">Quantity controls </label><div class="base-components__BaseElement-sc-1mosoyj-0 styled__Children-sc-16t2b2a-3 oznwo gdJvjO beans-form-group__children"><div class="styled__StyledQuantityControlWrapper-vtxwzb-6 LCxOg"><label id="quantity-controls-295569175-label" class="styled__VisuallyHiddenLabel-vtxwzb-7 gXlLiM">Quantity of Radox Moisturise Chamomile &amp; Jojoba Oil 250Ml</label><div class="component__Wrapper-sc-1kpmik-3 dReplG input-wrapper"><input class="base-components__RootElement-sc-1mosoyj-1 styled__StyledInput-sc-1jd5f57-0 component__StyledAsInput-sc-1kpmik-4 jptQqM eJLlow styled__StyledInput-vtxwzb-3 lwMHo beans-quantity-controls__input beans-input" data-auto="beans-quantity-controls-input" autocomplete="off" id="quantity-controls-295569175" maxlength="2" name="newValue" type="number" aria-labelledby="quantity-controls-295569175-label" value="1"></div></div><button class="styled__BaseButton-rsekm1-0 styled__PrimaryButton-rsekm1-2 jChbeY geeWOF styled__StyledButton-vtxwzb-5 japAxb beans-quantity-controls__add-button beans-button__container" type="submit" data-auto="beans-quantity-controls-add-button" aria-label="Quantity of Radox Moisturise Chamomile &amp; Jojoba Oil 250Ml"><span class="base-components__BaseElement-sc-1mosoyj-0 styled__InnerContainer-rsekm1-1 oznwo fuFres beans-button__inner-container"><span class="base-components__BaseElement-sc-1mosoyj-0 styled__TextSpan-rsekm1-4 oznwo GDiMp beans-button__text">Add</span></span></button></div></div></div></div></div><input name="_csrf" type="hidden" value="0WbpBJF9-cS-fAMl-ByHnl5hECj1JaZiBQ20"></form></div></div></div></div><div class="hidden-medium product-info-section-small"><div class="product-info-message-list"><div class="styled__WhiteBackground-sc-9yzfq2-1 jthPIJ"><svg width="56" height="61" viewBox="0 0 56 61" fill="none" xmlns="http://www.w3.org/2000/svg"><path d="M30.8759 45.8182C40.0086 42.7996 46.6572 34.3312 46.9801 24.2629H47V23.502V22.7397H46.9801C46.5765 10.112 36.2237 0 23.4993 0C10.5209 0 0 10.5209 0 23.4993C0 33.8972 6.75323 42.7162 16.1109 45.8142L16.1294 42.8684C13.3741 41.8189 10.9007 40.1978 8.8508 38.1492C5.099 34.3961 2.78308 29.2256 2.78308 23.4993C2.78308 17.7744 5.10032 12.6039 8.8508 8.84947C12.6039 5.09768 17.7744 2.78175 23.5007 2.78175C29.2256 2.78175 34.3961 5.09768 38.1505 8.84947C41.9023 12.6026 44.2182 17.7731 44.2182 23.4993C44.2182 29.2256 41.901 34.3948 38.1505 38.1492C36.1033 40.1952 33.6338 41.815 30.8838 42.8644L30.8772 45.8182H30.8759Z" fill="#EE1C2E"></path><path d="M9.82217 16.0368C10.5434 14.6962 11.4566 13.472 12.5245 12.4041C15.3354 9.59453 19.2116 7.85825 23.4994 7.85825C27.7871 7.85825 31.6633 9.59453 34.4742 12.4041C35.5435 13.4734 36.4553 14.6962 37.1765 16.0368H38.6256C35.8995 10.4309 30.1507 6.56662 23.498 6.56662C16.8454 6.56662 11.0966 10.4309 8.37042 16.0368H9.81952H9.82217Z" fill="black"></path><path d="M38.2419 28.245C37.4743 30.5728 36.1694 32.6571 34.4742 34.3537C32.8385 35.9881 30.8428 37.2599 28.6142 38.038C28.605 38.0407 28.5825 38.0394 28.5878 38.0473C28.773 38.3278 28.7836 39.3429 28.7836 39.3429C33.9567 37.6318 38.0142 33.4763 39.593 28.245H38.2419Z" fill="black"></path><path d="M12.5245 34.3537C10.4322 32.2601 8.9355 29.5763 8.30822 26.5722H6.99409C8.14941 32.5791 12.4994 37.4491 18.2085 39.3416C18.2111 39.3416 18.2177 39.3482 18.2177 39.3442C18.2627 38.2286 18.3898 38.0394 18.3898 38.0394C18.3818 38.0367 18.3726 38.0341 18.3646 38.0301C16.144 37.2519 14.1536 35.9828 12.5232 34.3524L12.5245 34.3537Z" fill="black"></path><path d="M17.6645 15.8727H20.1062V16.8335H16.623V11.2289H17.6645V15.8727Z" fill="black"></path><path d="M20.527 13.6745C20.7031 13.3516 20.9532 13.0975 21.2761 12.9136C21.599 12.7296 21.9682 12.637 22.3851 12.637C22.8019 12.637 23.1712 12.7296 23.4941 12.9136C23.817 13.0975 24.0658 13.3516 24.2431 13.6745C24.4191 13.9974 24.5065 14.3614 24.5065 14.7676C24.5065 15.1739 24.4191 15.5379 24.2431 15.8608C24.0671 16.1837 23.817 16.4364 23.4941 16.6217C23.1712 16.8057 22.8019 16.897 22.3851 16.897C21.9682 16.897 21.599 16.8057 21.2761 16.6217C20.9532 16.4378 20.7031 16.1837 20.527 15.8608C20.351 15.5379 20.2637 15.1739 20.2637 14.7676C20.2637 14.3614 20.351 13.9974 20.527 13.6745ZM21.5805 15.6477C21.7856 15.8727 22.0542 15.9838 22.3851 15.9838C22.7159 15.9838 22.9846 15.8713 23.1897 15.6477C23.3948 15.424 23.498 15.1303 23.498 14.7676C23.498 14.405 23.3948 14.1112 23.1897 13.8876C22.9846 13.6639 22.7159 13.5515 22.3851 13.5515C22.0542 13.5515 21.7856 13.6639 21.5805 13.8876C21.3753 14.1112 21.2721 14.405 21.2721 14.7676C21.2721 15.1303 21.3753 15.424 21.5805 15.6477Z" fill="black"></path><path d="M29.1687 16.8334H28.208L27.5119 14.1271L26.8158 16.8334H25.855L24.566 12.7018H25.5347L26.3182 15.4082L27.0315 12.7018H27.9923L28.7056 15.4082L29.489 12.7018H30.4577L29.1687 16.8334Z" fill="black"></path><path d="M8.61654 18.931H5.58202V20.4026H8.01572V21.6042H5.58202V23.5377H8.71579V24.738H4.27981V17.7294H8.61654V18.931Z" fill="black"></path><path d="M8.73168 19.5715H9.9836L11.2051 23.0269L12.4266 19.5715H13.6785L11.7662 24.738H10.644L8.73168 19.5715Z" fill="black"></path><path d="M18.7126 22.5558H14.8973C14.9635 22.9369 15.121 23.2254 15.3684 23.4226C15.6159 23.6198 15.9163 23.7177 16.2697 23.7177C16.5635 23.7177 16.8083 23.6555 17.0055 23.5324C17.2027 23.4093 17.3906 23.2201 17.5719 22.966L18.6226 23.5377C18.3686 23.9519 18.047 24.2682 17.6566 24.4892C17.2662 24.7089 16.7805 24.8201 16.1995 24.8201C15.6517 24.8201 15.1832 24.6917 14.7928 24.435C14.4024 24.1782 14.1099 23.8461 13.9167 23.4385C13.7235 23.0322 13.6269 22.6047 13.6269 22.1574C13.6269 21.7101 13.7288 21.2827 13.9326 20.8764C14.1364 20.4688 14.4315 20.1366 14.8192 19.8799C15.207 19.6231 15.6636 19.4948 16.1916 19.4948C16.7196 19.4948 17.1828 19.6152 17.5626 19.8547C17.9438 20.0956 18.2296 20.4106 18.4241 20.801C18.6174 21.1914 18.714 21.6069 18.714 22.0476V22.5584L18.7126 22.5558ZM17.4409 21.5751C17.3945 21.2813 17.2582 21.0418 17.0346 20.8539C16.8109 20.6673 16.5291 20.5733 16.1889 20.5733C15.9018 20.5733 15.645 20.662 15.4174 20.838C15.1911 21.0153 15.0336 21.2602 14.9463 21.5738H17.4395L17.4409 21.5751Z" fill="black"></path><path d="M19.3849 19.5715H20.6263V20.3523C20.7732 20.0718 20.9809 19.8587 21.2469 19.7118C21.5142 19.5649 21.8107 19.4921 22.1376 19.4921C22.4644 19.4921 22.745 19.5689 22.9382 19.7224L22.5174 20.7732C22.344 20.6805 22.1601 20.6329 21.9668 20.6329C21.5791 20.6329 21.2588 20.7996 21.0061 21.1331C20.752 21.4666 20.6249 21.9814 20.6249 22.6749V24.738H19.3836V19.5715H19.3849Z" fill="black"></path><path d="M24.8518 24.4178L22.9792 19.5715H24.2312L25.4434 22.8562L26.5841 19.5715H27.8255L25.1827 26.7813H23.981L24.8518 24.4178Z" fill="black"></path><path d="M28.8074 24.4786C28.4607 24.251 28.1881 23.9347 27.9909 23.5271C27.7937 23.1195 27.6958 22.663 27.6958 22.1548C27.6958 21.6466 27.7911 21.1821 27.9816 20.7785C28.1722 20.3748 28.4369 20.0585 28.7783 19.8322C29.1184 19.6059 29.5088 19.4921 29.9495 19.4921C30.2962 19.4921 30.6006 19.5543 30.86 19.6774C31.1207 19.8005 31.3205 19.9765 31.4608 20.2028V17.65H32.7021V24.7393H31.4608V24.1187C31.3139 24.3251 31.1141 24.4945 30.86 24.6242C30.6059 24.7539 30.3055 24.8201 29.9588 24.8201C29.5379 24.8201 29.1541 24.7063 28.8074 24.48V24.4786ZM31.1763 23.2664C31.4198 22.9925 31.5415 22.6219 31.5415 22.1548C31.5415 21.6876 31.4198 21.3171 31.1763 21.0431C30.9328 20.7692 30.6271 20.6329 30.2605 20.6329C29.8939 20.6329 29.5882 20.7705 29.3447 21.0431C29.1012 21.3171 28.9795 21.6876 28.9795 22.1548C28.9795 22.6219 29.1012 22.9925 29.3447 23.2664C29.5882 23.5404 29.8939 23.6767 30.2605 23.6767C30.6271 23.6767 30.9328 23.5404 31.1763 23.2664Z" fill="black"></path><path d="M34.2624 24.6388C33.9951 24.5183 33.782 24.3437 33.6219 24.1134C33.4618 23.8831 33.3824 23.6079 33.3824 23.2876C33.3824 22.7807 33.5729 22.3718 33.9527 22.0608C34.3339 21.7511 34.8473 21.595 35.4945 21.595H36.6061V21.415C36.6061 21.1543 36.5161 20.9465 36.3361 20.789C36.1562 20.6329 35.9127 20.5535 35.6056 20.5535C35.3582 20.5535 35.1345 20.6183 34.9347 20.7493C34.7349 20.879 34.584 21.0312 34.4834 21.2046L33.5319 20.6342C33.7119 20.3073 33.9792 20.0347 34.3325 19.8177C34.6859 19.6006 35.1094 19.4921 35.6043 19.4921C36.3123 19.4921 36.8629 19.6615 37.2559 20.003C37.6503 20.3431 37.8461 20.834 37.8461 21.4746V24.7393H36.8245L36.6538 24.079C36.487 24.3066 36.2753 24.4866 36.0172 24.6189C35.7605 24.7526 35.4574 24.8187 35.1107 24.8187C34.8103 24.8187 34.5271 24.7592 34.2598 24.6388H34.2624ZM36.2607 23.457C36.491 23.2572 36.6061 23.0097 36.6061 22.7159V22.5756H35.6255C35.3383 22.5756 35.1094 22.6312 34.94 22.741C34.7693 22.8509 34.6846 23.0031 34.6846 23.1963C34.6846 23.3763 34.7468 23.5152 34.8698 23.6118C34.9929 23.7084 35.1755 23.7574 35.4151 23.7574C35.7486 23.7574 36.0304 23.6568 36.2607 23.457V23.457Z" fill="black"></path><path d="M39.7571 24.4178L37.8845 19.5715H39.1364L40.3473 22.8562L41.4894 19.5715H42.7308L40.088 26.7813H38.8863L39.7571 24.4178Z" fill="black"></path><path d="M13.652 33.1164H12.6185V27.5515H14.6618C15.7985 27.5515 16.4589 28.3072 16.4589 29.2772C16.4589 30.2473 15.7985 31.0029 14.6618 31.0029H13.652V33.1177V33.1164ZM15.4095 29.2759C15.4095 28.7505 15.076 28.5044 14.5824 28.5044H13.652V30.0461H14.5824C15.0747 30.0461 15.4095 29.8 15.4095 29.2746V29.2759Z" fill="black"></path><path d="M17.0981 29.0139H18.084V29.6345C18.3222 29.1899 18.7682 28.9503 19.2843 28.9503C19.5464 28.9503 19.7687 29.0139 19.9209 29.133L19.5874 29.968C19.4524 29.8966 19.3095 29.8569 19.1507 29.8569C18.5856 29.8569 18.0854 30.3015 18.0854 31.4793V33.1177H17.0994V29.0152L17.0981 29.0139Z" fill="black"></path><path d="M20.9703 27.312C21.3356 27.312 21.6069 27.5899 21.6069 27.9485C21.6069 28.3072 21.3369 28.5851 20.9703 28.5851C20.6038 28.5851 20.3338 28.3072 20.3338 27.9485C20.3338 27.5899 20.6038 27.312 20.9703 27.312ZM21.4626 33.1164H20.4767V29.0139H21.4626V33.1164Z" fill="black"></path><path d="M22.2355 31.0651C22.2355 29.8251 23.0785 28.9503 24.3026 28.9503C25.1774 28.9503 25.8205 29.2997 26.1553 30.0713L25.2568 30.4762C25.0583 30.0792 24.7565 29.8555 24.3026 29.8555C23.6899 29.8555 23.2373 30.3399 23.2373 31.0638C23.2373 31.7877 23.6899 32.272 24.3026 32.272C24.7552 32.272 25.0583 32.0497 25.2568 31.6514L26.1553 32.0563C25.8219 32.8279 25.1774 33.1772 24.3026 33.1772C23.0785 33.1772 22.2355 32.3025 22.2355 31.0625V31.0651Z" fill="black"></path><path d="M30.5874 31.3827H27.5581C27.6693 32.0113 28.1153 32.3051 28.6473 32.3051C29.1316 32.3051 29.4109 32.0907 29.6808 31.7083L30.5159 32.1609C30.1348 32.7736 29.5617 33.1786 28.5917 33.1786C27.2167 33.1786 26.5484 32.0894 26.5484 31.0638C26.5484 30.0382 27.2723 28.949 28.5838 28.949C29.8952 28.949 30.5874 29.9667 30.5874 30.9765V31.3814V31.3827ZM29.5776 30.6033C29.5062 30.1586 29.1409 29.8079 28.5838 29.8079C28.1391 29.8079 27.7408 30.0938 27.5978 30.6033H29.5776V30.6033Z" fill="black"></path><path d="M31.0294 32.2416L31.7374 31.6448C31.9677 32.0577 32.2866 32.3051 32.7551 32.3051C33.0965 32.3051 33.3281 32.1463 33.3281 31.8922C33.3281 31.6381 33.0105 31.4952 32.4613 31.343C31.785 31.1604 31.253 30.7713 31.253 30.1507C31.253 29.4665 31.8975 28.9503 32.7154 28.9503C33.4472 28.9503 33.876 29.3156 34.1142 29.7139L33.4776 30.2631C33.2553 29.9058 32.9602 29.7933 32.7061 29.7933C32.3726 29.7933 32.1728 29.9442 32.1728 30.1189C32.1728 30.365 32.3951 30.4762 33.0634 30.6522C33.7397 30.8269 34.2796 31.1855 34.2796 31.8922C34.2796 32.5989 33.7225 33.1799 32.6902 33.1799C31.9028 33.1799 31.3311 32.8464 31.0281 32.2416H31.0294Z" fill="black"></path><path d="M23.5046 47.8549H24.2007C24.3979 47.8549 24.4045 47.8443 24.3609 47.6498C24.2643 47.2263 24.1796 46.8015 24.0724 46.382C24.0155 46.161 24.0287 46.0207 24.2391 45.8579C24.7473 45.4675 24.7658 44.7013 24.3212 44.2315C23.8792 43.7643 23.1288 43.763 22.6855 44.2275C22.2395 44.696 22.2514 45.4636 22.7609 45.854C22.9898 46.0286 22.9925 46.1822 22.9237 46.4018C22.9171 46.423 22.9118 46.4429 22.9078 46.464C22.8165 46.8743 22.7238 47.2859 22.6339 47.6961C22.6021 47.8443 22.614 47.8562 22.7715 47.8562C23.0163 47.8562 23.2611 47.8562 23.506 47.8562M23.4954 41.1361C24.2179 41.1361 24.9392 41.1334 25.6604 41.1374C25.7689 41.1374 25.8166 41.1096 25.8139 40.9932C25.8086 40.62 25.8139 40.2454 25.81 39.8723C25.806 39.5771 25.7517 39.29 25.634 39.0187C25.1602 37.9229 24.0406 37.3803 22.88 37.6807C22.0357 37.8991 21.329 38.668 21.2337 39.5374C21.1808 40.0139 21.2072 40.4982 21.1914 40.9786C21.1874 41.1056 21.235 41.1387 21.3568 41.1387C22.0701 41.1334 22.7834 41.1361 23.4967 41.1361M23.4967 50.6023C22.217 50.6023 20.9359 50.6023 19.6562 50.6023C18.6849 50.6023 17.9186 50.0041 17.699 49.0592C17.6619 48.903 17.654 48.735 17.654 48.5735C17.6513 46.7856 17.6566 44.9977 17.65 43.2112C17.6473 42.4899 17.9028 41.9037 18.4943 41.4815C18.8132 41.2539 19.1758 41.1427 19.5689 41.1374C19.7396 41.1348 19.7383 41.1321 19.7396 40.9627C19.7436 40.5035 19.7198 40.0403 19.7595 39.5851C19.9408 37.4822 21.7631 35.9683 23.862 36.1549C25.7584 36.3243 27.2578 37.96 27.2617 39.867C27.2617 40.2282 27.2617 40.5895 27.2617 40.9495C27.2617 41.1321 27.2617 41.1308 27.4457 41.1387C28.2159 41.1731 28.7796 41.5357 29.1436 42.212C29.3024 42.5071 29.3513 42.8274 29.3513 43.1595C29.3513 44.9779 29.3553 46.7949 29.3513 48.6132C29.3487 49.5965 28.732 50.3601 27.7845 50.5639C27.6429 50.5943 27.4946 50.6023 27.3491 50.6023C26.0641 50.6049 24.7804 50.6036 23.4954 50.6036" fill="black"></path></svg><p class="styled__StyledBodyText-sc-119w3hf-5 ggtTyf styled__DarkGreyBodyText-sc-9yzfq2-2 lmkdDf">Low Everyday Price</p></div></div></div></div></div></div></div></li><li class="product-list--list-item"><div class="styles__StyledVerticalTileWrapper-dvv1wj-0 dtCNPH"><div data-auto="product-tile" data-auto-type="Quantity" data-auto-available="true" data-auto-is-restricted-disabled="false" data-auto-is-substitute="false" class="styles__StyledVerticalTile-dvv1wj-1 gSCsYK"><div class="styles__StyledTileContentWrapper-dvv1wj-2 bkNhNP beans"><div id="tile-278340995" data-auto-id="278340995" class="styles__StyledTiledContent-dvv1wj-3 bcglTg"><a href="https://www.tesco.com/groceries/en-GB/products/278340995" aria-hidden="true" class="product-image-wrapper" tabindex="1"><div class="product-image__container"><picture><img class="styled__Image-sjvkdn-0 bJErKA product-image beans-responsive-image__image" src="data:image/gif;base64,R0lGODlhAQABAAAAACH5BAEKAAEALAAAAAABAAEAAAICTAEAOw==" srcset="https://digitalcontent.api.tesco.com/v2/media/ghs/3adc2e84-a1a2-405d-940a-a110385e04dc/81dcfac3-7296-4acc-ab53-42c45c6f40b4_501475996.jpeg?h=225&amp;w=225 768w, data:image/gif;base64,R0lGODlhAQABAAAAACH5BAEKAAEALAAAAAABAAEAAAICTAEAOw== 4000w" alt="Radox Feel Revived Shower Gel 250Ml"></picture></div></a><div class="product-details--wrapper"><h3 class="styles__H3-oa5soe-0 bCKNNq"><a href="https://www.tesco.com/groceries/en-GB/products/278340995" class="styled__Anchor-sc-1xbujuz-0 csVOnh beans-link__anchor" data-auto="product-tile--title"><span class="styled__Text-sc-1xbujuz-1 ldbwMG beans-link__text">Radox Feel Revived Shower Gel 250Ml</span></a></h3><div class="styles__StyledPromotionsAboveMobile-dvv1wj-7 iPTMuo"></div><div class="styles__StyledProductDetailsContent-dvv1wj-5 ddRSrq"><a href="https://www.tesco.com/groceries/en-GB/reviews/submission/278340995?from=%2Fshop%2Fhealth-and-beauty%2Fall" aria-label="Write a review for Radox Feel Revived Shower Gel 250Ml" class="styled__Anchor-sc-1xbujuz-0 jSzuDt write-a-review-link beans-link__anchor" data-auto="review-link"><span class="styled__Text-sc-1xbujuz-1 fyDIEo beans-link__text">Write a review</span><span class="styled__IconContainer-sc-1xbujuz-2 bSauSL beans-link__icon-container"><svg aria-hidden="true" class="styled__SVG-xxa4wh-1 hQMCqc beans-link__icon beans-icon__svg" height="13.33" preserveAspectRatio="xMinYMax meet" viewBox="-1 0 12 20" width="8" xmlns="http://www.w3.org/2000/svg" color="currentColor"><path d="M1.312 1.348L10.276 10l-8.964 8.644" fill="none" stroke="currentColor"></path></svg></span></a><div><a href="https://www.tesco.com/groceries/en-GB/shop/health-and-beauty/shower-bath-and-hand-hygiene/shower/shower-gel" class="styled__Anchor-sc-1xbujuz-0 jSzuDt rest-of-shelf-link beans-link__anchor" data-auto="rest-of-shelf-link"><span class="styled__Text-sc-1xbujuz-1 fyDIEo beans-link__text">Rest of <span class="visually-hidden">Shower Gel</span> shelf</span><span class="styled__IconContainer-sc-1xbujuz-2 bSauSL beans-link__icon-container"><svg aria-hidden="true" class="styled__SVG-xxa4wh-1 hQMCqc beans-link__icon beans-icon__svg" height="13.33" preserveAspectRatio="xMinYMax meet" viewBox="-1 0 12 20" width="8" xmlns="http://www.w3.org/2000/svg" color="currentColor"><path d="M1.312 1.348L10.276 10l-8.964 8.644" fill="none" stroke="currentColor"></path></svg></span></a></div><div class="product-info-message-section"><div class="product-info-message-list"><div class="styled__WhiteBackground-sc-9yzfq2-1 jthPIJ"><svg width="56" height="61" viewBox="0 0 56 61" fill="none" xmlns="http://www.w3.org/2000/svg"><path d="M30.8759 45.8182C40.0086 42.7996 46.6572 34.3312 46.9801 24.2629H47V23.502V22.7397H46.9801C46.5765 10.112 36.2237 0 23.4993 0C10.5209 0 0 10.5209 0 23.4993C0 33.8972 6.75323 42.7162 16.1109 45.8142L16.1294 42.8684C13.3741 41.8189 10.9007 40.1978 8.8508 38.1492C5.099 34.3961 2.78308 29.2256 2.78308 23.4993C2.78308 17.7744 5.10032 12.6039 8.8508 8.84947C12.6039 5.09768 17.7744 2.78175 23.5007 2.78175C29.2256 2.78175 34.3961 5.09768 38.1505 8.84947C41.9023 12.6026 44.2182 17.7731 44.2182 23.4993C44.2182 29.2256 41.901 34.3948 38.1505 38.1492C36.1033 40.1952 33.6338 41.815 30.8838 42.8644L30.8772 45.8182H30.8759Z" fill="#EE1C2E"></path><path d="M9.82217 16.0368C10.5434 14.6962 11.4566 13.472 12.5245 12.4041C15.3354 9.59453 19.2116 7.85825 23.4994 7.85825C27.7871 7.85825 31.6633 9.59453 34.4742 12.4041C35.5435 13.4734 36.4553 14.6962 37.1765 16.0368H38.6256C35.8995 10.4309 30.1507 6.56662 23.498 6.56662C16.8454 6.56662 11.0966 10.4309 8.37042 16.0368H9.81952H9.82217Z" fill="black"></path><path d="M38.2419 28.245C37.4743 30.5728 36.1694 32.6571 34.4742 34.3537C32.8385 35.9881 30.8428 37.2599 28.6142 38.038C28.605 38.0407 28.5825 38.0394 28.5878 38.0473C28.773 38.3278 28.7836 39.3429 28.7836 39.3429C33.9567 37.6318 38.0142 33.4763 39.593 28.245H38.2419Z" fill="black"></path><path d="M12.5245 34.3537C10.4322 32.2601 8.9355 29.5763 8.30822 26.5722H6.99409C8.14941 32.5791 12.4994 37.4491 18.2085 39.3416C18.2111 39.3416 18.2177 39.3482 18.2177 39.3442C18.2627 38.2286 18.3898 38.0394 18.3898 38.0394C18.3818 38.0367 18.3726 38.0341 18.3646 38.0301C16.144 37.2519 14.1536 35.9828 12.5232 34.3524L12.5245 34.3537Z" fill="black"></path><path d="M17.6645 15.8727H20.1062V16.8335H16.623V11.2289H17.6645V15.8727Z" fill="black"></path><path d="M20.527 13.6745C20.7031 13.3516 20.9532 13.0975 21.2761 12.9136C21.599 12.7296 21.9682 12.637 22.3851 12.637C22.8019 12.637 23.1712 12.7296 23.4941 12.9136C23.817 13.0975 24.0658 13.3516 24.2431 13.6745C24.4191 13.9974 24.5065 14.3614 24.5065 14.7676C24.5065 15.1739 24.4191 15.5379 24.2431 15.8608C24.0671 16.1837 23.817 16.4364 23.4941 16.6217C23.1712 16.8057 22.8019 16.897 22.3851 16.897C21.9682 16.897 21.599 16.8057 21.2761 16.6217C20.9532 16.4378 20.7031 16.1837 20.527 15.8608C20.351 15.5379 20.2637 15.1739 20.2637 14.7676C20.2637 14.3614 20.351 13.9974 20.527 13.6745ZM21.5805 15.6477C21.7856 15.8727 22.0542 15.9838 22.3851 15.9838C22.7159 15.9838 22.9846 15.8713 23.1897 15.6477C23.3948 15.424 23.498 15.1303 23.498 14.7676C23.498 14.405 23.3948 14.1112 23.1897 13.8876C22.9846 13.6639 22.7159 13.5515 22.3851 13.5515C22.0542 13.5515 21.7856 13.6639 21.5805 13.8876C21.3753 14.1112 21.2721 14.405 21.2721 14.7676C21.2721 15.1303 21.3753 15.424 21.5805 15.6477Z" fill="black"></path><path d="M29.1687 16.8334H28.208L27.5119 14.1271L26.8158 16.8334H25.855L24.566 12.7018H25.5347L26.3182 15.4082L27.0315 12.7018H27.9923L28.7056 15.4082L29.489 12.7018H30.4577L29.1687 16.8334Z" fill="black"></path><path d="M8.61654 18.931H5.58202V20.4026H8.01572V21.6042H5.58202V23.5377H8.71579V24.738H4.27981V17.7294H8.61654V18.931Z" fill="black"></path><path d="M8.73168 19.5715H9.9836L11.2051 23.0269L12.4266 19.5715H13.6785L11.7662 24.738H10.644L8.73168 19.5715Z" fill="black"></path><path d="M18.7126 22.5558H14.8973C14.9635 22.9369 15.121 23.2254 15.3684 23.4226C15.6159 23.6198 15.9163 23.7177 16.2697 23.7177C16.5635 23.7177 16.8083 23.6555 17.0055 23.5324C17.2027 23.4093 17.3906 23.2201 17.5719 22.966L18.6226 23.5377C18.3686 23.9519 18.047 24.2682 17.6566 24.4892C17.2662 24.7089 16.7805 24.8201 16.1995 24.8201C15.6517 24.8201 15.1832 24.6917 14.7928 24.435C14.4024 24.1782 14.1099 23.8461 13.9167 23.4385C13.7235 23.0322 13.6269 22.6047 13.6269 22.1574C13.6269 21.7101 13.7288 21.2827 13.9326 20.8764C14.1364 20.4688 14.4315 20.1366 14.8192 19.8799C15.207 19.6231 15.6636 19.4948 16.1916 19.4948C16.7196 19.4948 17.1828 19.6152 17.5626 19.8547C17.9438 20.0956 18.2296 20.4106 18.4241 20.801C18.6174 21.1914 18.714 21.6069 18.714 22.0476V22.5584L18.7126 22.5558ZM17.4409 21.5751C17.3945 21.2813 17.2582 21.0418 17.0346 20.8539C16.8109 20.6673 16.5291 20.5733 16.1889 20.5733C15.9018 20.5733 15.645 20.662 15.4174 20.838C15.1911 21.0153 15.0336 21.2602 14.9463 21.5738H17.4395L17.4409 21.5751Z" fill="black"></path><path d="M19.3849 19.5715H20.6263V20.3523C20.7732 20.0718 20.9809 19.8587 21.2469 19.7118C21.5142 19.5649 21.8107 19.4921 22.1376 19.4921C22.4644 19.4921 22.745 19.5689 22.9382 19.7224L22.5174 20.7732C22.344 20.6805 22.1601 20.6329 21.9668 20.6329C21.5791 20.6329 21.2588 20.7996 21.0061 21.1331C20.752 21.4666 20.6249 21.9814 20.6249 22.6749V24.738H19.3836V19.5715H19.3849Z" fill="black"></path><path d="M24.8518 24.4178L22.9792 19.5715H24.2312L25.4434 22.8562L26.5841 19.5715H27.8255L25.1827 26.7813H23.981L24.8518 24.4178Z" fill="black"></path><path d="M28.8074 24.4786C28.4607 24.251 28.1881 23.9347 27.9909 23.5271C27.7937 23.1195 27.6958 22.663 27.6958 22.1548C27.6958 21.6466 27.7911 21.1821 27.9816 20.7785C28.1722 20.3748 28.4369 20.0585 28.7783 19.8322C29.1184 19.6059 29.5088 19.4921 29.9495 19.4921C30.2962 19.4921 30.6006 19.5543 30.86 19.6774C31.1207 19.8005 31.3205 19.9765 31.4608 20.2028V17.65H32.7021V24.7393H31.4608V24.1187C31.3139 24.3251 31.1141 24.4945 30.86 24.6242C30.6059 24.7539 30.3055 24.8201 29.9588 24.8201C29.5379 24.8201 29.1541 24.7063 28.8074 24.48V24.4786ZM31.1763 23.2664C31.4198 22.9925 31.5415 22.6219 31.5415 22.1548C31.5415 21.6876 31.4198 21.3171 31.1763 21.0431C30.9328 20.7692 30.6271 20.6329 30.2605 20.6329C29.8939 20.6329 29.5882 20.7705 29.3447 21.0431C29.1012 21.3171 28.9795 21.6876 28.9795 22.1548C28.9795 22.6219 29.1012 22.9925 29.3447 23.2664C29.5882 23.5404 29.8939 23.6767 30.2605 23.6767C30.6271 23.6767 30.9328 23.5404 31.1763 23.2664Z" fill="black"></path><path d="M34.2624 24.6388C33.9951 24.5183 33.782 24.3437 33.6219 24.1134C33.4618 23.8831 33.3824 23.6079 33.3824 23.2876C33.3824 22.7807 33.5729 22.3718 33.9527 22.0608C34.3339 21.7511 34.8473 21.595 35.4945 21.595H36.6061V21.415C36.6061 21.1543 36.5161 20.9465 36.3361 20.789C36.1562 20.6329 35.9127 20.5535 35.6056 20.5535C35.3582 20.5535 35.1345 20.6183 34.9347 20.7493C34.7349 20.879 34.584 21.0312 34.4834 21.2046L33.5319 20.6342C33.7119 20.3073 33.9792 20.0347 34.3325 19.8177C34.6859 19.6006 35.1094 19.4921 35.6043 19.4921C36.3123 19.4921 36.8629 19.6615 37.2559 20.003C37.6503 20.3431 37.8461 20.834 37.8461 21.4746V24.7393H36.8245L36.6538 24.079C36.487 24.3066 36.2753 24.4866 36.0172 24.6189C35.7605 24.7526 35.4574 24.8187 35.1107 24.8187C34.8103 24.8187 34.5271 24.7592 34.2598 24.6388H34.2624ZM36.2607 23.457C36.491 23.2572 36.6061 23.0097 36.6061 22.7159V22.5756H35.6255C35.3383 22.5756 35.1094 22.6312 34.94 22.741C34.7693 22.8509 34.6846 23.0031 34.6846 23.1963C34.6846 23.3763 34.7468 23.5152 34.8698 23.6118C34.9929 23.7084 35.1755 23.7574 35.4151 23.7574C35.7486 23.7574 36.0304 23.6568 36.2607 23.457V23.457Z" fill="black"></path><path d="M39.7571 24.4178L37.8845 19.5715H39.1364L40.3473 22.8562L41.4894 19.5715H42.7308L40.088 26.7813H38.8863L39.7571 24.4178Z" fill="black"></path><path d="M13.652 33.1164H12.6185V27.5515H14.6618C15.7985 27.5515 16.4589 28.3072 16.4589 29.2772C16.4589 30.2473 15.7985 31.0029 14.6618 31.0029H13.652V33.1177V33.1164ZM15.4095 29.2759C15.4095 28.7505 15.076 28.5044 14.5824 28.5044H13.652V30.0461H14.5824C15.0747 30.0461 15.4095 29.8 15.4095 29.2746V29.2759Z" fill="black"></path><path d="M17.0981 29.0139H18.084V29.6345C18.3222 29.1899 18.7682 28.9503 19.2843 28.9503C19.5464 28.9503 19.7687 29.0139 19.9209 29.133L19.5874 29.968C19.4524 29.8966 19.3095 29.8569 19.1507 29.8569C18.5856 29.8569 18.0854 30.3015 18.0854 31.4793V33.1177H17.0994V29.0152L17.0981 29.0139Z" fill="black"></path><path d="M20.9703 27.312C21.3356 27.312 21.6069 27.5899 21.6069 27.9485C21.6069 28.3072 21.3369 28.5851 20.9703 28.5851C20.6038 28.5851 20.3338 28.3072 20.3338 27.9485C20.3338 27.5899 20.6038 27.312 20.9703 27.312ZM21.4626 33.1164H20.4767V29.0139H21.4626V33.1164Z" fill="black"></path><path d="M22.2355 31.0651C22.2355 29.8251 23.0785 28.9503 24.3026 28.9503C25.1774 28.9503 25.8205 29.2997 26.1553 30.0713L25.2568 30.4762C25.0583 30.0792 24.7565 29.8555 24.3026 29.8555C23.6899 29.8555 23.2373 30.3399 23.2373 31.0638C23.2373 31.7877 23.6899 32.272 24.3026 32.272C24.7552 32.272 25.0583 32.0497 25.2568 31.6514L26.1553 32.0563C25.8219 32.8279 25.1774 33.1772 24.3026 33.1772C23.0785 33.1772 22.2355 32.3025 22.2355 31.0625V31.0651Z" fill="black"></path><path d="M30.5874 31.3827H27.5581C27.6693 32.0113 28.1153 32.3051 28.6473 32.3051C29.1316 32.3051 29.4109 32.0907 29.6808 31.7083L30.5159 32.1609C30.1348 32.7736 29.5617 33.1786 28.5917 33.1786C27.2167 33.1786 26.5484 32.0894 26.5484 31.0638C26.5484 30.0382 27.2723 28.949 28.5838 28.949C29.8952 28.949 30.5874 29.9667 30.5874 30.9765V31.3814V31.3827ZM29.5776 30.6033C29.5062 30.1586 29.1409 29.8079 28.5838 29.8079C28.1391 29.8079 27.7408 30.0938 27.5978 30.6033H29.5776V30.6033Z" fill="black"></path><path d="M31.0294 32.2416L31.7374 31.6448C31.9677 32.0577 32.2866 32.3051 32.7551 32.3051C33.0965 32.3051 33.3281 32.1463 33.3281 31.8922C33.3281 31.6381 33.0105 31.4952 32.4613 31.343C31.785 31.1604 31.253 30.7713 31.253 30.1507C31.253 29.4665 31.8975 28.9503 32.7154 28.9503C33.4472 28.9503 33.876 29.3156 34.1142 29.7139L33.4776 30.2631C33.2553 29.9058 32.9602 29.7933 32.7061 29.7933C32.3726 29.7933 32.1728 29.9442 32.1728 30.1189C32.1728 30.365 32.3951 30.4762 33.0634 30.6522C33.7397 30.8269 34.2796 31.1855 34.2796 31.8922C34.2796 32.5989 33.7225 33.1799 32.6902 33.1799C31.9028 33.1799 31.3311 32.8464 31.0281 32.2416H31.0294Z" fill="black"></path><path d="M23.5046 47.8549H24.2007C24.3979 47.8549 24.4045 47.8443 24.3609 47.6498C24.2643 47.2263 24.1796 46.8015 24.0724 46.382C24.0155 46.161 24.0287 46.0207 24.2391 45.8579C24.7473 45.4675 24.7658 44.7013 24.3212 44.2315C23.8792 43.7643 23.1288 43.763 22.6855 44.2275C22.2395 44.696 22.2514 45.4636 22.7609 45.854C22.9898 46.0286 22.9925 46.1822 22.9237 46.4018C22.9171 46.423 22.9118 46.4429 22.9078 46.464C22.8165 46.8743 22.7238 47.2859 22.6339 47.6961C22.6021 47.8443 22.614 47.8562 22.7715 47.8562C23.0163 47.8562 23.2611 47.8562 23.506 47.8562M23.4954 41.1361C24.2179 41.1361 24.9392 41.1334 25.6604 41.1374C25.7689 41.1374 25.8166 41.1096 25.8139 40.9932C25.8086 40.62 25.8139 40.2454 25.81 39.8723C25.806 39.5771 25.7517 39.29 25.634 39.0187C25.1602 37.9229 24.0406 37.3803 22.88 37.6807C22.0357 37.8991 21.329 38.668 21.2337 39.5374C21.1808 40.0139 21.2072 40.4982 21.1914 40.9786C21.1874 41.1056 21.235 41.1387 21.3568 41.1387C22.0701 41.1334 22.7834 41.1361 23.4967 41.1361M23.4967 50.6023C22.217 50.6023 20.9359 50.6023 19.6562 50.6023C18.6849 50.6023 17.9186 50.0041 17.699 49.0592C17.6619 48.903 17.654 48.735 17.654 48.5735C17.6513 46.7856 17.6566 44.9977 17.65 43.2112C17.6473 42.4899 17.9028 41.9037 18.4943 41.4815C18.8132 41.2539 19.1758 41.1427 19.5689 41.1374C19.7396 41.1348 19.7383 41.1321 19.7396 40.9627C19.7436 40.5035 19.7198 40.0403 19.7595 39.5851C19.9408 37.4822 21.7631 35.9683 23.862 36.1549C25.7584 36.3243 27.2578 37.96 27.2617 39.867C27.2617 40.2282 27.2617 40.5895 27.2617 40.9495C27.2617 41.1321 27.2617 41.1308 27.4457 41.1387C28.2159 41.1731 28.7796 41.5357 29.1436 42.212C29.3024 42.5071 29.3513 42.8274 29.3513 43.1595C29.3513 44.9779 29.3553 46.7949 29.3513 48.6132C29.3487 49.5965 28.732 50.3601 27.7845 50.5639C27.6429 50.5943 27.4946 50.6023 27.3491 50.6023C26.0641 50.6049 24.7804 50.6036 23.4954 50.6036" fill="black"></path></svg><p class="styled__StyledBodyText-sc-119w3hf-5 ggtTyf styled__DarkGreyBodyText-sc-9yzfq2-2 lmkdDf">Low Everyday Price</p></div></div></div></div><div class="styles__StyledBuyBoxWrapper-dvv1wj-4 dSvjUC"><div class="styles__StyledBuyBoxContainer-sc-1wx0qp6-0 erryje" data-auto="buybox-container"><div class="styles__SafeFormWrapper-jtpu2t-0 lcrYKS"><form action="https://www.tesco.com/groceries/en-GB/trolley/items/278340995?_method=PUT" method="POST"><input type="submit" class="hidden"><input name="id" type="hidden" value="278340995"><input name="identifier" type="hidden" value="Page"><input name="anchorId" type="hidden" value="#tile-278340995"><input name="returnUrl" type="hidden" value="/groceries/en-GB/shop/health-and-beauty/all?redirectIfUnavailable=true#tile-278340995"><input name="backToUrl" type="hidden" value="#"><input name="oldValue" type="hidden" value="0"><input name="oldUnitChoice" type="hidden" value="pcs"><input name="newUnitChoice" type="hidden" value="pcs"><div class="base-components__RootElement-sc-1mosoyj-1 styled__Container-sc-6nhkzi-0 jptQqM hSNpTb beans-buybox__container"><div class="base-components__BaseElement-sc-1mosoyj-0 styled__PriceAndActions-sc-6nhkzi-3 oznwo eEPLov beans-buybox__price-and-actions"><div class="base-components__RootElement-sc-1mosoyj-1 styled__Container-sc-8qlq5b-0 jptQqM bgZrjw styled__StyledPrice-sc-6nhkzi-5 iYHeik beans-buybox__price beans-price__container"><p class="styled__StyledHeading-sc-119w3hf-2 jWPEtj styled__Text-sc-8qlq5b-1 lnaeiZ beans-price__text">£0.99</p><p class="styled__StyledFootnote-sc-119w3hf-7 icrlVF styled__Subtext-sc-8qlq5b-2 bNJmdc beans-price__subtext">£0.40/100ml</p></div><div class="base-components__RootElement-sc-1mosoyj-1 styled__Container-vtxwzb-0 jptQqM bDFhXJ beans-buybox__actions beans-quantity-controls__container"><div class="base-components__RootElement-sc-1mosoyj-1 styled__Container-sc-16t2b2a-0 jptQqM PUfgZ styled__StyledFormGroup-vtxwzb-1 kzKuAr beans-quantity-controls__form-group beans-form-group__container"><label class="styled__StyledLabel-sc-1ttuvhr-0 izGEjV beans-form-group__label beans-label" for="quantity-controls-278340995">Quantity controls </label><div class="base-components__BaseElement-sc-1mosoyj-0 styled__Children-sc-16t2b2a-3 oznwo gdJvjO beans-form-group__children"><div class="styled__StyledQuantityControlWrapper-vtxwzb-6 LCxOg"><label id="quantity-controls-278340995-label" class="styled__VisuallyHiddenLabel-vtxwzb-7 gXlLiM">Quantity of Radox Feel Revived Shower Gel 250Ml</label><div class="component__Wrapper-sc-1kpmik-3 dReplG input-wrapper"><input class="base-components__RootElement-sc-1mosoyj-1 styled__StyledInput-sc-1jd5f57-0 component__StyledAsInput-sc-1kpmik-4 jptQqM eJLlow styled__StyledInput-vtxwzb-3 lwMHo beans-quantity-controls__input beans-input" data-auto="beans-quantity-controls-input" autocomplete="off" id="quantity-controls-278340995" maxlength="2" name="newValue" type="number" aria-labelledby="quantity-controls-278340995-label" value="1"></div></div><button class="styled__BaseButton-rsekm1-0 styled__PrimaryButton-rsekm1-2 jChbeY geeWOF styled__StyledButton-vtxwzb-5 japAxb beans-quantity-controls__add-button beans-button__container" type="submit" data-auto="beans-quantity-controls-add-button" aria-label="Quantity of Radox Feel Revived Shower Gel 250Ml"><span class="base-components__BaseElement-sc-1mosoyj-0 styled__InnerContainer-rsekm1-1 oznwo fuFres beans-button__inner-container"><span class="base-components__BaseElement-sc-1mosoyj-0 styled__TextSpan-rsekm1-4 oznwo GDiMp beans-button__text">Add</span></span></button></div></div></div></div></div><input name="_csrf" type="hidden" value="0WbpBJF9-cS-fAMl-ByHnl5hECj1JaZiBQ20"></form></div></div></div></div><div class="hidden-medium product-info-section-small"><div class="product-info-message-list"><div class="styled__WhiteBackground-sc-9yzfq2-1 jthPIJ"><svg width="56" height="61" viewBox="0 0 56 61" fill="none" xmlns="http://www.w3.org/2000/svg"><path d="M30.8759 45.8182C40.0086 42.7996 46.6572 34.3312 46.9801 24.2629H47V23.502V22.7397H46.9801C46.5765 10.112 36.2237 0 23.4993 0C10.5209 0 0 10.5209 0 23.4993C0 33.8972 6.75323 42.7162 16.1109 45.8142L16.1294 42.8684C13.3741 41.8189 10.9007 40.1978 8.8508 38.1492C5.099 34.3961 2.78308 29.2256 2.78308 23.4993C2.78308 17.7744 5.10032 12.6039 8.8508 8.84947C12.6039 5.09768 17.7744 2.78175 23.5007 2.78175C29.2256 2.78175 34.3961 5.09768 38.1505 8.84947C41.9023 12.6026 44.2182 17.7731 44.2182 23.4993C44.2182 29.2256 41.901 34.3948 38.1505 38.1492C36.1033 40.1952 33.6338 41.815 30.8838 42.8644L30.8772 45.8182H30.8759Z" fill="#EE1C2E"></path><path d="M9.82217 16.0368C10.5434 14.6962 11.4566 13.472 12.5245 12.4041C15.3354 9.59453 19.2116 7.85825 23.4994 7.85825C27.7871 7.85825 31.6633 9.59453 34.4742 12.4041C35.5435 13.4734 36.4553 14.6962 37.1765 16.0368H38.6256C35.8995 10.4309 30.1507 6.56662 23.498 6.56662C16.8454 6.56662 11.0966 10.4309 8.37042 16.0368H9.81952H9.82217Z" fill="black"></path><path d="M38.2419 28.245C37.4743 30.5728 36.1694 32.6571 34.4742 34.3537C32.8385 35.9881 30.8428 37.2599 28.6142 38.038C28.605 38.0407 28.5825 38.0394 28.5878 38.0473C28.773 38.3278 28.7836 39.3429 28.7836 39.3429C33.9567 37.6318 38.0142 33.4763 39.593 28.245H38.2419Z" fill="black"></path><path d="M12.5245 34.3537C10.4322 32.2601 8.9355 29.5763 8.30822 26.5722H6.99409C8.14941 32.5791 12.4994 37.4491 18.2085 39.3416C18.2111 39.3416 18.2177 39.3482 18.2177 39.3442C18.2627 38.2286 18.3898 38.0394 18.3898 38.0394C18.3818 38.0367 18.3726 38.0341 18.3646 38.0301C16.144 37.2519 14.1536 35.9828 12.5232 34.3524L12.5245 34.3537Z" fill="black"></path><path d="M17.6645 15.8727H20.1062V16.8335H16.623V11.2289H17.6645V15.8727Z" fill="black"></path><path d="M20.527 13.6745C20.7031 13.3516 20.9532 13.0975 21.2761 12.9136C21.599 12.7296 21.9682 12.637 22.3851 12.637C22.8019 12.637 23.1712 12.7296 23.4941 12.9136C23.817 13.0975 24.0658 13.3516 24.2431 13.6745C24.4191 13.9974 24.5065 14.3614 24.5065 14.7676C24.5065 15.1739 24.4191 15.5379 24.2431 15.8608C24.0671 16.1837 23.817 16.4364 23.4941 16.6217C23.1712 16.8057 22.8019 16.897 22.3851 16.897C21.9682 16.897 21.599 16.8057 21.2761 16.6217C20.9532 16.4378 20.7031 16.1837 20.527 15.8608C20.351 15.5379 20.2637 15.1739 20.2637 14.7676C20.2637 14.3614 20.351 13.9974 20.527 13.6745ZM21.5805 15.6477C21.7856 15.8727 22.0542 15.9838 22.3851 15.9838C22.7159 15.9838 22.9846 15.8713 23.1897 15.6477C23.3948 15.424 23.498 15.1303 23.498 14.7676C23.498 14.405 23.3948 14.1112 23.1897 13.8876C22.9846 13.6639 22.7159 13.5515 22.3851 13.5515C22.0542 13.5515 21.7856 13.6639 21.5805 13.8876C21.3753 14.1112 21.2721 14.405 21.2721 14.7676C21.2721 15.1303 21.3753 15.424 21.5805 15.6477Z" fill="black"></path><path d="M29.1687 16.8334H28.208L27.5119 14.1271L26.8158 16.8334H25.855L24.566 12.7018H25.5347L26.3182 15.4082L27.0315 12.7018H27.9923L28.7056 15.4082L29.489 12.7018H30.4577L29.1687 16.8334Z" fill="black"></path><path d="M8.61654 18.931H5.58202V20.4026H8.01572V21.6042H5.58202V23.5377H8.71579V24.738H4.27981V17.7294H8.61654V18.931Z" fill="black"></path><path d="M8.73168 19.5715H9.9836L11.2051 23.0269L12.4266 19.5715H13.6785L11.7662 24.738H10.644L8.73168 19.5715Z" fill="black"></path><path d="M18.7126 22.5558H14.8973C14.9635 22.9369 15.121 23.2254 15.3684 23.4226C15.6159 23.6198 15.9163 23.7177 16.2697 23.7177C16.5635 23.7177 16.8083 23.6555 17.0055 23.5324C17.2027 23.4093 17.3906 23.2201 17.5719 22.966L18.6226 23.5377C18.3686 23.9519 18.047 24.2682 17.6566 24.4892C17.2662 24.7089 16.7805 24.8201 16.1995 24.8201C15.6517 24.8201 15.1832 24.6917 14.7928 24.435C14.4024 24.1782 14.1099 23.8461 13.9167 23.4385C13.7235 23.0322 13.6269 22.6047 13.6269 22.1574C13.6269 21.7101 13.7288 21.2827 13.9326 20.8764C14.1364 20.4688 14.4315 20.1366 14.8192 19.8799C15.207 19.6231 15.6636 19.4948 16.1916 19.4948C16.7196 19.4948 17.1828 19.6152 17.5626 19.8547C17.9438 20.0956 18.2296 20.4106 18.4241 20.801C18.6174 21.1914 18.714 21.6069 18.714 22.0476V22.5584L18.7126 22.5558ZM17.4409 21.5751C17.3945 21.2813 17.2582 21.0418 17.0346 20.8539C16.8109 20.6673 16.5291 20.5733 16.1889 20.5733C15.9018 20.5733 15.645 20.662 15.4174 20.838C15.1911 21.0153 15.0336 21.2602 14.9463 21.5738H17.4395L17.4409 21.5751Z" fill="black"></path><path d="M19.3849 19.5715H20.6263V20.3523C20.7732 20.0718 20.9809 19.8587 21.2469 19.7118C21.5142 19.5649 21.8107 19.4921 22.1376 19.4921C22.4644 19.4921 22.745 19.5689 22.9382 19.7224L22.5174 20.7732C22.344 20.6805 22.1601 20.6329 21.9668 20.6329C21.5791 20.6329 21.2588 20.7996 21.0061 21.1331C20.752 21.4666 20.6249 21.9814 20.6249 22.6749V24.738H19.3836V19.5715H19.3849Z" fill="black"></path><path d="M24.8518 24.4178L22.9792 19.5715H24.2312L25.4434 22.8562L26.5841 19.5715H27.8255L25.1827 26.7813H23.981L24.8518 24.4178Z" fill="black"></path><path d="M28.8074 24.4786C28.4607 24.251 28.1881 23.9347 27.9909 23.5271C27.7937 23.1195 27.6958 22.663 27.6958 22.1548C27.6958 21.6466 27.7911 21.1821 27.9816 20.7785C28.1722 20.3748 28.4369 20.0585 28.7783 19.8322C29.1184 19.6059 29.5088 19.4921 29.9495 19.4921C30.2962 19.4921 30.6006 19.5543 30.86 19.6774C31.1207 19.8005 31.3205 19.9765 31.4608 20.2028V17.65H32.7021V24.7393H31.4608V24.1187C31.3139 24.3251 31.1141 24.4945 30.86 24.6242C30.6059 24.7539 30.3055 24.8201 29.9588 24.8201C29.5379 24.8201 29.1541 24.7063 28.8074 24.48V24.4786ZM31.1763 23.2664C31.4198 22.9925 31.5415 22.6219 31.5415 22.1548C31.5415 21.6876 31.4198 21.3171 31.1763 21.0431C30.9328 20.7692 30.6271 20.6329 30.2605 20.6329C29.8939 20.6329 29.5882 20.7705 29.3447 21.0431C29.1012 21.3171 28.9795 21.6876 28.9795 22.1548C28.9795 22.6219 29.1012 22.9925 29.3447 23.2664C29.5882 23.5404 29.8939 23.6767 30.2605 23.6767C30.6271 23.6767 30.9328 23.5404 31.1763 23.2664Z" fill="black"></path><path d="M34.2624 24.6388C33.9951 24.5183 33.782 24.3437 33.6219 24.1134C33.4618 23.8831 33.3824 23.6079 33.3824 23.2876C33.3824 22.7807 33.5729 22.3718 33.9527 22.0608C34.3339 21.7511 34.8473 21.595 35.4945 21.595H36.6061V21.415C36.6061 21.1543 36.5161 20.9465 36.3361 20.789C36.1562 20.6329 35.9127 20.5535 35.6056 20.5535C35.3582 20.5535 35.1345 20.6183 34.9347 20.7493C34.7349 20.879 34.584 21.0312 34.4834 21.2046L33.5319 20.6342C33.7119 20.3073 33.9792 20.0347 34.3325 19.8177C34.6859 19.6006 35.1094 19.4921 35.6043 19.4921C36.3123 19.4921 36.8629 19.6615 37.2559 20.003C37.6503 20.3431 37.8461 20.834 37.8461 21.4746V24.7393H36.8245L36.6538 24.079C36.487 24.3066 36.2753 24.4866 36.0172 24.6189C35.7605 24.7526 35.4574 24.8187 35.1107 24.8187C34.8103 24.8187 34.5271 24.7592 34.2598 24.6388H34.2624ZM36.2607 23.457C36.491 23.2572 36.6061 23.0097 36.6061 22.7159V22.5756H35.6255C35.3383 22.5756 35.1094 22.6312 34.94 22.741C34.7693 22.8509 34.6846 23.0031 34.6846 23.1963C34.6846 23.3763 34.7468 23.5152 34.8698 23.6118C34.9929 23.7084 35.1755 23.7574 35.4151 23.7574C35.7486 23.7574 36.0304 23.6568 36.2607 23.457V23.457Z" fill="black"></path><path d="M39.7571 24.4178L37.8845 19.5715H39.1364L40.3473 22.8562L41.4894 19.5715H42.7308L40.088 26.7813H38.8863L39.7571 24.4178Z" fill="black"></path><path d="M13.652 33.1164H12.6185V27.5515H14.6618C15.7985 27.5515 16.4589 28.3072 16.4589 29.2772C16.4589 30.2473 15.7985 31.0029 14.6618 31.0029H13.652V33.1177V33.1164ZM15.4095 29.2759C15.4095 28.7505 15.076 28.5044 14.5824 28.5044H13.652V30.0461H14.5824C15.0747 30.0461 15.4095 29.8 15.4095 29.2746V29.2759Z" fill="black"></path><path d="M17.0981 29.0139H18.084V29.6345C18.3222 29.1899 18.7682 28.9503 19.2843 28.9503C19.5464 28.9503 19.7687 29.0139 19.9209 29.133L19.5874 29.968C19.4524 29.8966 19.3095 29.8569 19.1507 29.8569C18.5856 29.8569 18.0854 30.3015 18.0854 31.4793V33.1177H17.0994V29.0152L17.0981 29.0139Z" fill="black"></path><path d="M20.9703 27.312C21.3356 27.312 21.6069 27.5899 21.6069 27.9485C21.6069 28.3072 21.3369 28.5851 20.9703 28.5851C20.6038 28.5851 20.3338 28.3072 20.3338 27.9485C20.3338 27.5899 20.6038 27.312 20.9703 27.312ZM21.4626 33.1164H20.4767V29.0139H21.4626V33.1164Z" fill="black"></path><path d="M22.2355 31.0651C22.2355 29.8251 23.0785 28.9503 24.3026 28.9503C25.1774 28.9503 25.8205 29.2997 26.1553 30.0713L25.2568 30.4762C25.0583 30.0792 24.7565 29.8555 24.3026 29.8555C23.6899 29.8555 23.2373 30.3399 23.2373 31.0638C23.2373 31.7877 23.6899 32.272 24.3026 32.272C24.7552 32.272 25.0583 32.0497 25.2568 31.6514L26.1553 32.0563C25.8219 32.8279 25.1774 33.1772 24.3026 33.1772C23.0785 33.1772 22.2355 32.3025 22.2355 31.0625V31.0651Z" fill="black"></path><path d="M30.5874 31.3827H27.5581C27.6693 32.0113 28.1153 32.3051 28.6473 32.3051C29.1316 32.3051 29.4109 32.0907 29.6808 31.7083L30.5159 32.1609C30.1348 32.7736 29.5617 33.1786 28.5917 33.1786C27.2167 33.1786 26.5484 32.0894 26.5484 31.0638C26.5484 30.0382 27.2723 28.949 28.5838 28.949C29.8952 28.949 30.5874 29.9667 30.5874 30.9765V31.3814V31.3827ZM29.5776 30.6033C29.5062 30.1586 29.1409 29.8079 28.5838 29.8079C28.1391 29.8079 27.7408 30.0938 27.5978 30.6033H29.5776V30.6033Z" fill="black"></path><path d="M31.0294 32.2416L31.7374 31.6448C31.9677 32.0577 32.2866 32.3051 32.7551 32.3051C33.0965 32.3051 33.3281 32.1463 33.3281 31.8922C33.3281 31.6381 33.0105 31.4952 32.4613 31.343C31.785 31.1604 31.253 30.7713 31.253 30.1507C31.253 29.4665 31.8975 28.9503 32.7154 28.9503C33.4472 28.9503 33.876 29.3156 34.1142 29.7139L33.4776 30.2631C33.2553 29.9058 32.9602 29.7933 32.7061 29.7933C32.3726 29.7933 32.1728 29.9442 32.1728 30.1189C32.1728 30.365 32.3951 30.4762 33.0634 30.6522C33.7397 30.8269 34.2796 31.1855 34.2796 31.8922C34.2796 32.5989 33.7225 33.1799 32.6902 33.1799C31.9028 33.1799 31.3311 32.8464 31.0281 32.2416H31.0294Z" fill="black"></path><path d="M23.5046 47.8549H24.2007C24.3979 47.8549 24.4045 47.8443 24.3609 47.6498C24.2643 47.2263 24.1796 46.8015 24.0724 46.382C24.0155 46.161 24.0287 46.0207 24.2391 45.8579C24.7473 45.4675 24.7658 44.7013 24.3212 44.2315C23.8792 43.7643 23.1288 43.763 22.6855 44.2275C22.2395 44.696 22.2514 45.4636 22.7609 45.854C22.9898 46.0286 22.9925 46.1822 22.9237 46.4018C22.9171 46.423 22.9118 46.4429 22.9078 46.464C22.8165 46.8743 22.7238 47.2859 22.6339 47.6961C22.6021 47.8443 22.614 47.8562 22.7715 47.8562C23.0163 47.8562 23.2611 47.8562 23.506 47.8562M23.4954 41.1361C24.2179 41.1361 24.9392 41.1334 25.6604 41.1374C25.7689 41.1374 25.8166 41.1096 25.8139 40.9932C25.8086 40.62 25.8139 40.2454 25.81 39.8723C25.806 39.5771 25.7517 39.29 25.634 39.0187C25.1602 37.9229 24.0406 37.3803 22.88 37.6807C22.0357 37.8991 21.329 38.668 21.2337 39.5374C21.1808 40.0139 21.2072 40.4982 21.1914 40.9786C21.1874 41.1056 21.235 41.1387 21.3568 41.1387C22.0701 41.1334 22.7834 41.1361 23.4967 41.1361M23.4967 50.6023C22.217 50.6023 20.9359 50.6023 19.6562 50.6023C18.6849 50.6023 17.9186 50.0041 17.699 49.0592C17.6619 48.903 17.654 48.735 17.654 48.5735C17.6513 46.7856 17.6566 44.9977 17.65 43.2112C17.6473 42.4899 17.9028 41.9037 18.4943 41.4815C18.8132 41.2539 19.1758 41.1427 19.5689 41.1374C19.7396 41.1348 19.7383 41.1321 19.7396 40.9627C19.7436 40.5035 19.7198 40.0403 19.7595 39.5851C19.9408 37.4822 21.7631 35.9683 23.862 36.1549C25.7584 36.3243 27.2578 37.96 27.2617 39.867C27.2617 40.2282 27.2617 40.5895 27.2617 40.9495C27.2617 41.1321 27.2617 41.1308 27.4457 41.1387C28.2159 41.1731 28.7796 41.5357 29.1436 42.212C29.3024 42.5071 29.3513 42.8274 29.3513 43.1595C29.3513 44.9779 29.3553 46.7949 29.3513 48.6132C29.3487 49.5965 28.732 50.3601 27.7845 50.5639C27.6429 50.5943 27.4946 50.6023 27.3491 50.6023C26.0641 50.6049 24.7804 50.6036 23.4954 50.6036" fill="black"></path></svg><p class="styled__StyledBodyText-sc-119w3hf-5 ggtTyf styled__DarkGreyBodyText-sc-9yzfq2-2 lmkdDf">Low Everyday Price</p></div></div></div></div></div></div></div></li><li class="product-list--list-item"><div class="styles__StyledVerticalTileWrapper-dvv1wj-0 dtCNPH"><div data-auto="product-tile" data-auto-type="Quantity" data-auto-available="true" data-auto-is-restricted-disabled="false" data-auto-is-substitute="false" class="styles__StyledVerticalTile-dvv1wj-1 gSCsYK"><div class="styles__StyledTileContentWrapper-dvv1wj-2 bkNhNP beans"><div id="tile-254434587" data-auto-id="254434587" class="styles__StyledTiledContent-dvv1wj-3 bcglTg"><a href="https://www.tesco.com/groceries/en-GB/products/254434587" aria-hidden="true" class="product-image-wrapper" tabindex="1"><div class="product-image__container"><picture><img class="styled__Image-sjvkdn-0 bJErKA product-image beans-responsive-image__image" src="data:image/gif;base64,R0lGODlhAQABAAAAACH5BAEKAAEALAAAAAABAAEAAAICTAEAOw==" srcset="https://digitalcontent.api.tesco.com/v2/media/ghs/5cfff0d7-965d-4c00-b0fc-c4aeac0fc72a/dc32b74c-fdae-4a4b-bae4-75919911b44d_1511913563.jpeg?h=225&amp;w=225 768w, data:image/gif;base64,R0lGODlhAQABAAAAACH5BAEKAAEALAAAAAABAAEAAAICTAEAOw== 4000w" alt="Tesco Ibuprofen 200Mg 16 Tablets"></picture></div></a><div class="product-details--wrapper"><h3 class="styles__H3-oa5soe-0 bCKNNq"><a href="https://www.tesco.com/groceries/en-GB/products/254434587" class="styled__Anchor-sc-1xbujuz-0 csVOnh beans-link__anchor" data-auto="product-tile--title"><span class="styled__Text-sc-1xbujuz-1 ldbwMG beans-link__text">Tesco Ibuprofen 200Mg 16 Tablets</span></a></h3><div class="styles__StyledPromotionsAboveMobile-dvv1wj-7 iPTMuo"></div><div class="styles__StyledProductDetailsContent-dvv1wj-5 ddRSrq"><a href="https://www.tesco.com/groceries/en-GB/reviews/submission/254434587?from=%2Fshop%2Fhealth-and-beauty%2Fall" aria-label="Write a review for Tesco Ibuprofen 200Mg 16 Tablets" class="styled__Anchor-sc-1xbujuz-0 jSzuDt write-a-review-link beans-link__anchor" data-auto="review-link"><span class="styled__Text-sc-1xbujuz-1 fyDIEo beans-link__text">Write a review</span><span class="styled__IconContainer-sc-1xbujuz-2 bSauSL beans-link__icon-container"><svg aria-hidden="true" class="styled__SVG-xxa4wh-1 hQMCqc beans-link__icon beans-icon__svg" height="13.33" preserveAspectRatio="xMinYMax meet" viewBox="-1 0 12 20" width="8" xmlns="http://www.w3.org/2000/svg" color="currentColor"><path d="M1.312 1.348L10.276 10l-8.964 8.644" fill="none" stroke="currentColor"></path></svg></span></a><div><a href="https://www.tesco.com/groceries/en-GB/shop/health-and-beauty/medicine/pain-relief-and-pain-killers/ibuprofen" class="styled__Anchor-sc-1xbujuz-0 jSzuDt rest-of-shelf-link beans-link__anchor" data-auto="rest-of-shelf-link"><span class="styled__Text-sc-1xbujuz-1 fyDIEo beans-link__text">Rest of <span class="visually-hidden">Ibuprofen</span> shelf</span><span class="styled__IconContainer-sc-1xbujuz-2 bSauSL beans-link__icon-container"><svg aria-hidden="true" class="styled__SVG-xxa4wh-1 hQMCqc beans-link__icon beans-icon__svg" height="13.33" preserveAspectRatio="xMinYMax meet" viewBox="-1 0 12 20" width="8" xmlns="http://www.w3.org/2000/svg" color="currentColor"><path d="M1.312 1.348L10.276 10l-8.964 8.644" fill="none" stroke="currentColor"></path></svg></span></a></div><div class="product-info-message-section"><div class="product-info-message-list"><div class="styled__WhiteBackground-sc-9yzfq2-1 jthPIJ"><svg width="56" height="56" viewBox="0 0 56 56" fill="none" xmlns="http://www.w3.org/2000/svg"><path d="M52.1301 27.8766C52.1301 14.5534 41.3293 3.75308 28.0066 3.75308C14.6834 3.75308 3.88306 14.5534 3.88306 27.8766C3.88306 41.1998 14.6834 52.0002 28.0066 52.0002C41.3293 52.0002 52.1301 41.1998 52.1301 27.8766Z" fill="#EE1C2E"></path><path d="M19.6853 36.5687L31.8169 48.6998L52.6633 27.8998L51.9894 23.0423L31.886 43.1452L22.5438 33.803L19.6853 36.5687Z" fill="white"></path><path d="M24.2699 12.0048L23.5594 9.93467L22.8484 12.0048H24.2699ZM24.6345 13.0711H22.4844L21.9776 14.5375H20.7515L22.9815 8.31722H24.1369L26.3669 14.5375H25.1408L24.6345 13.0711Z" fill="white"></path><path d="M27.8359 14.5375H26.734V8.24609H27.8359V14.5375Z" fill="white"></path><path d="M31.5684 13.2309C31.7849 12.9886 31.8927 12.6597 31.8927 12.2446C31.8927 11.8306 31.7849 11.5016 31.5684 11.2588C31.3524 11.0159 31.0811 10.8942 30.7558 10.8942C30.4299 10.8942 30.1587 11.0159 29.9427 11.2588C29.7267 11.5016 29.6184 11.8306 29.6184 12.2446C29.6184 12.6597 29.7267 12.9886 29.9427 13.2309C30.1587 13.4738 30.4299 13.5955 30.7558 13.5955C31.0811 13.5955 31.3524 13.4738 31.5684 13.2309ZM29.4673 14.3065C29.159 14.1049 28.9177 13.8234 28.7429 13.4619C28.5681 13.101 28.481 12.6952 28.481 12.2446C28.481 11.7888 28.5655 11.3815 28.7341 11.0231C28.9032 10.6648 29.1384 10.3848 29.4405 10.1837C29.7426 9.98212 30.0891 9.88158 30.48 9.88158C30.7883 9.88158 31.0579 9.93624 31.2889 10.0455C31.5199 10.1554 31.6978 10.3106 31.8221 10.5122V8.24609H32.9239V14.5375H31.8221V13.9863C31.6916 14.1704 31.5137 14.3194 31.2889 14.4349C31.0636 14.5504 30.797 14.6086 30.4892 14.6086C30.1159 14.6086 29.7751 14.5076 29.4673 14.3065Z" fill="white"></path><path d="M34.9657 14.5375H33.8638V9.95224H34.9657V14.5375ZM33.9082 8.34408C34.0443 8.20796 34.2129 8.1399 34.4145 8.1399C34.6161 8.1399 34.7847 8.20796 34.9208 8.34408C35.0574 8.48071 35.1255 8.64931 35.1255 8.8504C35.1255 9.052 35.0574 9.22112 34.9208 9.35724C34.7847 9.49336 34.6161 9.56142 34.4145 9.56142C34.2129 9.56142 34.0443 9.49336 33.9082 9.35724C33.7715 9.22112 33.704 9.052 33.704 8.8504C33.704 8.64931 33.7715 8.48071 33.9082 8.34408Z" fill="white"></path><path d="M19.6791 19.3347C19.8894 19.1506 19.9946 18.8779 19.9946 18.5169C19.9946 18.1565 19.8894 17.8838 19.6791 17.6997C19.4682 17.5156 19.183 17.4233 18.8221 17.4233H17.5027V19.6111H18.8221C19.183 19.6111 19.4682 19.5188 19.6791 19.3347ZM17.5027 23.9628H16.0374V16.0704H18.9345C19.461 16.0704 19.9157 16.1776 20.2988 16.3921C20.6824 16.6061 20.9753 16.8995 21.1784 17.2712C21.3816 17.6435 21.4826 18.0586 21.4826 18.5169C21.4826 18.9758 21.3816 19.3909 21.1784 19.7632C20.9753 20.1354 20.6824 20.4283 20.2988 20.6423C19.9157 20.8568 19.461 20.9635 18.9345 20.9635H17.5027V23.9628Z" fill="white"></path><path d="M22.0396 18.1451H23.4379V19.0248C23.6029 18.7087 23.8359 18.4684 24.1365 18.3029C24.4376 18.1374 24.7717 18.0549 25.1404 18.0549C25.5235 18.0549 25.8241 18.1415 26.0422 18.3143L25.5689 19.4981C25.3729 19.3929 25.1662 19.3403 24.9486 19.3403C24.5124 19.3403 24.152 19.528 23.8663 19.9039C23.5802 20.2797 23.4379 20.8582 23.4379 21.6404V23.9627H22.0396V18.1451Z" fill="white"></path><path d="M27.8879 23.9627H26.4896V18.1451H27.8879V23.9627ZM26.5458 16.1044C26.7191 15.9316 26.933 15.845 27.1888 15.845C27.444 15.845 27.658 15.9316 27.8312 16.1044C28.0039 16.2771 28.0906 16.4916 28.0906 16.7468C28.0906 17.0026 28.0039 17.217 27.8312 17.3898C27.658 17.5625 27.444 17.6491 27.1888 17.6491C26.933 17.6491 26.7191 17.5625 26.5458 17.3898C26.3731 17.217 26.287 17.0026 26.287 16.7468C26.287 16.4916 26.3731 16.2771 26.5458 16.1044Z" fill="white"></path><path d="M30.0603 23.6693C29.6168 23.4141 29.2714 23.0588 29.0234 22.6041C28.7754 22.1493 28.6511 21.6327 28.6511 21.0537C28.6511 20.4752 28.7754 19.9585 29.0234 19.5038C29.2714 19.049 29.6168 18.6937 30.0603 18.438C30.5037 18.1828 31.011 18.0549 31.5823 18.0549C32.8749 18.0549 33.751 18.585 34.2093 19.6445L32.9353 20.2199C32.6424 19.6332 32.1913 19.3403 31.5823 19.3403C31.1466 19.3403 30.7857 19.4981 30.5001 19.8136C30.2144 20.1297 30.0716 20.5427 30.0716 21.0537C30.0716 21.5651 30.2144 21.9787 30.5001 22.2942C30.7857 22.6097 31.1466 22.7675 31.5823 22.7675C32.1913 22.7675 32.6424 22.4747 32.9353 21.8884L34.2093 22.4633C33.751 23.5229 32.8749 24.0529 31.5823 24.0529C31.011 24.0529 30.5037 23.9251 30.0603 23.6693Z" fill="white"></path><path d="M38.727 20.3999C38.6744 20.0694 38.5223 19.7987 38.2707 19.5883C38.0186 19.3779 37.7015 19.2728 37.3179 19.2728C36.9946 19.2728 36.7048 19.3723 36.4496 19.5713C36.1939 19.7708 36.0175 20.0467 35.9196 20.3999H38.727ZM40.1588 21.5048H35.8633C35.9381 21.9333 36.115 22.2586 36.3934 22.4803C36.6713 22.702 37.0095 22.8129 37.4081 22.8129C37.7386 22.8129 38.015 22.7433 38.2367 22.6041C38.4584 22.4649 38.6708 22.253 38.874 21.9673L40.0573 22.6097C39.7716 23.0759 39.4092 23.4327 38.9693 23.6812C38.5295 23.9287 37.983 24.0529 37.3292 24.0529C36.7125 24.0529 36.1846 23.9086 35.7453 23.6188C35.3055 23.3295 34.9765 22.9557 34.7584 22.4968C34.5403 22.0385 34.4315 21.5574 34.4315 21.0537C34.4315 20.5504 34.546 20.0694 34.7754 19.611C35.0044 19.1526 35.3374 18.7783 35.7731 18.4891C36.2088 18.1998 36.7239 18.0549 37.3179 18.0549C37.9191 18.0549 38.4341 18.19 38.8626 18.4607C39.2911 18.7314 39.6139 19.0866 39.832 19.5264C40.0501 19.9657 40.1588 20.4339 40.1588 20.9299V21.5048Z" fill="white"></path><path d="M16.3879 25.558H17.7399L19.2454 29.4977L20.751 25.558H22.1029V31.8684H20.9309V28.0282L19.6873 31.2915H18.8035L17.5599 28.0282V31.8684H16.3879V25.558Z" fill="white"></path><path d="M25.4058 30.7146C25.6131 30.5341 25.7167 30.3119 25.7167 30.0474V29.9216H24.8335C24.5746 29.9216 24.3689 29.971 24.2158 30.07C24.0626 30.169 23.9858 30.3057 23.9858 30.48C23.9858 30.6424 24.0415 30.7671 24.1529 30.8543C24.2637 30.9414 24.4277 30.9847 24.6437 30.9847C24.9443 30.9847 25.1985 30.8945 25.4058 30.7146ZM23.6074 31.7782C23.3671 31.67 23.1748 31.5122 23.0304 31.3049C22.886 31.0976 22.8138 30.8496 22.8138 30.5609C22.8138 30.1046 22.9855 29.7364 23.3279 29.457C23.6703 29.1775 24.1333 29.0378 24.7159 29.0378H25.7167V28.8754C25.7167 28.6413 25.6357 28.4531 25.4733 28.3118C25.3109 28.1711 25.0918 28.1004 24.8154 28.1004C24.5927 28.1004 24.3916 28.1592 24.2111 28.2763C24.0312 28.3933 23.8956 28.5299 23.8059 28.6862L22.9494 28.1726C23.1113 27.8782 23.3516 27.6333 23.6703 27.4379C23.9889 27.2425 24.3705 27.145 24.8154 27.145C25.4522 27.145 25.9482 27.2982 26.3024 27.6044C26.6572 27.9112 26.8345 28.3526 26.8345 28.9295V31.8685H25.9152L25.7621 31.2735C25.6115 31.4776 25.4207 31.6401 25.1892 31.7602C24.9582 31.8803 24.686 31.9401 24.3735 31.9401C24.1029 31.9401 23.8476 31.8865 23.6074 31.7782Z" fill="white"></path><path d="M27.8214 30.3V28.1726H27.1182V27.2167H27.8214V26.4417L28.9393 25.7384V27.2167H30.1381V28.1726H28.9393V30.2458C28.9393 30.6903 29.1166 30.9125 29.4709 30.9125C29.6333 30.9125 29.7895 30.8496 29.9395 30.7233L30.4443 31.5797C30.2881 31.706 30.1169 31.7978 29.9308 31.855C29.7446 31.9117 29.5549 31.9401 29.3626 31.9401C28.3355 31.9401 27.8214 31.3936 27.8214 30.3Z" fill="white"></path><path d="M31.5487 31.6339C31.194 31.4297 30.9176 31.1456 30.7196 30.7821C30.5211 30.4186 30.4221 30.0056 30.4221 29.5426C30.4221 29.0801 30.5211 28.6666 30.7196 28.3031C30.9176 27.9396 31.194 27.6555 31.5487 27.4513C31.9034 27.2471 32.3087 27.145 32.7655 27.145C33.7993 27.145 34.4995 27.5683 34.8661 28.416L33.8473 28.8754C33.6132 28.4067 33.2528 28.1726 32.7655 28.1726C32.417 28.1726 32.1288 28.2989 31.9004 28.5511C31.6719 28.8037 31.558 29.1342 31.558 29.5426C31.558 29.9509 31.6719 30.282 31.9004 30.5341C32.1288 30.7867 32.417 30.9125 32.7655 30.9125C33.2528 30.9125 33.6132 30.6785 33.8473 30.2098L34.8661 30.6697C34.4995 31.5168 33.7993 31.9401 32.7655 31.9401C32.3087 31.9401 31.9034 31.8386 31.5487 31.6339Z" fill="white"></path><path d="M35.3998 25.4863H36.5176V27.9473C36.662 27.707 36.8615 27.5132 37.1167 27.3657C37.3725 27.2188 37.6592 27.145 37.9778 27.145C38.4702 27.145 38.8579 27.2909 39.1405 27.5823C39.423 27.8736 39.5643 28.2804 39.5643 28.8037V31.8685H38.4465V29.0285C38.4465 28.7522 38.3758 28.5408 38.2346 28.3933C38.0933 28.2458 37.8907 28.1726 37.6262 28.1726C37.3199 28.1726 37.0585 28.3093 36.8419 28.5825C36.6254 28.8558 36.5176 29.275 36.5176 29.8401V31.8685H35.3998V25.4863Z" fill="white"></path></svg><p class="styled__StyledBodyText-sc-119w3hf-5 ggtTyf styled__DarkGreyBodyText-jk5kya-0 iwRWTH">Aldi Price Match</p></div></div></div></div><div class="styles__StyledBuyBoxWrapper-dvv1wj-4 dSvjUC"><div class="styles__StyledBuyBoxContainer-sc-1wx0qp6-0 erryje" data-auto="buybox-container"><div class="styles__SafeFormWrapper-jtpu2t-0 lcrYKS"><form action="https://www.tesco.com/groceries/en-GB/trolley/items/254434587?_method=PUT" method="POST"><input type="submit" class="hidden"><input name="id" type="hidden" value="254434587"><input name="identifier" type="hidden" value="Page"><input name="anchorId" type="hidden" value="#tile-254434587"><input name="returnUrl" type="hidden" value="/groceries/en-GB/shop/health-and-beauty/all?redirectIfUnavailable=true#tile-254434587"><input name="backToUrl" type="hidden" value="#"><input name="oldValue" type="hidden" value="0"><input name="oldUnitChoice" type="hidden" value="pcs"><input name="newUnitChoice" type="hidden" value="pcs"><div class="base-components__RootElement-sc-1mosoyj-1 styled__Container-sc-6nhkzi-0 jptQqM hSNpTb beans-buybox__container"><div class="base-components__BaseElement-sc-1mosoyj-0 styled__PriceAndActions-sc-6nhkzi-3 oznwo eEPLov beans-buybox__price-and-actions"><div class="base-components__RootElement-sc-1mosoyj-1 styled__Container-sc-8qlq5b-0 jptQqM bgZrjw styled__StyledPrice-sc-6nhkzi-5 iYHeik beans-buybox__price beans-price__container"><p class="styled__StyledHeading-sc-119w3hf-2 jWPEtj styled__Text-sc-8qlq5b-1 lnaeiZ beans-price__text">£0.39</p><p class="styled__StyledFootnote-sc-119w3hf-7 icrlVF styled__Subtext-sc-8qlq5b-2 bNJmdc beans-price__subtext">£0.02/each</p></div><div class="base-components__RootElement-sc-1mosoyj-1 styled__Container-vtxwzb-0 jptQqM bDFhXJ beans-buybox__actions beans-quantity-controls__container"><div class="base-components__RootElement-sc-1mosoyj-1 styled__Container-sc-16t2b2a-0 jptQqM PUfgZ styled__StyledFormGroup-vtxwzb-1 kzKuAr beans-quantity-controls__form-group beans-form-group__container"><label class="styled__StyledLabel-sc-1ttuvhr-0 izGEjV beans-form-group__label beans-label" for="quantity-controls-254434587">Quantity controls </label><div class="base-components__BaseElement-sc-1mosoyj-0 styled__Children-sc-16t2b2a-3 oznwo gdJvjO beans-form-group__children"><div class="styled__StyledQuantityControlWrapper-vtxwzb-6 LCxOg"><label id="quantity-controls-254434587-label" class="styled__VisuallyHiddenLabel-vtxwzb-7 gXlLiM">Quantity of Tesco Ibuprofen 200Mg 16 Tablets</label><div class="component__Wrapper-sc-1kpmik-3 dReplG input-wrapper"><input class="base-components__RootElement-sc-1mosoyj-1 styled__StyledInput-sc-1jd5f57-0 component__StyledAsInput-sc-1kpmik-4 jptQqM eJLlow styled__StyledInput-vtxwzb-3 lwMHo beans-quantity-controls__input beans-input" data-auto="beans-quantity-controls-input" autocomplete="off" id="quantity-controls-254434587" maxlength="2" name="newValue" type="number" aria-labelledby="quantity-controls-254434587-label" value="1"></div></div><button class="styled__BaseButton-rsekm1-0 styled__PrimaryButton-rsekm1-2 jChbeY geeWOF styled__StyledButton-vtxwzb-5 japAxb beans-quantity-controls__add-button beans-button__container" type="submit" data-auto="beans-quantity-controls-add-button" aria-label="Quantity of Tesco Ibuprofen 200Mg 16 Tablets"><span class="base-components__BaseElement-sc-1mosoyj-0 styled__InnerContainer-rsekm1-1 oznwo fuFres beans-button__inner-container"><span class="base-components__BaseElement-sc-1mosoyj-0 styled__TextSpan-rsekm1-4 oznwo GDiMp beans-button__text">Add</span></span></button></div></div></div></div></div><input name="_csrf" type="hidden" value="0WbpBJF9-cS-fAMl-ByHnl5hECj1JaZiBQ20"></form></div></div></div></div><div class="hidden-medium product-info-section-small"><div class="product-info-message-list"><div class="styled__WhiteBackground-sc-9yzfq2-1 jthPIJ"><svg width="56" height="56" viewBox="0 0 56 56" fill="none" xmlns="http://www.w3.org/2000/svg"><path d="M52.1301 27.8766C52.1301 14.5534 41.3293 3.75308 28.0066 3.75308C14.6834 3.75308 3.88306 14.5534 3.88306 27.8766C3.88306 41.1998 14.6834 52.0002 28.0066 52.0002C41.3293 52.0002 52.1301 41.1998 52.1301 27.8766Z" fill="#EE1C2E"></path><path d="M19.6853 36.5687L31.8169 48.6998L52.6633 27.8998L51.9894 23.0423L31.886 43.1452L22.5438 33.803L19.6853 36.5687Z" fill="white"></path><path d="M24.2699 12.0048L23.5594 9.93467L22.8484 12.0048H24.2699ZM24.6345 13.0711H22.4844L21.9776 14.5375H20.7515L22.9815 8.31722H24.1369L26.3669 14.5375H25.1408L24.6345 13.0711Z" fill="white"></path><path d="M27.8359 14.5375H26.734V8.24609H27.8359V14.5375Z" fill="white"></path><path d="M31.5684 13.2309C31.7849 12.9886 31.8927 12.6597 31.8927 12.2446C31.8927 11.8306 31.7849 11.5016 31.5684 11.2588C31.3524 11.0159 31.0811 10.8942 30.7558 10.8942C30.4299 10.8942 30.1587 11.0159 29.9427 11.2588C29.7267 11.5016 29.6184 11.8306 29.6184 12.2446C29.6184 12.6597 29.7267 12.9886 29.9427 13.2309C30.1587 13.4738 30.4299 13.5955 30.7558 13.5955C31.0811 13.5955 31.3524 13.4738 31.5684 13.2309ZM29.4673 14.3065C29.159 14.1049 28.9177 13.8234 28.7429 13.4619C28.5681 13.101 28.481 12.6952 28.481 12.2446C28.481 11.7888 28.5655 11.3815 28.7341 11.0231C28.9032 10.6648 29.1384 10.3848 29.4405 10.1837C29.7426 9.98212 30.0891 9.88158 30.48 9.88158C30.7883 9.88158 31.0579 9.93624 31.2889 10.0455C31.5199 10.1554 31.6978 10.3106 31.8221 10.5122V8.24609H32.9239V14.5375H31.8221V13.9863C31.6916 14.1704 31.5137 14.3194 31.2889 14.4349C31.0636 14.5504 30.797 14.6086 30.4892 14.6086C30.1159 14.6086 29.7751 14.5076 29.4673 14.3065Z" fill="white"></path><path d="M34.9657 14.5375H33.8638V9.95224H34.9657V14.5375ZM33.9082 8.34408C34.0443 8.20796 34.2129 8.1399 34.4145 8.1399C34.6161 8.1399 34.7847 8.20796 34.9208 8.34408C35.0574 8.48071 35.1255 8.64931 35.1255 8.8504C35.1255 9.052 35.0574 9.22112 34.9208 9.35724C34.7847 9.49336 34.6161 9.56142 34.4145 9.56142C34.2129 9.56142 34.0443 9.49336 33.9082 9.35724C33.7715 9.22112 33.704 9.052 33.704 8.8504C33.704 8.64931 33.7715 8.48071 33.9082 8.34408Z" fill="white"></path><path d="M19.6791 19.3347C19.8894 19.1506 19.9946 18.8779 19.9946 18.5169C19.9946 18.1565 19.8894 17.8838 19.6791 17.6997C19.4682 17.5156 19.183 17.4233 18.8221 17.4233H17.5027V19.6111H18.8221C19.183 19.6111 19.4682 19.5188 19.6791 19.3347ZM17.5027 23.9628H16.0374V16.0704H18.9345C19.461 16.0704 19.9157 16.1776 20.2988 16.3921C20.6824 16.6061 20.9753 16.8995 21.1784 17.2712C21.3816 17.6435 21.4826 18.0586 21.4826 18.5169C21.4826 18.9758 21.3816 19.3909 21.1784 19.7632C20.9753 20.1354 20.6824 20.4283 20.2988 20.6423C19.9157 20.8568 19.461 20.9635 18.9345 20.9635H17.5027V23.9628Z" fill="white"></path><path d="M22.0396 18.1451H23.4379V19.0248C23.6029 18.7087 23.8359 18.4684 24.1365 18.3029C24.4376 18.1374 24.7717 18.0549 25.1404 18.0549C25.5235 18.0549 25.8241 18.1415 26.0422 18.3143L25.5689 19.4981C25.3729 19.3929 25.1662 19.3403 24.9486 19.3403C24.5124 19.3403 24.152 19.528 23.8663 19.9039C23.5802 20.2797 23.4379 20.8582 23.4379 21.6404V23.9627H22.0396V18.1451Z" fill="white"></path><path d="M27.8879 23.9627H26.4896V18.1451H27.8879V23.9627ZM26.5458 16.1044C26.7191 15.9316 26.933 15.845 27.1888 15.845C27.444 15.845 27.658 15.9316 27.8312 16.1044C28.0039 16.2771 28.0906 16.4916 28.0906 16.7468C28.0906 17.0026 28.0039 17.217 27.8312 17.3898C27.658 17.5625 27.444 17.6491 27.1888 17.6491C26.933 17.6491 26.7191 17.5625 26.5458 17.3898C26.3731 17.217 26.287 17.0026 26.287 16.7468C26.287 16.4916 26.3731 16.2771 26.5458 16.1044Z" fill="white"></path><path d="M30.0603 23.6693C29.6168 23.4141 29.2714 23.0588 29.0234 22.6041C28.7754 22.1493 28.6511 21.6327 28.6511 21.0537C28.6511 20.4752 28.7754 19.9585 29.0234 19.5038C29.2714 19.049 29.6168 18.6937 30.0603 18.438C30.5037 18.1828 31.011 18.0549 31.5823 18.0549C32.8749 18.0549 33.751 18.585 34.2093 19.6445L32.9353 20.2199C32.6424 19.6332 32.1913 19.3403 31.5823 19.3403C31.1466 19.3403 30.7857 19.4981 30.5001 19.8136C30.2144 20.1297 30.0716 20.5427 30.0716 21.0537C30.0716 21.5651 30.2144 21.9787 30.5001 22.2942C30.7857 22.6097 31.1466 22.7675 31.5823 22.7675C32.1913 22.7675 32.6424 22.4747 32.9353 21.8884L34.2093 22.4633C33.751 23.5229 32.8749 24.0529 31.5823 24.0529C31.011 24.0529 30.5037 23.9251 30.0603 23.6693Z" fill="white"></path><path d="M38.727 20.3999C38.6744 20.0694 38.5223 19.7987 38.2707 19.5883C38.0186 19.3779 37.7015 19.2728 37.3179 19.2728C36.9946 19.2728 36.7048 19.3723 36.4496 19.5713C36.1939 19.7708 36.0175 20.0467 35.9196 20.3999H38.727ZM40.1588 21.5048H35.8633C35.9381 21.9333 36.115 22.2586 36.3934 22.4803C36.6713 22.702 37.0095 22.8129 37.4081 22.8129C37.7386 22.8129 38.015 22.7433 38.2367 22.6041C38.4584 22.4649 38.6708 22.253 38.874 21.9673L40.0573 22.6097C39.7716 23.0759 39.4092 23.4327 38.9693 23.6812C38.5295 23.9287 37.983 24.0529 37.3292 24.0529C36.7125 24.0529 36.1846 23.9086 35.7453 23.6188C35.3055 23.3295 34.9765 22.9557 34.7584 22.4968C34.5403 22.0385 34.4315 21.5574 34.4315 21.0537C34.4315 20.5504 34.546 20.0694 34.7754 19.611C35.0044 19.1526 35.3374 18.7783 35.7731 18.4891C36.2088 18.1998 36.7239 18.0549 37.3179 18.0549C37.9191 18.0549 38.4341 18.19 38.8626 18.4607C39.2911 18.7314 39.6139 19.0866 39.832 19.5264C40.0501 19.9657 40.1588 20.4339 40.1588 20.9299V21.5048Z" fill="white"></path><path d="M16.3879 25.558H17.7399L19.2454 29.4977L20.751 25.558H22.1029V31.8684H20.9309V28.0282L19.6873 31.2915H18.8035L17.5599 28.0282V31.8684H16.3879V25.558Z" fill="white"></path><path d="M25.4058 30.7146C25.6131 30.5341 25.7167 30.3119 25.7167 30.0474V29.9216H24.8335C24.5746 29.9216 24.3689 29.971 24.2158 30.07C24.0626 30.169 23.9858 30.3057 23.9858 30.48C23.9858 30.6424 24.0415 30.7671 24.1529 30.8543C24.2637 30.9414 24.4277 30.9847 24.6437 30.9847C24.9443 30.9847 25.1985 30.8945 25.4058 30.7146ZM23.6074 31.7782C23.3671 31.67 23.1748 31.5122 23.0304 31.3049C22.886 31.0976 22.8138 30.8496 22.8138 30.5609C22.8138 30.1046 22.9855 29.7364 23.3279 29.457C23.6703 29.1775 24.1333 29.0378 24.7159 29.0378H25.7167V28.8754C25.7167 28.6413 25.6357 28.4531 25.4733 28.3118C25.3109 28.1711 25.0918 28.1004 24.8154 28.1004C24.5927 28.1004 24.3916 28.1592 24.2111 28.2763C24.0312 28.3933 23.8956 28.5299 23.8059 28.6862L22.9494 28.1726C23.1113 27.8782 23.3516 27.6333 23.6703 27.4379C23.9889 27.2425 24.3705 27.145 24.8154 27.145C25.4522 27.145 25.9482 27.2982 26.3024 27.6044C26.6572 27.9112 26.8345 28.3526 26.8345 28.9295V31.8685H25.9152L25.7621 31.2735C25.6115 31.4776 25.4207 31.6401 25.1892 31.7602C24.9582 31.8803 24.686 31.9401 24.3735 31.9401C24.1029 31.9401 23.8476 31.8865 23.6074 31.7782Z" fill="white"></path><path d="M27.8214 30.3V28.1726H27.1182V27.2167H27.8214V26.4417L28.9393 25.7384V27.2167H30.1381V28.1726H28.9393V30.2458C28.9393 30.6903 29.1166 30.9125 29.4709 30.9125C29.6333 30.9125 29.7895 30.8496 29.9395 30.7233L30.4443 31.5797C30.2881 31.706 30.1169 31.7978 29.9308 31.855C29.7446 31.9117 29.5549 31.9401 29.3626 31.9401C28.3355 31.9401 27.8214 31.3936 27.8214 30.3Z" fill="white"></path><path d="M31.5487 31.6339C31.194 31.4297 30.9176 31.1456 30.7196 30.7821C30.5211 30.4186 30.4221 30.0056 30.4221 29.5426C30.4221 29.0801 30.5211 28.6666 30.7196 28.3031C30.9176 27.9396 31.194 27.6555 31.5487 27.4513C31.9034 27.2471 32.3087 27.145 32.7655 27.145C33.7993 27.145 34.4995 27.5683 34.8661 28.416L33.8473 28.8754C33.6132 28.4067 33.2528 28.1726 32.7655 28.1726C32.417 28.1726 32.1288 28.2989 31.9004 28.5511C31.6719 28.8037 31.558 29.1342 31.558 29.5426C31.558 29.9509 31.6719 30.282 31.9004 30.5341C32.1288 30.7867 32.417 30.9125 32.7655 30.9125C33.2528 30.9125 33.6132 30.6785 33.8473 30.2098L34.8661 30.6697C34.4995 31.5168 33.7993 31.9401 32.7655 31.9401C32.3087 31.9401 31.9034 31.8386 31.5487 31.6339Z" fill="white"></path><path d="M35.3998 25.4863H36.5176V27.9473C36.662 27.707 36.8615 27.5132 37.1167 27.3657C37.3725 27.2188 37.6592 27.145 37.9778 27.145C38.4702 27.145 38.8579 27.2909 39.1405 27.5823C39.423 27.8736 39.5643 28.2804 39.5643 28.8037V31.8685H38.4465V29.0285C38.4465 28.7522 38.3758 28.5408 38.2346 28.3933C38.0933 28.2458 37.8907 28.1726 37.6262 28.1726C37.3199 28.1726 37.0585 28.3093 36.8419 28.5825C36.6254 28.8558 36.5176 29.275 36.5176 29.8401V31.8685H35.3998V25.4863Z" fill="white"></path></svg><p class="styled__StyledBodyText-sc-119w3hf-5 ggtTyf styled__DarkGreyBodyText-jk5kya-0 iwRWTH">Aldi Price Match</p></div></div></div></div></div></div></div></li><li class="product-list--list-item"><div class="styles__StyledVerticalTileWrapper-dvv1wj-0 dtCNPH"><div data-auto="product-tile" data-auto-type="Quantity" data-auto-available="true" data-auto-is-restricted-disabled="false" data-auto-is-substitute="false" class="styles__StyledVerticalTile-dvv1wj-1 gSCsYK"><div class="styles__StyledTileContentWrapper-dvv1wj-2 bkNhNP beans"><div id="tile-279926762" data-auto-id="279926762" class="styles__StyledTiledContent-dvv1wj-3 bcglTg"><a href="https://www.tesco.com/groceries/en-GB/products/279926762" aria-hidden="true" class="product-image-wrapper" tabindex="1"><div class="product-image__container"><picture><img class="styled__Image-sjvkdn-0 bJErKA product-image beans-responsive-image__image" src="data:image/gif;base64,R0lGODlhAQABAAAAACH5BAEKAAEALAAAAAABAAEAAAICTAEAOw==" srcset="https://digitalcontent.api.tesco.com/v2/media/ghs/0583b275-2470-42a6-98c0-f926bf885344/4d973516-d300-407a-82db-c3a2197e35b7_363687166.jpeg?h=225&amp;w=225 768w, data:image/gif;base64,R0lGODlhAQABAAAAACH5BAEKAAEALAAAAAABAAEAAAICTAEAOw== 4000w" alt="Colgate Cavity Protection Toothpaste 75Ml"></picture></div></a><div class="product-details--wrapper"><h3 class="styles__H3-oa5soe-0 bCKNNq"><a href="https://www.tesco.com/groceries/en-GB/products/279926762" class="styled__Anchor-sc-1xbujuz-0 csVOnh beans-link__anchor" data-auto="product-tile--title"><span class="styled__Text-sc-1xbujuz-1 ldbwMG beans-link__text">Colgate Cavity Protection Toothpaste 75Ml</span></a></h3><div class="styles__StyledPromotionsAboveMobile-dvv1wj-7 iPTMuo"></div><div class="styles__StyledProductDetailsContent-dvv1wj-5 ddRSrq"><a href="https://www.tesco.com/groceries/en-GB/reviews/submission/279926762?from=%2Fshop%2Fhealth-and-beauty%2Fall" aria-label="Write a review for Colgate Cavity Protection Toothpaste 75Ml" class="styled__Anchor-sc-1xbujuz-0 jSzuDt write-a-review-link beans-link__anchor" data-auto="review-link"><span class="styled__Text-sc-1xbujuz-1 fyDIEo beans-link__text">Write a review</span><span class="styled__IconContainer-sc-1xbujuz-2 bSauSL beans-link__icon-container"><svg aria-hidden="true" class="styled__SVG-xxa4wh-1 hQMCqc beans-link__icon beans-icon__svg" height="13.33" preserveAspectRatio="xMinYMax meet" viewBox="-1 0 12 20" width="8" xmlns="http://www.w3.org/2000/svg" color="currentColor"><path d="M1.312 1.348L10.276 10l-8.964 8.644" fill="none" stroke="currentColor"></path></svg></span></a><div><a href="https://www.tesco.com/groceries/en-GB/shop/health-and-beauty/toothpaste-mouthwash-and-toothbrush/toothpaste/regular-toothpaste" class="styled__Anchor-sc-1xbujuz-0 jSzuDt rest-of-shelf-link beans-link__anchor" data-auto="rest-of-shelf-link"><span class="styled__Text-sc-1xbujuz-1 fyDIEo beans-link__text">Rest of <span class="visually-hidden">Regular Toothpaste</span> shelf</span><span class="styled__IconContainer-sc-1xbujuz-2 bSauSL beans-link__icon-container"><svg aria-hidden="true" class="styled__SVG-xxa4wh-1 hQMCqc beans-link__icon beans-icon__svg" height="13.33" preserveAspectRatio="xMinYMax meet" viewBox="-1 0 12 20" width="8" xmlns="http://www.w3.org/2000/svg" color="currentColor"><path d="M1.312 1.348L10.276 10l-8.964 8.644" fill="none" stroke="currentColor"></path></svg></span></a></div><div class="product-info-message-section"><div class="product-info-message-list"><div class="styled__WhiteBackground-sc-9yzfq2-1 jthPIJ"><svg width="56" height="61" viewBox="0 0 56 61" fill="none" xmlns="http://www.w3.org/2000/svg"><path d="M30.8759 45.8182C40.0086 42.7996 46.6572 34.3312 46.9801 24.2629H47V23.502V22.7397H46.9801C46.5765 10.112 36.2237 0 23.4993 0C10.5209 0 0 10.5209 0 23.4993C0 33.8972 6.75323 42.7162 16.1109 45.8142L16.1294 42.8684C13.3741 41.8189 10.9007 40.1978 8.8508 38.1492C5.099 34.3961 2.78308 29.2256 2.78308 23.4993C2.78308 17.7744 5.10032 12.6039 8.8508 8.84947C12.6039 5.09768 17.7744 2.78175 23.5007 2.78175C29.2256 2.78175 34.3961 5.09768 38.1505 8.84947C41.9023 12.6026 44.2182 17.7731 44.2182 23.4993C44.2182 29.2256 41.901 34.3948 38.1505 38.1492C36.1033 40.1952 33.6338 41.815 30.8838 42.8644L30.8772 45.8182H30.8759Z" fill="#EE1C2E"></path><path d="M9.82217 16.0368C10.5434 14.6962 11.4566 13.472 12.5245 12.4041C15.3354 9.59453 19.2116 7.85825 23.4994 7.85825C27.7871 7.85825 31.6633 9.59453 34.4742 12.4041C35.5435 13.4734 36.4553 14.6962 37.1765 16.0368H38.6256C35.8995 10.4309 30.1507 6.56662 23.498 6.56662C16.8454 6.56662 11.0966 10.4309 8.37042 16.0368H9.81952H9.82217Z" fill="black"></path><path d="M38.2419 28.245C37.4743 30.5728 36.1694 32.6571 34.4742 34.3537C32.8385 35.9881 30.8428 37.2599 28.6142 38.038C28.605 38.0407 28.5825 38.0394 28.5878 38.0473C28.773 38.3278 28.7836 39.3429 28.7836 39.3429C33.9567 37.6318 38.0142 33.4763 39.593 28.245H38.2419Z" fill="black"></path><path d="M12.5245 34.3537C10.4322 32.2601 8.9355 29.5763 8.30822 26.5722H6.99409C8.14941 32.5791 12.4994 37.4491 18.2085 39.3416C18.2111 39.3416 18.2177 39.3482 18.2177 39.3442C18.2627 38.2286 18.3898 38.0394 18.3898 38.0394C18.3818 38.0367 18.3726 38.0341 18.3646 38.0301C16.144 37.2519 14.1536 35.9828 12.5232 34.3524L12.5245 34.3537Z" fill="black"></path><path d="M17.6645 15.8727H20.1062V16.8335H16.623V11.2289H17.6645V15.8727Z" fill="black"></path><path d="M20.527 13.6745C20.7031 13.3516 20.9532 13.0975 21.2761 12.9136C21.599 12.7296 21.9682 12.637 22.3851 12.637C22.8019 12.637 23.1712 12.7296 23.4941 12.9136C23.817 13.0975 24.0658 13.3516 24.2431 13.6745C24.4191 13.9974 24.5065 14.3614 24.5065 14.7676C24.5065 15.1739 24.4191 15.5379 24.2431 15.8608C24.0671 16.1837 23.817 16.4364 23.4941 16.6217C23.1712 16.8057 22.8019 16.897 22.3851 16.897C21.9682 16.897 21.599 16.8057 21.2761 16.6217C20.9532 16.4378 20.7031 16.1837 20.527 15.8608C20.351 15.5379 20.2637 15.1739 20.2637 14.7676C20.2637 14.3614 20.351 13.9974 20.527 13.6745ZM21.5805 15.6477C21.7856 15.8727 22.0542 15.9838 22.3851 15.9838C22.7159 15.9838 22.9846 15.8713 23.1897 15.6477C23.3948 15.424 23.498 15.1303 23.498 14.7676C23.498 14.405 23.3948 14.1112 23.1897 13.8876C22.9846 13.6639 22.7159 13.5515 22.3851 13.5515C22.0542 13.5515 21.7856 13.6639 21.5805 13.8876C21.3753 14.1112 21.2721 14.405 21.2721 14.7676C21.2721 15.1303 21.3753 15.424 21.5805 15.6477Z" fill="black"></path><path d="M29.1687 16.8334H28.208L27.5119 14.1271L26.8158 16.8334H25.855L24.566 12.7018H25.5347L26.3182 15.4082L27.0315 12.7018H27.9923L28.7056 15.4082L29.489 12.7018H30.4577L29.1687 16.8334Z" fill="black"></path><path d="M8.61654 18.931H5.58202V20.4026H8.01572V21.6042H5.58202V23.5377H8.71579V24.738H4.27981V17.7294H8.61654V18.931Z" fill="black"></path><path d="M8.73168 19.5715H9.9836L11.2051 23.0269L12.4266 19.5715H13.6785L11.7662 24.738H10.644L8.73168 19.5715Z" fill="black"></path><path d="M18.7126 22.5558H14.8973C14.9635 22.9369 15.121 23.2254 15.3684 23.4226C15.6159 23.6198 15.9163 23.7177 16.2697 23.7177C16.5635 23.7177 16.8083 23.6555 17.0055 23.5324C17.2027 23.4093 17.3906 23.2201 17.5719 22.966L18.6226 23.5377C18.3686 23.9519 18.047 24.2682 17.6566 24.4892C17.2662 24.7089 16.7805 24.8201 16.1995 24.8201C15.6517 24.8201 15.1832 24.6917 14.7928 24.435C14.4024 24.1782 14.1099 23.8461 13.9167 23.4385C13.7235 23.0322 13.6269 22.6047 13.6269 22.1574C13.6269 21.7101 13.7288 21.2827 13.9326 20.8764C14.1364 20.4688 14.4315 20.1366 14.8192 19.8799C15.207 19.6231 15.6636 19.4948 16.1916 19.4948C16.7196 19.4948 17.1828 19.6152 17.5626 19.8547C17.9438 20.0956 18.2296 20.4106 18.4241 20.801C18.6174 21.1914 18.714 21.6069 18.714 22.0476V22.5584L18.7126 22.5558ZM17.4409 21.5751C17.3945 21.2813 17.2582 21.0418 17.0346 20.8539C16.8109 20.6673 16.5291 20.5733 16.1889 20.5733C15.9018 20.5733 15.645 20.662 15.4174 20.838C15.1911 21.0153 15.0336 21.2602 14.9463 21.5738H17.4395L17.4409 21.5751Z" fill="black"></path><path d="M19.3849 19.5715H20.6263V20.3523C20.7732 20.0718 20.9809 19.8587 21.2469 19.7118C21.5142 19.5649 21.8107 19.4921 22.1376 19.4921C22.4644 19.4921 22.745 19.5689 22.9382 19.7224L22.5174 20.7732C22.344 20.6805 22.1601 20.6329 21.9668 20.6329C21.5791 20.6329 21.2588 20.7996 21.0061 21.1331C20.752 21.4666 20.6249 21.9814 20.6249 22.6749V24.738H19.3836V19.5715H19.3849Z" fill="black"></path><path d="M24.8518 24.4178L22.9792 19.5715H24.2312L25.4434 22.8562L26.5841 19.5715H27.8255L25.1827 26.7813H23.981L24.8518 24.4178Z" fill="black"></path><path d="M28.8074 24.4786C28.4607 24.251 28.1881 23.9347 27.9909 23.5271C27.7937 23.1195 27.6958 22.663 27.6958 22.1548C27.6958 21.6466 27.7911 21.1821 27.9816 20.7785C28.1722 20.3748 28.4369 20.0585 28.7783 19.8322C29.1184 19.6059 29.5088 19.4921 29.9495 19.4921C30.2962 19.4921 30.6006 19.5543 30.86 19.6774C31.1207 19.8005 31.3205 19.9765 31.4608 20.2028V17.65H32.7021V24.7393H31.4608V24.1187C31.3139 24.3251 31.1141 24.4945 30.86 24.6242C30.6059 24.7539 30.3055 24.8201 29.9588 24.8201C29.5379 24.8201 29.1541 24.7063 28.8074 24.48V24.4786ZM31.1763 23.2664C31.4198 22.9925 31.5415 22.6219 31.5415 22.1548C31.5415 21.6876 31.4198 21.3171 31.1763 21.0431C30.9328 20.7692 30.6271 20.6329 30.2605 20.6329C29.8939 20.6329 29.5882 20.7705 29.3447 21.0431C29.1012 21.3171 28.9795 21.6876 28.9795 22.1548C28.9795 22.6219 29.1012 22.9925 29.3447 23.2664C29.5882 23.5404 29.8939 23.6767 30.2605 23.6767C30.6271 23.6767 30.9328 23.5404 31.1763 23.2664Z" fill="black"></path><path d="M34.2624 24.6388C33.9951 24.5183 33.782 24.3437 33.6219 24.1134C33.4618 23.8831 33.3824 23.6079 33.3824 23.2876C33.3824 22.7807 33.5729 22.3718 33.9527 22.0608C34.3339 21.7511 34.8473 21.595 35.4945 21.595H36.6061V21.415C36.6061 21.1543 36.5161 20.9465 36.3361 20.789C36.1562 20.6329 35.9127 20.5535 35.6056 20.5535C35.3582 20.5535 35.1345 20.6183 34.9347 20.7493C34.7349 20.879 34.584 21.0312 34.4834 21.2046L33.5319 20.6342C33.7119 20.3073 33.9792 20.0347 34.3325 19.8177C34.6859 19.6006 35.1094 19.4921 35.6043 19.4921C36.3123 19.4921 36.8629 19.6615 37.2559 20.003C37.6503 20.3431 37.8461 20.834 37.8461 21.4746V24.7393H36.8245L36.6538 24.079C36.487 24.3066 36.2753 24.4866 36.0172 24.6189C35.7605 24.7526 35.4574 24.8187 35.1107 24.8187C34.8103 24.8187 34.5271 24.7592 34.2598 24.6388H34.2624ZM36.2607 23.457C36.491 23.2572 36.6061 23.0097 36.6061 22.7159V22.5756H35.6255C35.3383 22.5756 35.1094 22.6312 34.94 22.741C34.7693 22.8509 34.6846 23.0031 34.6846 23.1963C34.6846 23.3763 34.7468 23.5152 34.8698 23.6118C34.9929 23.7084 35.1755 23.7574 35.4151 23.7574C35.7486 23.7574 36.0304 23.6568 36.2607 23.457V23.457Z" fill="black"></path><path d="M39.7571 24.4178L37.8845 19.5715H39.1364L40.3473 22.8562L41.4894 19.5715H42.7308L40.088 26.7813H38.8863L39.7571 24.4178Z" fill="black"></path><path d="M13.652 33.1164H12.6185V27.5515H14.6618C15.7985 27.5515 16.4589 28.3072 16.4589 29.2772C16.4589 30.2473 15.7985 31.0029 14.6618 31.0029H13.652V33.1177V33.1164ZM15.4095 29.2759C15.4095 28.7505 15.076 28.5044 14.5824 28.5044H13.652V30.0461H14.5824C15.0747 30.0461 15.4095 29.8 15.4095 29.2746V29.2759Z" fill="black"></path><path d="M17.0981 29.0139H18.084V29.6345C18.3222 29.1899 18.7682 28.9503 19.2843 28.9503C19.5464 28.9503 19.7687 29.0139 19.9209 29.133L19.5874 29.968C19.4524 29.8966 19.3095 29.8569 19.1507 29.8569C18.5856 29.8569 18.0854 30.3015 18.0854 31.4793V33.1177H17.0994V29.0152L17.0981 29.0139Z" fill="black"></path><path d="M20.9703 27.312C21.3356 27.312 21.6069 27.5899 21.6069 27.9485C21.6069 28.3072 21.3369 28.5851 20.9703 28.5851C20.6038 28.5851 20.3338 28.3072 20.3338 27.9485C20.3338 27.5899 20.6038 27.312 20.9703 27.312ZM21.4626 33.1164H20.4767V29.0139H21.4626V33.1164Z" fill="black"></path><path d="M22.2355 31.0651C22.2355 29.8251 23.0785 28.9503 24.3026 28.9503C25.1774 28.9503 25.8205 29.2997 26.1553 30.0713L25.2568 30.4762C25.0583 30.0792 24.7565 29.8555 24.3026 29.8555C23.6899 29.8555 23.2373 30.3399 23.2373 31.0638C23.2373 31.7877 23.6899 32.272 24.3026 32.272C24.7552 32.272 25.0583 32.0497 25.2568 31.6514L26.1553 32.0563C25.8219 32.8279 25.1774 33.1772 24.3026 33.1772C23.0785 33.1772 22.2355 32.3025 22.2355 31.0625V31.0651Z" fill="black"></path><path d="M30.5874 31.3827H27.5581C27.6693 32.0113 28.1153 32.3051 28.6473 32.3051C29.1316 32.3051 29.4109 32.0907 29.6808 31.7083L30.5159 32.1609C30.1348 32.7736 29.5617 33.1786 28.5917 33.1786C27.2167 33.1786 26.5484 32.0894 26.5484 31.0638C26.5484 30.0382 27.2723 28.949 28.5838 28.949C29.8952 28.949 30.5874 29.9667 30.5874 30.9765V31.3814V31.3827ZM29.5776 30.6033C29.5062 30.1586 29.1409 29.8079 28.5838 29.8079C28.1391 29.8079 27.7408 30.0938 27.5978 30.6033H29.5776V30.6033Z" fill="black"></path><path d="M31.0294 32.2416L31.7374 31.6448C31.9677 32.0577 32.2866 32.3051 32.7551 32.3051C33.0965 32.3051 33.3281 32.1463 33.3281 31.8922C33.3281 31.6381 33.0105 31.4952 32.4613 31.343C31.785 31.1604 31.253 30.7713 31.253 30.1507C31.253 29.4665 31.8975 28.9503 32.7154 28.9503C33.4472 28.9503 33.876 29.3156 34.1142 29.7139L33.4776 30.2631C33.2553 29.9058 32.9602 29.7933 32.7061 29.7933C32.3726 29.7933 32.1728 29.9442 32.1728 30.1189C32.1728 30.365 32.3951 30.4762 33.0634 30.6522C33.7397 30.8269 34.2796 31.1855 34.2796 31.8922C34.2796 32.5989 33.7225 33.1799 32.6902 33.1799C31.9028 33.1799 31.3311 32.8464 31.0281 32.2416H31.0294Z" fill="black"></path><path d="M23.5046 47.8549H24.2007C24.3979 47.8549 24.4045 47.8443 24.3609 47.6498C24.2643 47.2263 24.1796 46.8015 24.0724 46.382C24.0155 46.161 24.0287 46.0207 24.2391 45.8579C24.7473 45.4675 24.7658 44.7013 24.3212 44.2315C23.8792 43.7643 23.1288 43.763 22.6855 44.2275C22.2395 44.696 22.2514 45.4636 22.7609 45.854C22.9898 46.0286 22.9925 46.1822 22.9237 46.4018C22.9171 46.423 22.9118 46.4429 22.9078 46.464C22.8165 46.8743 22.7238 47.2859 22.6339 47.6961C22.6021 47.8443 22.614 47.8562 22.7715 47.8562C23.0163 47.8562 23.2611 47.8562 23.506 47.8562M23.4954 41.1361C24.2179 41.1361 24.9392 41.1334 25.6604 41.1374C25.7689 41.1374 25.8166 41.1096 25.8139 40.9932C25.8086 40.62 25.8139 40.2454 25.81 39.8723C25.806 39.5771 25.7517 39.29 25.634 39.0187C25.1602 37.9229 24.0406 37.3803 22.88 37.6807C22.0357 37.8991 21.329 38.668 21.2337 39.5374C21.1808 40.0139 21.2072 40.4982 21.1914 40.9786C21.1874 41.1056 21.235 41.1387 21.3568 41.1387C22.0701 41.1334 22.7834 41.1361 23.4967 41.1361M23.4967 50.6023C22.217 50.6023 20.9359 50.6023 19.6562 50.6023C18.6849 50.6023 17.9186 50.0041 17.699 49.0592C17.6619 48.903 17.654 48.735 17.654 48.5735C17.6513 46.7856 17.6566 44.9977 17.65 43.2112C17.6473 42.4899 17.9028 41.9037 18.4943 41.4815C18.8132 41.2539 19.1758 41.1427 19.5689 41.1374C19.7396 41.1348 19.7383 41.1321 19.7396 40.9627C19.7436 40.5035 19.7198 40.0403 19.7595 39.5851C19.9408 37.4822 21.7631 35.9683 23.862 36.1549C25.7584 36.3243 27.2578 37.96 27.2617 39.867C27.2617 40.2282 27.2617 40.5895 27.2617 40.9495C27.2617 41.1321 27.2617 41.1308 27.4457 41.1387C28.2159 41.1731 28.7796 41.5357 29.1436 42.212C29.3024 42.5071 29.3513 42.8274 29.3513 43.1595C29.3513 44.9779 29.3553 46.7949 29.3513 48.6132C29.3487 49.5965 28.732 50.3601 27.7845 50.5639C27.6429 50.5943 27.4946 50.6023 27.3491 50.6023C26.0641 50.6049 24.7804 50.6036 23.4954 50.6036" fill="black"></path></svg><p class="styled__StyledBodyText-sc-119w3hf-5 ggtTyf styled__DarkGreyBodyText-sc-9yzfq2-2 lmkdDf">Low Everyday Price</p></div></div></div></div><div class="styles__StyledBuyBoxWrapper-dvv1wj-4 dSvjUC"><div class="styles__StyledBuyBoxContainer-sc-1wx0qp6-0 erryje" data-auto="buybox-container"><div class="styles__SafeFormWrapper-jtpu2t-0 lcrYKS"><form action="https://www.tesco.com/groceries/en-GB/trolley/items/279926762?_method=PUT" method="POST"><input type="submit" class="hidden"><input name="id" type="hidden" value="279926762"><input name="identifier" type="hidden" value="Page"><input name="anchorId" type="hidden" value="#tile-279926762"><input name="returnUrl" type="hidden" value="/groceries/en-GB/shop/health-and-beauty/all?redirectIfUnavailable=true#tile-279926762"><input name="backToUrl" type="hidden" value="#"><input name="oldValue" type="hidden" value="0"><input name="oldUnitChoice" type="hidden" value="pcs"><input name="newUnitChoice" type="hidden" value="pcs"><div class="base-components__RootElement-sc-1mosoyj-1 styled__Container-sc-6nhkzi-0 jptQqM hSNpTb beans-buybox__container"><div class="base-components__BaseElement-sc-1mosoyj-0 styled__PriceAndActions-sc-6nhkzi-3 oznwo eEPLov beans-buybox__price-and-actions"><div class="base-components__RootElement-sc-1mosoyj-1 styled__Container-sc-8qlq5b-0 jptQqM bgZrjw styled__StyledPrice-sc-6nhkzi-5 iYHeik beans-buybox__price beans-price__container"><p class="styled__StyledHeading-sc-119w3hf-2 jWPEtj styled__Text-sc-8qlq5b-1 lnaeiZ beans-price__text">£1.00</p><p class="styled__StyledFootnote-sc-119w3hf-7 icrlVF styled__Subtext-sc-8qlq5b-2 bNJmdc beans-price__subtext">£1.34/100ml</p></div><div class="base-components__RootElement-sc-1mosoyj-1 styled__Container-vtxwzb-0 jptQqM bDFhXJ beans-buybox__actions beans-quantity-controls__container"><div class="base-components__RootElement-sc-1mosoyj-1 styled__Container-sc-16t2b2a-0 jptQqM PUfgZ styled__StyledFormGroup-vtxwzb-1 kzKuAr beans-quantity-controls__form-group beans-form-group__container"><label class="styled__StyledLabel-sc-1ttuvhr-0 izGEjV beans-form-group__label beans-label" for="quantity-controls-279926762">Quantity controls </label><div class="base-components__BaseElement-sc-1mosoyj-0 styled__Children-sc-16t2b2a-3 oznwo gdJvjO beans-form-group__children"><div class="styled__StyledQuantityControlWrapper-vtxwzb-6 LCxOg"><label id="quantity-controls-279926762-label" class="styled__VisuallyHiddenLabel-vtxwzb-7 gXlLiM">Quantity of Colgate Cavity Protection Toothpaste 75Ml</label><div class="component__Wrapper-sc-1kpmik-3 dReplG input-wrapper"><input class="base-components__RootElement-sc-1mosoyj-1 styled__StyledInput-sc-1jd5f57-0 component__StyledAsInput-sc-1kpmik-4 jptQqM eJLlow styled__StyledInput-vtxwzb-3 lwMHo beans-quantity-controls__input beans-input" data-auto="beans-quantity-controls-input" autocomplete="off" id="quantity-controls-279926762" maxlength="2" name="newValue" type="number" aria-labelledby="quantity-controls-279926762-label" value="1"></div></div><button class="styled__BaseButton-rsekm1-0 styled__PrimaryButton-rsekm1-2 jChbeY geeWOF styled__StyledButton-vtxwzb-5 japAxb beans-quantity-controls__add-button beans-button__container" type="submit" data-auto="beans-quantity-controls-add-button" aria-label="Quantity of Colgate Cavity Protection Toothpaste 75Ml"><span class="base-components__BaseElement-sc-1mosoyj-0 styled__InnerContainer-rsekm1-1 oznwo fuFres beans-button__inner-container"><span class="base-components__BaseElement-sc-1mosoyj-0 styled__TextSpan-rsekm1-4 oznwo GDiMp beans-button__text">Add</span></span></button></div></div></div></div></div><input name="_csrf" type="hidden" value="0WbpBJF9-cS-fAMl-ByHnl5hECj1JaZiBQ20"></form></div></div></div></div><div class="hidden-medium product-info-section-small"><div class="product-info-message-list"><div class="styled__WhiteBackground-sc-9yzfq2-1 jthPIJ"><svg width="56" height="61" viewBox="0 0 56 61" fill="none" xmlns="http://www.w3.org/2000/svg"><path d="M30.8759 45.8182C40.0086 42.7996 46.6572 34.3312 46.9801 24.2629H47V23.502V22.7397H46.9801C46.5765 10.112 36.2237 0 23.4993 0C10.5209 0 0 10.5209 0 23.4993C0 33.8972 6.75323 42.7162 16.1109 45.8142L16.1294 42.8684C13.3741 41.8189 10.9007 40.1978 8.8508 38.1492C5.099 34.3961 2.78308 29.2256 2.78308 23.4993C2.78308 17.7744 5.10032 12.6039 8.8508 8.84947C12.6039 5.09768 17.7744 2.78175 23.5007 2.78175C29.2256 2.78175 34.3961 5.09768 38.1505 8.84947C41.9023 12.6026 44.2182 17.7731 44.2182 23.4993C44.2182 29.2256 41.901 34.3948 38.1505 38.1492C36.1033 40.1952 33.6338 41.815 30.8838 42.8644L30.8772 45.8182H30.8759Z" fill="#EE1C2E"></path><path d="M9.82217 16.0368C10.5434 14.6962 11.4566 13.472 12.5245 12.4041C15.3354 9.59453 19.2116 7.85825 23.4994 7.85825C27.7871 7.85825 31.6633 9.59453 34.4742 12.4041C35.5435 13.4734 36.4553 14.6962 37.1765 16.0368H38.6256C35.8995 10.4309 30.1507 6.56662 23.498 6.56662C16.8454 6.56662 11.0966 10.4309 8.37042 16.0368H9.81952H9.82217Z" fill="black"></path><path d="M38.2419 28.245C37.4743 30.5728 36.1694 32.6571 34.4742 34.3537C32.8385 35.9881 30.8428 37.2599 28.6142 38.038C28.605 38.0407 28.5825 38.0394 28.5878 38.0473C28.773 38.3278 28.7836 39.3429 28.7836 39.3429C33.9567 37.6318 38.0142 33.4763 39.593 28.245H38.2419Z" fill="black"></path><path d="M12.5245 34.3537C10.4322 32.2601 8.9355 29.5763 8.30822 26.5722H6.99409C8.14941 32.5791 12.4994 37.4491 18.2085 39.3416C18.2111 39.3416 18.2177 39.3482 18.2177 39.3442C18.2627 38.2286 18.3898 38.0394 18.3898 38.0394C18.3818 38.0367 18.3726 38.0341 18.3646 38.0301C16.144 37.2519 14.1536 35.9828 12.5232 34.3524L12.5245 34.3537Z" fill="black"></path><path d="M17.6645 15.8727H20.1062V16.8335H16.623V11.2289H17.6645V15.8727Z" fill="black"></path><path d="M20.527 13.6745C20.7031 13.3516 20.9532 13.0975 21.2761 12.9136C21.599 12.7296 21.9682 12.637 22.3851 12.637C22.8019 12.637 23.1712 12.7296 23.4941 12.9136C23.817 13.0975 24.0658 13.3516 24.2431 13.6745C24.4191 13.9974 24.5065 14.3614 24.5065 14.7676C24.5065 15.1739 24.4191 15.5379 24.2431 15.8608C24.0671 16.1837 23.817 16.4364 23.4941 16.6217C23.1712 16.8057 22.8019 16.897 22.3851 16.897C21.9682 16.897 21.599 16.8057 21.2761 16.6217C20.9532 16.4378 20.7031 16.1837 20.527 15.8608C20.351 15.5379 20.2637 15.1739 20.2637 14.7676C20.2637 14.3614 20.351 13.9974 20.527 13.6745ZM21.5805 15.6477C21.7856 15.8727 22.0542 15.9838 22.3851 15.9838C22.7159 15.9838 22.9846 15.8713 23.1897 15.6477C23.3948 15.424 23.498 15.1303 23.498 14.7676C23.498 14.405 23.3948 14.1112 23.1897 13.8876C22.9846 13.6639 22.7159 13.5515 22.3851 13.5515C22.0542 13.5515 21.7856 13.6639 21.5805 13.8876C21.3753 14.1112 21.2721 14.405 21.2721 14.7676C21.2721 15.1303 21.3753 15.424 21.5805 15.6477Z" fill="black"></path><path d="M29.1687 16.8334H28.208L27.5119 14.1271L26.8158 16.8334H25.855L24.566 12.7018H25.5347L26.3182 15.4082L27.0315 12.7018H27.9923L28.7056 15.4082L29.489 12.7018H30.4577L29.1687 16.8334Z" fill="black"></path><path d="M8.61654 18.931H5.58202V20.4026H8.01572V21.6042H5.58202V23.5377H8.71579V24.738H4.27981V17.7294H8.61654V18.931Z" fill="black"></path><path d="M8.73168 19.5715H9.9836L11.2051 23.0269L12.4266 19.5715H13.6785L11.7662 24.738H10.644L8.73168 19.5715Z" fill="black"></path><path d="M18.7126 22.5558H14.8973C14.9635 22.9369 15.121 23.2254 15.3684 23.4226C15.6159 23.6198 15.9163 23.7177 16.2697 23.7177C16.5635 23.7177 16.8083 23.6555 17.0055 23.5324C17.2027 23.4093 17.3906 23.2201 17.5719 22.966L18.6226 23.5377C18.3686 23.9519 18.047 24.2682 17.6566 24.4892C17.2662 24.7089 16.7805 24.8201 16.1995 24.8201C15.6517 24.8201 15.1832 24.6917 14.7928 24.435C14.4024 24.1782 14.1099 23.8461 13.9167 23.4385C13.7235 23.0322 13.6269 22.6047 13.6269 22.1574C13.6269 21.7101 13.7288 21.2827 13.9326 20.8764C14.1364 20.4688 14.4315 20.1366 14.8192 19.8799C15.207 19.6231 15.6636 19.4948 16.1916 19.4948C16.7196 19.4948 17.1828 19.6152 17.5626 19.8547C17.9438 20.0956 18.2296 20.4106 18.4241 20.801C18.6174 21.1914 18.714 21.6069 18.714 22.0476V22.5584L18.7126 22.5558ZM17.4409 21.5751C17.3945 21.2813 17.2582 21.0418 17.0346 20.8539C16.8109 20.6673 16.5291 20.5733 16.1889 20.5733C15.9018 20.5733 15.645 20.662 15.4174 20.838C15.1911 21.0153 15.0336 21.2602 14.9463 21.5738H17.4395L17.4409 21.5751Z" fill="black"></path><path d="M19.3849 19.5715H20.6263V20.3523C20.7732 20.0718 20.9809 19.8587 21.2469 19.7118C21.5142 19.5649 21.8107 19.4921 22.1376 19.4921C22.4644 19.4921 22.745 19.5689 22.9382 19.7224L22.5174 20.7732C22.344 20.6805 22.1601 20.6329 21.9668 20.6329C21.5791 20.6329 21.2588 20.7996 21.0061 21.1331C20.752 21.4666 20.6249 21.9814 20.6249 22.6749V24.738H19.3836V19.5715H19.3849Z" fill="black"></path><path d="M24.8518 24.4178L22.9792 19.5715H24.2312L25.4434 22.8562L26.5841 19.5715H27.8255L25.1827 26.7813H23.981L24.8518 24.4178Z" fill="black"></path><path d="M28.8074 24.4786C28.4607 24.251 28.1881 23.9347 27.9909 23.5271C27.7937 23.1195 27.6958 22.663 27.6958 22.1548C27.6958 21.6466 27.7911 21.1821 27.9816 20.7785C28.1722 20.3748 28.4369 20.0585 28.7783 19.8322C29.1184 19.6059 29.5088 19.4921 29.9495 19.4921C30.2962 19.4921 30.6006 19.5543 30.86 19.6774C31.1207 19.8005 31.3205 19.9765 31.4608 20.2028V17.65H32.7021V24.7393H31.4608V24.1187C31.3139 24.3251 31.1141 24.4945 30.86 24.6242C30.6059 24.7539 30.3055 24.8201 29.9588 24.8201C29.5379 24.8201 29.1541 24.7063 28.8074 24.48V24.4786ZM31.1763 23.2664C31.4198 22.9925 31.5415 22.6219 31.5415 22.1548C31.5415 21.6876 31.4198 21.3171 31.1763 21.0431C30.9328 20.7692 30.6271 20.6329 30.2605 20.6329C29.8939 20.6329 29.5882 20.7705 29.3447 21.0431C29.1012 21.3171 28.9795 21.6876 28.9795 22.1548C28.9795 22.6219 29.1012 22.9925 29.3447 23.2664C29.5882 23.5404 29.8939 23.6767 30.2605 23.6767C30.6271 23.6767 30.9328 23.5404 31.1763 23.2664Z" fill="black"></path><path d="M34.2624 24.6388C33.9951 24.5183 33.782 24.3437 33.6219 24.1134C33.4618 23.8831 33.3824 23.6079 33.3824 23.2876C33.3824 22.7807 33.5729 22.3718 33.9527 22.0608C34.3339 21.7511 34.8473 21.595 35.4945 21.595H36.6061V21.415C36.6061 21.1543 36.5161 20.9465 36.3361 20.789C36.1562 20.6329 35.9127 20.5535 35.6056 20.5535C35.3582 20.5535 35.1345 20.6183 34.9347 20.7493C34.7349 20.879 34.584 21.0312 34.4834 21.2046L33.5319 20.6342C33.7119 20.3073 33.9792 20.0347 34.3325 19.8177C34.6859 19.6006 35.1094 19.4921 35.6043 19.4921C36.3123 19.4921 36.8629 19.6615 37.2559 20.003C37.6503 20.3431 37.8461 20.834 37.8461 21.4746V24.7393H36.8245L36.6538 24.079C36.487 24.3066 36.2753 24.4866 36.0172 24.6189C35.7605 24.7526 35.4574 24.8187 35.1107 24.8187C34.8103 24.8187 34.5271 24.7592 34.2598 24.6388H34.2624ZM36.2607 23.457C36.491 23.2572 36.6061 23.0097 36.6061 22.7159V22.5756H35.6255C35.3383 22.5756 35.1094 22.6312 34.94 22.741C34.7693 22.8509 34.6846 23.0031 34.6846 23.1963C34.6846 23.3763 34.7468 23.5152 34.8698 23.6118C34.9929 23.7084 35.1755 23.7574 35.4151 23.7574C35.7486 23.7574 36.0304 23.6568 36.2607 23.457V23.457Z" fill="black"></path><path d="M39.7571 24.4178L37.8845 19.5715H39.1364L40.3473 22.8562L41.4894 19.5715H42.7308L40.088 26.7813H38.8863L39.7571 24.4178Z" fill="black"></path><path d="M13.652 33.1164H12.6185V27.5515H14.6618C15.7985 27.5515 16.4589 28.3072 16.4589 29.2772C16.4589 30.2473 15.7985 31.0029 14.6618 31.0029H13.652V33.1177V33.1164ZM15.4095 29.2759C15.4095 28.7505 15.076 28.5044 14.5824 28.5044H13.652V30.0461H14.5824C15.0747 30.0461 15.4095 29.8 15.4095 29.2746V29.2759Z" fill="black"></path><path d="M17.0981 29.0139H18.084V29.6345C18.3222 29.1899 18.7682 28.9503 19.2843 28.9503C19.5464 28.9503 19.7687 29.0139 19.9209 29.133L19.5874 29.968C19.4524 29.8966 19.3095 29.8569 19.1507 29.8569C18.5856 29.8569 18.0854 30.3015 18.0854 31.4793V33.1177H17.0994V29.0152L17.0981 29.0139Z" fill="black"></path><path d="M20.9703 27.312C21.3356 27.312 21.6069 27.5899 21.6069 27.9485C21.6069 28.3072 21.3369 28.5851 20.9703 28.5851C20.6038 28.5851 20.3338 28.3072 20.3338 27.9485C20.3338 27.5899 20.6038 27.312 20.9703 27.312ZM21.4626 33.1164H20.4767V29.0139H21.4626V33.1164Z" fill="black"></path><path d="M22.2355 31.0651C22.2355 29.8251 23.0785 28.9503 24.3026 28.9503C25.1774 28.9503 25.8205 29.2997 26.1553 30.0713L25.2568 30.4762C25.0583 30.0792 24.7565 29.8555 24.3026 29.8555C23.6899 29.8555 23.2373 30.3399 23.2373 31.0638C23.2373 31.7877 23.6899 32.272 24.3026 32.272C24.7552 32.272 25.0583 32.0497 25.2568 31.6514L26.1553 32.0563C25.8219 32.8279 25.1774 33.1772 24.3026 33.1772C23.0785 33.1772 22.2355 32.3025 22.2355 31.0625V31.0651Z" fill="black"></path><path d="M30.5874 31.3827H27.5581C27.6693 32.0113 28.1153 32.3051 28.6473 32.3051C29.1316 32.3051 29.4109 32.0907 29.6808 31.7083L30.5159 32.1609C30.1348 32.7736 29.5617 33.1786 28.5917 33.1786C27.2167 33.1786 26.5484 32.0894 26.5484 31.0638C26.5484 30.0382 27.2723 28.949 28.5838 28.949C29.8952 28.949 30.5874 29.9667 30.5874 30.9765V31.3814V31.3827ZM29.5776 30.6033C29.5062 30.1586 29.1409 29.8079 28.5838 29.8079C28.1391 29.8079 27.7408 30.0938 27.5978 30.6033H29.5776V30.6033Z" fill="black"></path><path d="M31.0294 32.2416L31.7374 31.6448C31.9677 32.0577 32.2866 32.3051 32.7551 32.3051C33.0965 32.3051 33.3281 32.1463 33.3281 31.8922C33.3281 31.6381 33.0105 31.4952 32.4613 31.343C31.785 31.1604 31.253 30.7713 31.253 30.1507C31.253 29.4665 31.8975 28.9503 32.7154 28.9503C33.4472 28.9503 33.876 29.3156 34.1142 29.7139L33.4776 30.2631C33.2553 29.9058 32.9602 29.7933 32.7061 29.7933C32.3726 29.7933 32.1728 29.9442 32.1728 30.1189C32.1728 30.365 32.3951 30.4762 33.0634 30.6522C33.7397 30.8269 34.2796 31.1855 34.2796 31.8922C34.2796 32.5989 33.7225 33.1799 32.6902 33.1799C31.9028 33.1799 31.3311 32.8464 31.0281 32.2416H31.0294Z" fill="black"></path><path d="M23.5046 47.8549H24.2007C24.3979 47.8549 24.4045 47.8443 24.3609 47.6498C24.2643 47.2263 24.1796 46.8015 24.0724 46.382C24.0155 46.161 24.0287 46.0207 24.2391 45.8579C24.7473 45.4675 24.7658 44.7013 24.3212 44.2315C23.8792 43.7643 23.1288 43.763 22.6855 44.2275C22.2395 44.696 22.2514 45.4636 22.7609 45.854C22.9898 46.0286 22.9925 46.1822 22.9237 46.4018C22.9171 46.423 22.9118 46.4429 22.9078 46.464C22.8165 46.8743 22.7238 47.2859 22.6339 47.6961C22.6021 47.8443 22.614 47.8562 22.7715 47.8562C23.0163 47.8562 23.2611 47.8562 23.506 47.8562M23.4954 41.1361C24.2179 41.1361 24.9392 41.1334 25.6604 41.1374C25.7689 41.1374 25.8166 41.1096 25.8139 40.9932C25.8086 40.62 25.8139 40.2454 25.81 39.8723C25.806 39.5771 25.7517 39.29 25.634 39.0187C25.1602 37.9229 24.0406 37.3803 22.88 37.6807C22.0357 37.8991 21.329 38.668 21.2337 39.5374C21.1808 40.0139 21.2072 40.4982 21.1914 40.9786C21.1874 41.1056 21.235 41.1387 21.3568 41.1387C22.0701 41.1334 22.7834 41.1361 23.4967 41.1361M23.4967 50.6023C22.217 50.6023 20.9359 50.6023 19.6562 50.6023C18.6849 50.6023 17.9186 50.0041 17.699 49.0592C17.6619 48.903 17.654 48.735 17.654 48.5735C17.6513 46.7856 17.6566 44.9977 17.65 43.2112C17.6473 42.4899 17.9028 41.9037 18.4943 41.4815C18.8132 41.2539 19.1758 41.1427 19.5689 41.1374C19.7396 41.1348 19.7383 41.1321 19.7396 40.9627C19.7436 40.5035 19.7198 40.0403 19.7595 39.5851C19.9408 37.4822 21.7631 35.9683 23.862 36.1549C25.7584 36.3243 27.2578 37.96 27.2617 39.867C27.2617 40.2282 27.2617 40.5895 27.2617 40.9495C27.2617 41.1321 27.2617 41.1308 27.4457 41.1387C28.2159 41.1731 28.7796 41.5357 29.1436 42.212C29.3024 42.5071 29.3513 42.8274 29.3513 43.1595C29.3513 44.9779 29.3553 46.7949 29.3513 48.6132C29.3487 49.5965 28.732 50.3601 27.7845 50.5639C27.6429 50.5943 27.4946 50.6023 27.3491 50.6023C26.0641 50.6049 24.7804 50.6036 23.4954 50.6036" fill="black"></path></svg><p class="styled__StyledBodyText-sc-119w3hf-5 ggtTyf styled__DarkGreyBodyText-sc-9yzfq2-2 lmkdDf">Low Everyday Price</p></div></div></div></div></div></div></div></li><li class="product-list--list-item"><div class="styles__StyledVerticalTileWrapper-dvv1wj-0 dtCNPH"><div data-auto="product-tile" data-auto-type="Quantity" data-auto-available="true" data-auto-is-restricted-disabled="false" data-auto-is-substitute="false" class="styles__StyledVerticalTile-dvv1wj-1 gSCsYK"><div class="styles__StyledTileContentWrapper-dvv1wj-2 bkNhNP beans"><div id="tile-255355189" data-auto-id="255355189" class="styles__StyledTiledContent-dvv1wj-3 bcglTg"><a href="https://www.tesco.com/groceries/en-GB/products/255355189" aria-hidden="true" class="product-image-wrapper" tabindex="1"><div class="product-image__container"><picture><img class="styled__Image-sjvkdn-0 bJErKA product-image beans-responsive-image__image" src="data:image/gif;base64,R0lGODlhAQABAAAAACH5BAEKAAEALAAAAAABAAEAAAICTAEAOw==" srcset="https://digitalcontent.api.tesco.com/v2/media/ghs/2785e14e-bb42-4e17-85e0-a6b5cde38af8/62cc106c-6ef6-45a8-876e-9d5945dd1622_1921503510.jpeg?h=225&amp;w=225 768w, data:image/gif;base64,R0lGODlhAQABAAAAACH5BAEKAAEALAAAAAABAAEAAAICTAEAOw== 4000w" alt="Gillette Classic Sensitive Skin Shave Foam 200Ml"></picture></div></a><div class="product-details--wrapper"><h3 class="styles__H3-oa5soe-0 bCKNNq"><a href="https://www.tesco.com/groceries/en-GB/products/255355189" class="styled__Anchor-sc-1xbujuz-0 csVOnh beans-link__anchor" data-auto="product-tile--title"><span class="styled__Text-sc-1xbujuz-1 ldbwMG beans-link__text">Gillette Classic Sensitive Skin Shave Foam 200Ml</span></a></h3><div class="styles__StyledPromotionsAboveMobile-dvv1wj-7 iPTMuo"></div><div class="styles__StyledProductDetailsContent-dvv1wj-5 ddRSrq"><a href="https://www.tesco.com/groceries/en-GB/reviews/submission/255355189?from=%2Fshop%2Fhealth-and-beauty%2Fall" aria-label="Write a review for Gillette Classic Sensitive Skin Shave Foam 200Ml" class="styled__Anchor-sc-1xbujuz-0 jSzuDt write-a-review-link beans-link__anchor" data-auto="review-link"><span class="styled__Text-sc-1xbujuz-1 fyDIEo beans-link__text">Write a review</span><span class="styled__IconContainer-sc-1xbujuz-2 bSauSL beans-link__icon-container"><svg aria-hidden="true" class="styled__SVG-xxa4wh-1 hQMCqc beans-link__icon beans-icon__svg" height="13.33" preserveAspectRatio="xMinYMax meet" viewBox="-1 0 12 20" width="8" xmlns="http://www.w3.org/2000/svg" color="currentColor"><path d="M1.312 1.348L10.276 10l-8.964 8.644" fill="none" stroke="currentColor"></path></svg></span></a><div><a href="https://www.tesco.com/groceries/en-GB/shop/health-and-beauty/men&#39;s-toiletries/shaving/mens-shaving-foam-gel-and-cream" class="styled__Anchor-sc-1xbujuz-0 jSzuDt rest-of-shelf-link beans-link__anchor" data-auto="rest-of-shelf-link"><span class="styled__Text-sc-1xbujuz-1 fyDIEo beans-link__text">Rest of <span class="visually-hidden">Mens Shaving Foam, Gel &amp; Cream</span> shelf</span><span class="styled__IconContainer-sc-1xbujuz-2 bSauSL beans-link__icon-container"><svg aria-hidden="true" class="styled__SVG-xxa4wh-1 hQMCqc beans-link__icon beans-icon__svg" height="13.33" preserveAspectRatio="xMinYMax meet" viewBox="-1 0 12 20" width="8" xmlns="http://www.w3.org/2000/svg" color="currentColor"><path d="M1.312 1.348L10.276 10l-8.964 8.644" fill="none" stroke="currentColor"></path></svg></span></a></div><div class="product-info-message-section"><div class="product-info-message-list"><div class="styled__WhiteBackground-sc-9yzfq2-1 jthPIJ"><svg width="56" height="61" viewBox="0 0 56 61" fill="none" xmlns="http://www.w3.org/2000/svg"><path d="M30.8759 45.8182C40.0086 42.7996 46.6572 34.3312 46.9801 24.2629H47V23.502V22.7397H46.9801C46.5765 10.112 36.2237 0 23.4993 0C10.5209 0 0 10.5209 0 23.4993C0 33.8972 6.75323 42.7162 16.1109 45.8142L16.1294 42.8684C13.3741 41.8189 10.9007 40.1978 8.8508 38.1492C5.099 34.3961 2.78308 29.2256 2.78308 23.4993C2.78308 17.7744 5.10032 12.6039 8.8508 8.84947C12.6039 5.09768 17.7744 2.78175 23.5007 2.78175C29.2256 2.78175 34.3961 5.09768 38.1505 8.84947C41.9023 12.6026 44.2182 17.7731 44.2182 23.4993C44.2182 29.2256 41.901 34.3948 38.1505 38.1492C36.1033 40.1952 33.6338 41.815 30.8838 42.8644L30.8772 45.8182H30.8759Z" fill="#EE1C2E"></path><path d="M9.82217 16.0368C10.5434 14.6962 11.4566 13.472 12.5245 12.4041C15.3354 9.59453 19.2116 7.85825 23.4994 7.85825C27.7871 7.85825 31.6633 9.59453 34.4742 12.4041C35.5435 13.4734 36.4553 14.6962 37.1765 16.0368H38.6256C35.8995 10.4309 30.1507 6.56662 23.498 6.56662C16.8454 6.56662 11.0966 10.4309 8.37042 16.0368H9.81952H9.82217Z" fill="black"></path><path d="M38.2419 28.245C37.4743 30.5728 36.1694 32.6571 34.4742 34.3537C32.8385 35.9881 30.8428 37.2599 28.6142 38.038C28.605 38.0407 28.5825 38.0394 28.5878 38.0473C28.773 38.3278 28.7836 39.3429 28.7836 39.3429C33.9567 37.6318 38.0142 33.4763 39.593 28.245H38.2419Z" fill="black"></path><path d="M12.5245 34.3537C10.4322 32.2601 8.9355 29.5763 8.30822 26.5722H6.99409C8.14941 32.5791 12.4994 37.4491 18.2085 39.3416C18.2111 39.3416 18.2177 39.3482 18.2177 39.3442C18.2627 38.2286 18.3898 38.0394 18.3898 38.0394C18.3818 38.0367 18.3726 38.0341 18.3646 38.0301C16.144 37.2519 14.1536 35.9828 12.5232 34.3524L12.5245 34.3537Z" fill="black"></path><path d="M17.6645 15.8727H20.1062V16.8335H16.623V11.2289H17.6645V15.8727Z" fill="black"></path><path d="M20.527 13.6745C20.7031 13.3516 20.9532 13.0975 21.2761 12.9136C21.599 12.7296 21.9682 12.637 22.3851 12.637C22.8019 12.637 23.1712 12.7296 23.4941 12.9136C23.817 13.0975 24.0658 13.3516 24.2431 13.6745C24.4191 13.9974 24.5065 14.3614 24.5065 14.7676C24.5065 15.1739 24.4191 15.5379 24.2431 15.8608C24.0671 16.1837 23.817 16.4364 23.4941 16.6217C23.1712 16.8057 22.8019 16.897 22.3851 16.897C21.9682 16.897 21.599 16.8057 21.2761 16.6217C20.9532 16.4378 20.7031 16.1837 20.527 15.8608C20.351 15.5379 20.2637 15.1739 20.2637 14.7676C20.2637 14.3614 20.351 13.9974 20.527 13.6745ZM21.5805 15.6477C21.7856 15.8727 22.0542 15.9838 22.3851 15.9838C22.7159 15.9838 22.9846 15.8713 23.1897 15.6477C23.3948 15.424 23.498 15.1303 23.498 14.7676C23.498 14.405 23.3948 14.1112 23.1897 13.8876C22.9846 13.6639 22.7159 13.5515 22.3851 13.5515C22.0542 13.5515 21.7856 13.6639 21.5805 13.8876C21.3753 14.1112 21.2721 14.405 21.2721 14.7676C21.2721 15.1303 21.3753 15.424 21.5805 15.6477Z" fill="black"></path><path d="M29.1687 16.8334H28.208L27.5119 14.1271L26.8158 16.8334H25.855L24.566 12.7018H25.5347L26.3182 15.4082L27.0315 12.7018H27.9923L28.7056 15.4082L29.489 12.7018H30.4577L29.1687 16.8334Z" fill="black"></path><path d="M8.61654 18.931H5.58202V20.4026H8.01572V21.6042H5.58202V23.5377H8.71579V24.738H4.27981V17.7294H8.61654V18.931Z" fill="black"></path><path d="M8.73168 19.5715H9.9836L11.2051 23.0269L12.4266 19.5715H13.6785L11.7662 24.738H10.644L8.73168 19.5715Z" fill="black"></path><path d="M18.7126 22.5558H14.8973C14.9635 22.9369 15.121 23.2254 15.3684 23.4226C15.6159 23.6198 15.9163 23.7177 16.2697 23.7177C16.5635 23.7177 16.8083 23.6555 17.0055 23.5324C17.2027 23.4093 17.3906 23.2201 17.5719 22.966L18.6226 23.5377C18.3686 23.9519 18.047 24.2682 17.6566 24.4892C17.2662 24.7089 16.7805 24.8201 16.1995 24.8201C15.6517 24.8201 15.1832 24.6917 14.7928 24.435C14.4024 24.1782 14.1099 23.8461 13.9167 23.4385C13.7235 23.0322 13.6269 22.6047 13.6269 22.1574C13.6269 21.7101 13.7288 21.2827 13.9326 20.8764C14.1364 20.4688 14.4315 20.1366 14.8192 19.8799C15.207 19.6231 15.6636 19.4948 16.1916 19.4948C16.7196 19.4948 17.1828 19.6152 17.5626 19.8547C17.9438 20.0956 18.2296 20.4106 18.4241 20.801C18.6174 21.1914 18.714 21.6069 18.714 22.0476V22.5584L18.7126 22.5558ZM17.4409 21.5751C17.3945 21.2813 17.2582 21.0418 17.0346 20.8539C16.8109 20.6673 16.5291 20.5733 16.1889 20.5733C15.9018 20.5733 15.645 20.662 15.4174 20.838C15.1911 21.0153 15.0336 21.2602 14.9463 21.5738H17.4395L17.4409 21.5751Z" fill="black"></path><path d="M19.3849 19.5715H20.6263V20.3523C20.7732 20.0718 20.9809 19.8587 21.2469 19.7118C21.5142 19.5649 21.8107 19.4921 22.1376 19.4921C22.4644 19.4921 22.745 19.5689 22.9382 19.7224L22.5174 20.7732C22.344 20.6805 22.1601 20.6329 21.9668 20.6329C21.5791 20.6329 21.2588 20.7996 21.0061 21.1331C20.752 21.4666 20.6249 21.9814 20.6249 22.6749V24.738H19.3836V19.5715H19.3849Z" fill="black"></path><path d="M24.8518 24.4178L22.9792 19.5715H24.2312L25.4434 22.8562L26.5841 19.5715H27.8255L25.1827 26.7813H23.981L24.8518 24.4178Z" fill="black"></path><path d="M28.8074 24.4786C28.4607 24.251 28.1881 23.9347 27.9909 23.5271C27.7937 23.1195 27.6958 22.663 27.6958 22.1548C27.6958 21.6466 27.7911 21.1821 27.9816 20.7785C28.1722 20.3748 28.4369 20.0585 28.7783 19.8322C29.1184 19.6059 29.5088 19.4921 29.9495 19.4921C30.2962 19.4921 30.6006 19.5543 30.86 19.6774C31.1207 19.8005 31.3205 19.9765 31.4608 20.2028V17.65H32.7021V24.7393H31.4608V24.1187C31.3139 24.3251 31.1141 24.4945 30.86 24.6242C30.6059 24.7539 30.3055 24.8201 29.9588 24.8201C29.5379 24.8201 29.1541 24.7063 28.8074 24.48V24.4786ZM31.1763 23.2664C31.4198 22.9925 31.5415 22.6219 31.5415 22.1548C31.5415 21.6876 31.4198 21.3171 31.1763 21.0431C30.9328 20.7692 30.6271 20.6329 30.2605 20.6329C29.8939 20.6329 29.5882 20.7705 29.3447 21.0431C29.1012 21.3171 28.9795 21.6876 28.9795 22.1548C28.9795 22.6219 29.1012 22.9925 29.3447 23.2664C29.5882 23.5404 29.8939 23.6767 30.2605 23.6767C30.6271 23.6767 30.9328 23.5404 31.1763 23.2664Z" fill="black"></path><path d="M34.2624 24.6388C33.9951 24.5183 33.782 24.3437 33.6219 24.1134C33.4618 23.8831 33.3824 23.6079 33.3824 23.2876C33.3824 22.7807 33.5729 22.3718 33.9527 22.0608C34.3339 21.7511 34.8473 21.595 35.4945 21.595H36.6061V21.415C36.6061 21.1543 36.5161 20.9465 36.3361 20.789C36.1562 20.6329 35.9127 20.5535 35.6056 20.5535C35.3582 20.5535 35.1345 20.6183 34.9347 20.7493C34.7349 20.879 34.584 21.0312 34.4834 21.2046L33.5319 20.6342C33.7119 20.3073 33.9792 20.0347 34.3325 19.8177C34.6859 19.6006 35.1094 19.4921 35.6043 19.4921C36.3123 19.4921 36.8629 19.6615 37.2559 20.003C37.6503 20.3431 37.8461 20.834 37.8461 21.4746V24.7393H36.8245L36.6538 24.079C36.487 24.3066 36.2753 24.4866 36.0172 24.6189C35.7605 24.7526 35.4574 24.8187 35.1107 24.8187C34.8103 24.8187 34.5271 24.7592 34.2598 24.6388H34.2624ZM36.2607 23.457C36.491 23.2572 36.6061 23.0097 36.6061 22.7159V22.5756H35.6255C35.3383 22.5756 35.1094 22.6312 34.94 22.741C34.7693 22.8509 34.6846 23.0031 34.6846 23.1963C34.6846 23.3763 34.7468 23.5152 34.8698 23.6118C34.9929 23.7084 35.1755 23.7574 35.4151 23.7574C35.7486 23.7574 36.0304 23.6568 36.2607 23.457V23.457Z" fill="black"></path><path d="M39.7571 24.4178L37.8845 19.5715H39.1364L40.3473 22.8562L41.4894 19.5715H42.7308L40.088 26.7813H38.8863L39.7571 24.4178Z" fill="black"></path><path d="M13.652 33.1164H12.6185V27.5515H14.6618C15.7985 27.5515 16.4589 28.3072 16.4589 29.2772C16.4589 30.2473 15.7985 31.0029 14.6618 31.0029H13.652V33.1177V33.1164ZM15.4095 29.2759C15.4095 28.7505 15.076 28.5044 14.5824 28.5044H13.652V30.0461H14.5824C15.0747 30.0461 15.4095 29.8 15.4095 29.2746V29.2759Z" fill="black"></path><path d="M17.0981 29.0139H18.084V29.6345C18.3222 29.1899 18.7682 28.9503 19.2843 28.9503C19.5464 28.9503 19.7687 29.0139 19.9209 29.133L19.5874 29.968C19.4524 29.8966 19.3095 29.8569 19.1507 29.8569C18.5856 29.8569 18.0854 30.3015 18.0854 31.4793V33.1177H17.0994V29.0152L17.0981 29.0139Z" fill="black"></path><path d="M20.9703 27.312C21.3356 27.312 21.6069 27.5899 21.6069 27.9485C21.6069 28.3072 21.3369 28.5851 20.9703 28.5851C20.6038 28.5851 20.3338 28.3072 20.3338 27.9485C20.3338 27.5899 20.6038 27.312 20.9703 27.312ZM21.4626 33.1164H20.4767V29.0139H21.4626V33.1164Z" fill="black"></path><path d="M22.2355 31.0651C22.2355 29.8251 23.0785 28.9503 24.3026 28.9503C25.1774 28.9503 25.8205 29.2997 26.1553 30.0713L25.2568 30.4762C25.0583 30.0792 24.7565 29.8555 24.3026 29.8555C23.6899 29.8555 23.2373 30.3399 23.2373 31.0638C23.2373 31.7877 23.6899 32.272 24.3026 32.272C24.7552 32.272 25.0583 32.0497 25.2568 31.6514L26.1553 32.0563C25.8219 32.8279 25.1774 33.1772 24.3026 33.1772C23.0785 33.1772 22.2355 32.3025 22.2355 31.0625V31.0651Z" fill="black"></path><path d="M30.5874 31.3827H27.5581C27.6693 32.0113 28.1153 32.3051 28.6473 32.3051C29.1316 32.3051 29.4109 32.0907 29.6808 31.7083L30.5159 32.1609C30.1348 32.7736 29.5617 33.1786 28.5917 33.1786C27.2167 33.1786 26.5484 32.0894 26.5484 31.0638C26.5484 30.0382 27.2723 28.949 28.5838 28.949C29.8952 28.949 30.5874 29.9667 30.5874 30.9765V31.3814V31.3827ZM29.5776 30.6033C29.5062 30.1586 29.1409 29.8079 28.5838 29.8079C28.1391 29.8079 27.7408 30.0938 27.5978 30.6033H29.5776V30.6033Z" fill="black"></path><path d="M31.0294 32.2416L31.7374 31.6448C31.9677 32.0577 32.2866 32.3051 32.7551 32.3051C33.0965 32.3051 33.3281 32.1463 33.3281 31.8922C33.3281 31.6381 33.0105 31.4952 32.4613 31.343C31.785 31.1604 31.253 30.7713 31.253 30.1507C31.253 29.4665 31.8975 28.9503 32.7154 28.9503C33.4472 28.9503 33.876 29.3156 34.1142 29.7139L33.4776 30.2631C33.2553 29.9058 32.9602 29.7933 32.7061 29.7933C32.3726 29.7933 32.1728 29.9442 32.1728 30.1189C32.1728 30.365 32.3951 30.4762 33.0634 30.6522C33.7397 30.8269 34.2796 31.1855 34.2796 31.8922C34.2796 32.5989 33.7225 33.1799 32.6902 33.1799C31.9028 33.1799 31.3311 32.8464 31.0281 32.2416H31.0294Z" fill="black"></path><path d="M23.5046 47.8549H24.2007C24.3979 47.8549 24.4045 47.8443 24.3609 47.6498C24.2643 47.2263 24.1796 46.8015 24.0724 46.382C24.0155 46.161 24.0287 46.0207 24.2391 45.8579C24.7473 45.4675 24.7658 44.7013 24.3212 44.2315C23.8792 43.7643 23.1288 43.763 22.6855 44.2275C22.2395 44.696 22.2514 45.4636 22.7609 45.854C22.9898 46.0286 22.9925 46.1822 22.9237 46.4018C22.9171 46.423 22.9118 46.4429 22.9078 46.464C22.8165 46.8743 22.7238 47.2859 22.6339 47.6961C22.6021 47.8443 22.614 47.8562 22.7715 47.8562C23.0163 47.8562 23.2611 47.8562 23.506 47.8562M23.4954 41.1361C24.2179 41.1361 24.9392 41.1334 25.6604 41.1374C25.7689 41.1374 25.8166 41.1096 25.8139 40.9932C25.8086 40.62 25.8139 40.2454 25.81 39.8723C25.806 39.5771 25.7517 39.29 25.634 39.0187C25.1602 37.9229 24.0406 37.3803 22.88 37.6807C22.0357 37.8991 21.329 38.668 21.2337 39.5374C21.1808 40.0139 21.2072 40.4982 21.1914 40.9786C21.1874 41.1056 21.235 41.1387 21.3568 41.1387C22.0701 41.1334 22.7834 41.1361 23.4967 41.1361M23.4967 50.6023C22.217 50.6023 20.9359 50.6023 19.6562 50.6023C18.6849 50.6023 17.9186 50.0041 17.699 49.0592C17.6619 48.903 17.654 48.735 17.654 48.5735C17.6513 46.7856 17.6566 44.9977 17.65 43.2112C17.6473 42.4899 17.9028 41.9037 18.4943 41.4815C18.8132 41.2539 19.1758 41.1427 19.5689 41.1374C19.7396 41.1348 19.7383 41.1321 19.7396 40.9627C19.7436 40.5035 19.7198 40.0403 19.7595 39.5851C19.9408 37.4822 21.7631 35.9683 23.862 36.1549C25.7584 36.3243 27.2578 37.96 27.2617 39.867C27.2617 40.2282 27.2617 40.5895 27.2617 40.9495C27.2617 41.1321 27.2617 41.1308 27.4457 41.1387C28.2159 41.1731 28.7796 41.5357 29.1436 42.212C29.3024 42.5071 29.3513 42.8274 29.3513 43.1595C29.3513 44.9779 29.3553 46.7949 29.3513 48.6132C29.3487 49.5965 28.732 50.3601 27.7845 50.5639C27.6429 50.5943 27.4946 50.6023 27.3491 50.6023C26.0641 50.6049 24.7804 50.6036 23.4954 50.6036" fill="black"></path></svg><p class="styled__StyledBodyText-sc-119w3hf-5 ggtTyf styled__DarkGreyBodyText-sc-9yzfq2-2 lmkdDf">Low Everyday Price</p></div></div></div></div><div class="styles__StyledBuyBoxWrapper-dvv1wj-4 dSvjUC"><div class="styles__StyledBuyBoxContainer-sc-1wx0qp6-0 erryje" data-auto="buybox-container"><div class="styles__SafeFormWrapper-jtpu2t-0 lcrYKS"><form action="https://www.tesco.com/groceries/en-GB/trolley/items/255355189?_method=PUT" method="POST"><input type="submit" class="hidden"><input name="id" type="hidden" value="255355189"><input name="identifier" type="hidden" value="Page"><input name="anchorId" type="hidden" value="#tile-255355189"><input name="returnUrl" type="hidden" value="/groceries/en-GB/shop/health-and-beauty/all?redirectIfUnavailable=true#tile-255355189"><input name="backToUrl" type="hidden" value="#"><input name="oldValue" type="hidden" value="0"><input name="oldUnitChoice" type="hidden" value="pcs"><input name="newUnitChoice" type="hidden" value="pcs"><div class="base-components__RootElement-sc-1mosoyj-1 styled__Container-sc-6nhkzi-0 jptQqM hSNpTb beans-buybox__container"><div class="base-components__BaseElement-sc-1mosoyj-0 styled__PriceAndActions-sc-6nhkzi-3 oznwo eEPLov beans-buybox__price-and-actions"><div class="base-components__RootElement-sc-1mosoyj-1 styled__Container-sc-8qlq5b-0 jptQqM bgZrjw styled__StyledPrice-sc-6nhkzi-5 iYHeik beans-buybox__price beans-price__container"><p class="styled__StyledHeading-sc-119w3hf-2 jWPEtj styled__Text-sc-8qlq5b-1 lnaeiZ beans-price__text">£1.00</p><p class="styled__StyledFootnote-sc-119w3hf-7 icrlVF styled__Subtext-sc-8qlq5b-2 bNJmdc beans-price__subtext">£0.50/100ml</p></div><div class="base-components__RootElement-sc-1mosoyj-1 styled__Container-vtxwzb-0 jptQqM bDFhXJ beans-buybox__actions beans-quantity-controls__container"><div class="base-components__RootElement-sc-1mosoyj-1 styled__Container-sc-16t2b2a-0 jptQqM PUfgZ styled__StyledFormGroup-vtxwzb-1 kzKuAr beans-quantity-controls__form-group beans-form-group__container"><label class="styled__StyledLabel-sc-1ttuvhr-0 izGEjV beans-form-group__label beans-label" for="quantity-controls-255355189">Quantity controls </label><div class="base-components__BaseElement-sc-1mosoyj-0 styled__Children-sc-16t2b2a-3 oznwo gdJvjO beans-form-group__children"><div class="styled__StyledQuantityControlWrapper-vtxwzb-6 LCxOg"><label id="quantity-controls-255355189-label" class="styled__VisuallyHiddenLabel-vtxwzb-7 gXlLiM">Quantity of Gillette Classic Sensitive Skin Shave Foam 200Ml</label><div class="component__Wrapper-sc-1kpmik-3 dReplG input-wrapper"><input class="base-components__RootElement-sc-1mosoyj-1 styled__StyledInput-sc-1jd5f57-0 component__StyledAsInput-sc-1kpmik-4 jptQqM eJLlow styled__StyledInput-vtxwzb-3 lwMHo beans-quantity-controls__input beans-input" data-auto="beans-quantity-controls-input" autocomplete="off" id="quantity-controls-255355189" maxlength="2" name="newValue" type="number" aria-labelledby="quantity-controls-255355189-label" value="1"></div></div><button class="styled__BaseButton-rsekm1-0 styled__PrimaryButton-rsekm1-2 jChbeY geeWOF styled__StyledButton-vtxwzb-5 japAxb beans-quantity-controls__add-button beans-button__container" type="submit" data-auto="beans-quantity-controls-add-button" aria-label="Quantity of Gillette Classic Sensitive Skin Shave Foam 200Ml"><span class="base-components__BaseElement-sc-1mosoyj-0 styled__InnerContainer-rsekm1-1 oznwo fuFres beans-button__inner-container"><span class="base-components__BaseElement-sc-1mosoyj-0 styled__TextSpan-rsekm1-4 oznwo GDiMp beans-button__text">Add</span></span></button></div></div></div></div></div><input name="_csrf" type="hidden" value="0WbpBJF9-cS-fAMl-ByHnl5hECj1JaZiBQ20"></form></div></div></div></div><div class="hidden-medium product-info-section-small"><div class="product-info-message-list"><div class="styled__WhiteBackground-sc-9yzfq2-1 jthPIJ"><svg width="56" height="61" viewBox="0 0 56 61" fill="none" xmlns="http://www.w3.org/2000/svg"><path d="M30.8759 45.8182C40.0086 42.7996 46.6572 34.3312 46.9801 24.2629H47V23.502V22.7397H46.9801C46.5765 10.112 36.2237 0 23.4993 0C10.5209 0 0 10.5209 0 23.4993C0 33.8972 6.75323 42.7162 16.1109 45.8142L16.1294 42.8684C13.3741 41.8189 10.9007 40.1978 8.8508 38.1492C5.099 34.3961 2.78308 29.2256 2.78308 23.4993C2.78308 17.7744 5.10032 12.6039 8.8508 8.84947C12.6039 5.09768 17.7744 2.78175 23.5007 2.78175C29.2256 2.78175 34.3961 5.09768 38.1505 8.84947C41.9023 12.6026 44.2182 17.7731 44.2182 23.4993C44.2182 29.2256 41.901 34.3948 38.1505 38.1492C36.1033 40.1952 33.6338 41.815 30.8838 42.8644L30.8772 45.8182H30.8759Z" fill="#EE1C2E"></path><path d="M9.82217 16.0368C10.5434 14.6962 11.4566 13.472 12.5245 12.4041C15.3354 9.59453 19.2116 7.85825 23.4994 7.85825C27.7871 7.85825 31.6633 9.59453 34.4742 12.4041C35.5435 13.4734 36.4553 14.6962 37.1765 16.0368H38.6256C35.8995 10.4309 30.1507 6.56662 23.498 6.56662C16.8454 6.56662 11.0966 10.4309 8.37042 16.0368H9.81952H9.82217Z" fill="black"></path><path d="M38.2419 28.245C37.4743 30.5728 36.1694 32.6571 34.4742 34.3537C32.8385 35.9881 30.8428 37.2599 28.6142 38.038C28.605 38.0407 28.5825 38.0394 28.5878 38.0473C28.773 38.3278 28.7836 39.3429 28.7836 39.3429C33.9567 37.6318 38.0142 33.4763 39.593 28.245H38.2419Z" fill="black"></path><path d="M12.5245 34.3537C10.4322 32.2601 8.9355 29.5763 8.30822 26.5722H6.99409C8.14941 32.5791 12.4994 37.4491 18.2085 39.3416C18.2111 39.3416 18.2177 39.3482 18.2177 39.3442C18.2627 38.2286 18.3898 38.0394 18.3898 38.0394C18.3818 38.0367 18.3726 38.0341 18.3646 38.0301C16.144 37.2519 14.1536 35.9828 12.5232 34.3524L12.5245 34.3537Z" fill="black"></path><path d="M17.6645 15.8727H20.1062V16.8335H16.623V11.2289H17.6645V15.8727Z" fill="black"></path><path d="M20.527 13.6745C20.7031 13.3516 20.9532 13.0975 21.2761 12.9136C21.599 12.7296 21.9682 12.637 22.3851 12.637C22.8019 12.637 23.1712 12.7296 23.4941 12.9136C23.817 13.0975 24.0658 13.3516 24.2431 13.6745C24.4191 13.9974 24.5065 14.3614 24.5065 14.7676C24.5065 15.1739 24.4191 15.5379 24.2431 15.8608C24.0671 16.1837 23.817 16.4364 23.4941 16.6217C23.1712 16.8057 22.8019 16.897 22.3851 16.897C21.9682 16.897 21.599 16.8057 21.2761 16.6217C20.9532 16.4378 20.7031 16.1837 20.527 15.8608C20.351 15.5379 20.2637 15.1739 20.2637 14.7676C20.2637 14.3614 20.351 13.9974 20.527 13.6745ZM21.5805 15.6477C21.7856 15.8727 22.0542 15.9838 22.3851 15.9838C22.7159 15.9838 22.9846 15.8713 23.1897 15.6477C23.3948 15.424 23.498 15.1303 23.498 14.7676C23.498 14.405 23.3948 14.1112 23.1897 13.8876C22.9846 13.6639 22.7159 13.5515 22.3851 13.5515C22.0542 13.5515 21.7856 13.6639 21.5805 13.8876C21.3753 14.1112 21.2721 14.405 21.2721 14.7676C21.2721 15.1303 21.3753 15.424 21.5805 15.6477Z" fill="black"></path><path d="M29.1687 16.8334H28.208L27.5119 14.1271L26.8158 16.8334H25.855L24.566 12.7018H25.5347L26.3182 15.4082L27.0315 12.7018H27.9923L28.7056 15.4082L29.489 12.7018H30.4577L29.1687 16.8334Z" fill="black"></path><path d="M8.61654 18.931H5.58202V20.4026H8.01572V21.6042H5.58202V23.5377H8.71579V24.738H4.27981V17.7294H8.61654V18.931Z" fill="black"></path><path d="M8.73168 19.5715H9.9836L11.2051 23.0269L12.4266 19.5715H13.6785L11.7662 24.738H10.644L8.73168 19.5715Z" fill="black"></path><path d="M18.7126 22.5558H14.8973C14.9635 22.9369 15.121 23.2254 15.3684 23.4226C15.6159 23.6198 15.9163 23.7177 16.2697 23.7177C16.5635 23.7177 16.8083 23.6555 17.0055 23.5324C17.2027 23.4093 17.3906 23.2201 17.5719 22.966L18.6226 23.5377C18.3686 23.9519 18.047 24.2682 17.6566 24.4892C17.2662 24.7089 16.7805 24.8201 16.1995 24.8201C15.6517 24.8201 15.1832 24.6917 14.7928 24.435C14.4024 24.1782 14.1099 23.8461 13.9167 23.4385C13.7235 23.0322 13.6269 22.6047 13.6269 22.1574C13.6269 21.7101 13.7288 21.2827 13.9326 20.8764C14.1364 20.4688 14.4315 20.1366 14.8192 19.8799C15.207 19.6231 15.6636 19.4948 16.1916 19.4948C16.7196 19.4948 17.1828 19.6152 17.5626 19.8547C17.9438 20.0956 18.2296 20.4106 18.4241 20.801C18.6174 21.1914 18.714 21.6069 18.714 22.0476V22.5584L18.7126 22.5558ZM17.4409 21.5751C17.3945 21.2813 17.2582 21.0418 17.0346 20.8539C16.8109 20.6673 16.5291 20.5733 16.1889 20.5733C15.9018 20.5733 15.645 20.662 15.4174 20.838C15.1911 21.0153 15.0336 21.2602 14.9463 21.5738H17.4395L17.4409 21.5751Z" fill="black"></path><path d="M19.3849 19.5715H20.6263V20.3523C20.7732 20.0718 20.9809 19.8587 21.2469 19.7118C21.5142 19.5649 21.8107 19.4921 22.1376 19.4921C22.4644 19.4921 22.745 19.5689 22.9382 19.7224L22.5174 20.7732C22.344 20.6805 22.1601 20.6329 21.9668 20.6329C21.5791 20.6329 21.2588 20.7996 21.0061 21.1331C20.752 21.4666 20.6249 21.9814 20.6249 22.6749V24.738H19.3836V19.5715H19.3849Z" fill="black"></path><path d="M24.8518 24.4178L22.9792 19.5715H24.2312L25.4434 22.8562L26.5841 19.5715H27.8255L25.1827 26.7813H23.981L24.8518 24.4178Z" fill="black"></path><path d="M28.8074 24.4786C28.4607 24.251 28.1881 23.9347 27.9909 23.5271C27.7937 23.1195 27.6958 22.663 27.6958 22.1548C27.6958 21.6466 27.7911 21.1821 27.9816 20.7785C28.1722 20.3748 28.4369 20.0585 28.7783 19.8322C29.1184 19.6059 29.5088 19.4921 29.9495 19.4921C30.2962 19.4921 30.6006 19.5543 30.86 19.6774C31.1207 19.8005 31.3205 19.9765 31.4608 20.2028V17.65H32.7021V24.7393H31.4608V24.1187C31.3139 24.3251 31.1141 24.4945 30.86 24.6242C30.6059 24.7539 30.3055 24.8201 29.9588 24.8201C29.5379 24.8201 29.1541 24.7063 28.8074 24.48V24.4786ZM31.1763 23.2664C31.4198 22.9925 31.5415 22.6219 31.5415 22.1548C31.5415 21.6876 31.4198 21.3171 31.1763 21.0431C30.9328 20.7692 30.6271 20.6329 30.2605 20.6329C29.8939 20.6329 29.5882 20.7705 29.3447 21.0431C29.1012 21.3171 28.9795 21.6876 28.9795 22.1548C28.9795 22.6219 29.1012 22.9925 29.3447 23.2664C29.5882 23.5404 29.8939 23.6767 30.2605 23.6767C30.6271 23.6767 30.9328 23.5404 31.1763 23.2664Z" fill="black"></path><path d="M34.2624 24.6388C33.9951 24.5183 33.782 24.3437 33.6219 24.1134C33.4618 23.8831 33.3824 23.6079 33.3824 23.2876C33.3824 22.7807 33.5729 22.3718 33.9527 22.0608C34.3339 21.7511 34.8473 21.595 35.4945 21.595H36.6061V21.415C36.6061 21.1543 36.5161 20.9465 36.3361 20.789C36.1562 20.6329 35.9127 20.5535 35.6056 20.5535C35.3582 20.5535 35.1345 20.6183 34.9347 20.7493C34.7349 20.879 34.584 21.0312 34.4834 21.2046L33.5319 20.6342C33.7119 20.3073 33.9792 20.0347 34.3325 19.8177C34.6859 19.6006 35.1094 19.4921 35.6043 19.4921C36.3123 19.4921 36.8629 19.6615 37.2559 20.003C37.6503 20.3431 37.8461 20.834 37.8461 21.4746V24.7393H36.8245L36.6538 24.079C36.487 24.3066 36.2753 24.4866 36.0172 24.6189C35.7605 24.7526 35.4574 24.8187 35.1107 24.8187C34.8103 24.8187 34.5271 24.7592 34.2598 24.6388H34.2624ZM36.2607 23.457C36.491 23.2572 36.6061 23.0097 36.6061 22.7159V22.5756H35.6255C35.3383 22.5756 35.1094 22.6312 34.94 22.741C34.7693 22.8509 34.6846 23.0031 34.6846 23.1963C34.6846 23.3763 34.7468 23.5152 34.8698 23.6118C34.9929 23.7084 35.1755 23.7574 35.4151 23.7574C35.7486 23.7574 36.0304 23.6568 36.2607 23.457V23.457Z" fill="black"></path><path d="M39.7571 24.4178L37.8845 19.5715H39.1364L40.3473 22.8562L41.4894 19.5715H42.7308L40.088 26.7813H38.8863L39.7571 24.4178Z" fill="black"></path><path d="M13.652 33.1164H12.6185V27.5515H14.6618C15.7985 27.5515 16.4589 28.3072 16.4589 29.2772C16.4589 30.2473 15.7985 31.0029 14.6618 31.0029H13.652V33.1177V33.1164ZM15.4095 29.2759C15.4095 28.7505 15.076 28.5044 14.5824 28.5044H13.652V30.0461H14.5824C15.0747 30.0461 15.4095 29.8 15.4095 29.2746V29.2759Z" fill="black"></path><path d="M17.0981 29.0139H18.084V29.6345C18.3222 29.1899 18.7682 28.9503 19.2843 28.9503C19.5464 28.9503 19.7687 29.0139 19.9209 29.133L19.5874 29.968C19.4524 29.8966 19.3095 29.8569 19.1507 29.8569C18.5856 29.8569 18.0854 30.3015 18.0854 31.4793V33.1177H17.0994V29.0152L17.0981 29.0139Z" fill="black"></path><path d="M20.9703 27.312C21.3356 27.312 21.6069 27.5899 21.6069 27.9485C21.6069 28.3072 21.3369 28.5851 20.9703 28.5851C20.6038 28.5851 20.3338 28.3072 20.3338 27.9485C20.3338 27.5899 20.6038 27.312 20.9703 27.312ZM21.4626 33.1164H20.4767V29.0139H21.4626V33.1164Z" fill="black"></path><path d="M22.2355 31.0651C22.2355 29.8251 23.0785 28.9503 24.3026 28.9503C25.1774 28.9503 25.8205 29.2997 26.1553 30.0713L25.2568 30.4762C25.0583 30.0792 24.7565 29.8555 24.3026 29.8555C23.6899 29.8555 23.2373 30.3399 23.2373 31.0638C23.2373 31.7877 23.6899 32.272 24.3026 32.272C24.7552 32.272 25.0583 32.0497 25.2568 31.6514L26.1553 32.0563C25.8219 32.8279 25.1774 33.1772 24.3026 33.1772C23.0785 33.1772 22.2355 32.3025 22.2355 31.0625V31.0651Z" fill="black"></path><path d="M30.5874 31.3827H27.5581C27.6693 32.0113 28.1153 32.3051 28.6473 32.3051C29.1316 32.3051 29.4109 32.0907 29.6808 31.7083L30.5159 32.1609C30.1348 32.7736 29.5617 33.1786 28.5917 33.1786C27.2167 33.1786 26.5484 32.0894 26.5484 31.0638C26.5484 30.0382 27.2723 28.949 28.5838 28.949C29.8952 28.949 30.5874 29.9667 30.5874 30.9765V31.3814V31.3827ZM29.5776 30.6033C29.5062 30.1586 29.1409 29.8079 28.5838 29.8079C28.1391 29.8079 27.7408 30.0938 27.5978 30.6033H29.5776V30.6033Z" fill="black"></path><path d="M31.0294 32.2416L31.7374 31.6448C31.9677 32.0577 32.2866 32.3051 32.7551 32.3051C33.0965 32.3051 33.3281 32.1463 33.3281 31.8922C33.3281 31.6381 33.0105 31.4952 32.4613 31.343C31.785 31.1604 31.253 30.7713 31.253 30.1507C31.253 29.4665 31.8975 28.9503 32.7154 28.9503C33.4472 28.9503 33.876 29.3156 34.1142 29.7139L33.4776 30.2631C33.2553 29.9058 32.9602 29.7933 32.7061 29.7933C32.3726 29.7933 32.1728 29.9442 32.1728 30.1189C32.1728 30.365 32.3951 30.4762 33.0634 30.6522C33.7397 30.8269 34.2796 31.1855 34.2796 31.8922C34.2796 32.5989 33.7225 33.1799 32.6902 33.1799C31.9028 33.1799 31.3311 32.8464 31.0281 32.2416H31.0294Z" fill="black"></path><path d="M23.5046 47.8549H24.2007C24.3979 47.8549 24.4045 47.8443 24.3609 47.6498C24.2643 47.2263 24.1796 46.8015 24.0724 46.382C24.0155 46.161 24.0287 46.0207 24.2391 45.8579C24.7473 45.4675 24.7658 44.7013 24.3212 44.2315C23.8792 43.7643 23.1288 43.763 22.6855 44.2275C22.2395 44.696 22.2514 45.4636 22.7609 45.854C22.9898 46.0286 22.9925 46.1822 22.9237 46.4018C22.9171 46.423 22.9118 46.4429 22.9078 46.464C22.8165 46.8743 22.7238 47.2859 22.6339 47.6961C22.6021 47.8443 22.614 47.8562 22.7715 47.8562C23.0163 47.8562 23.2611 47.8562 23.506 47.8562M23.4954 41.1361C24.2179 41.1361 24.9392 41.1334 25.6604 41.1374C25.7689 41.1374 25.8166 41.1096 25.8139 40.9932C25.8086 40.62 25.8139 40.2454 25.81 39.8723C25.806 39.5771 25.7517 39.29 25.634 39.0187C25.1602 37.9229 24.0406 37.3803 22.88 37.6807C22.0357 37.8991 21.329 38.668 21.2337 39.5374C21.1808 40.0139 21.2072 40.4982 21.1914 40.9786C21.1874 41.1056 21.235 41.1387 21.3568 41.1387C22.0701 41.1334 22.7834 41.1361 23.4967 41.1361M23.4967 50.6023C22.217 50.6023 20.9359 50.6023 19.6562 50.6023C18.6849 50.6023 17.9186 50.0041 17.699 49.0592C17.6619 48.903 17.654 48.735 17.654 48.5735C17.6513 46.7856 17.6566 44.9977 17.65 43.2112C17.6473 42.4899 17.9028 41.9037 18.4943 41.4815C18.8132 41.2539 19.1758 41.1427 19.5689 41.1374C19.7396 41.1348 19.7383 41.1321 19.7396 40.9627C19.7436 40.5035 19.7198 40.0403 19.7595 39.5851C19.9408 37.4822 21.7631 35.9683 23.862 36.1549C25.7584 36.3243 27.2578 37.96 27.2617 39.867C27.2617 40.2282 27.2617 40.5895 27.2617 40.9495C27.2617 41.1321 27.2617 41.1308 27.4457 41.1387C28.2159 41.1731 28.7796 41.5357 29.1436 42.212C29.3024 42.5071 29.3513 42.8274 29.3513 43.1595C29.3513 44.9779 29.3553 46.7949 29.3513 48.6132C29.3487 49.5965 28.732 50.3601 27.7845 50.5639C27.6429 50.5943 27.4946 50.6023 27.3491 50.6023C26.0641 50.6049 24.7804 50.6036 23.4954 50.6036" fill="black"></path></svg><p class="styled__StyledBodyText-sc-119w3hf-5 ggtTyf styled__DarkGreyBodyText-sc-9yzfq2-2 lmkdDf">Low Everyday Price</p></div></div></div></div></div></div></div></li><li class="product-list--list-item"><div class="styles__StyledVerticalTileWrapper-dvv1wj-0 dtCNPH"><div data-auto="product-tile" data-auto-type="Quantity" data-auto-available="true" data-auto-is-restricted-disabled="false" data-auto-is-substitute="false" class="styles__StyledVerticalTile-dvv1wj-1 gSCsYK"><div class="styles__StyledTileContentWrapper-dvv1wj-2 bkNhNP beans"><div id="tile-300953421" data-auto-id="300953421" class="styles__StyledTiledContent-dvv1wj-3 bcglTg"><a href="https://www.tesco.com/groceries/en-GB/products/300953421" aria-hidden="true" class="product-image-wrapper" tabindex="1"><div class="product-image__container"><picture><img class="styled__Image-sjvkdn-0 bJErKA product-image beans-responsive-image__image" src="data:image/gif;base64,R0lGODlhAQABAAAAACH5BAEKAAEALAAAAAABAAEAAAICTAEAOw==" srcset="https://digitalcontent.api.tesco.com/v2/media/ghs/1087310a-1788-4b71-b9d6-00f42b3e216e/d53d9e58-a0d2-4cc8-bb41-c8e47a350b67_293188193.jpeg?h=225&amp;w=225 768w, data:image/gif;base64,R0lGODlhAQABAAAAACH5BAEKAAEALAAAAAABAAEAAAICTAEAOw== 4000w" alt="Tesco Extracts Muscle Soak Bath Foam 1 L"></picture></div></a><div class="product-details--wrapper"><h3 class="styles__H3-oa5soe-0 bCKNNq"><a href="https://www.tesco.com/groceries/en-GB/products/300953421" class="styled__Anchor-sc-1xbujuz-0 csVOnh beans-link__anchor" data-auto="product-tile--title"><span class="styled__Text-sc-1xbujuz-1 ldbwMG beans-link__text">Tesco Extracts Muscle Soak Bath Foam 1 L</span></a></h3><div class="styles__StyledPromotionsAboveMobile-dvv1wj-7 iPTMuo"></div><div class="styles__StyledProductDetailsContent-dvv1wj-5 ddRSrq"><a href="https://www.tesco.com/groceries/en-GB/reviews/submission/300953421?from=%2Fshop%2Fhealth-and-beauty%2Fall" aria-label="Write a review for Tesco Extracts Muscle Soak Bath Foam 1 L" class="styled__Anchor-sc-1xbujuz-0 jSzuDt write-a-review-link beans-link__anchor" data-auto="review-link"><span class="styled__Text-sc-1xbujuz-1 fyDIEo beans-link__text">Write a review</span><span class="styled__IconContainer-sc-1xbujuz-2 bSauSL beans-link__icon-container"><svg aria-hidden="true" class="styled__SVG-xxa4wh-1 hQMCqc beans-link__icon beans-icon__svg" height="13.33" preserveAspectRatio="xMinYMax meet" viewBox="-1 0 12 20" width="8" xmlns="http://www.w3.org/2000/svg" color="currentColor"><path d="M1.312 1.348L10.276 10l-8.964 8.644" fill="none" stroke="currentColor"></path></svg></span></a><div><a href="https://www.tesco.com/groceries/en-GB/shop/health-and-beauty/shower-bath-and-hand-hygiene/bath/bubble-bath-foam-and-soak" class="styled__Anchor-sc-1xbujuz-0 jSzuDt rest-of-shelf-link beans-link__anchor" data-auto="rest-of-shelf-link"><span class="styled__Text-sc-1xbujuz-1 fyDIEo beans-link__text">Rest of <span class="visually-hidden">Bubble Bath, Foam &amp; Soak</span> shelf</span><span class="styled__IconContainer-sc-1xbujuz-2 bSauSL beans-link__icon-container"><svg aria-hidden="true" class="styled__SVG-xxa4wh-1 hQMCqc beans-link__icon beans-icon__svg" height="13.33" preserveAspectRatio="xMinYMax meet" viewBox="-1 0 12 20" width="8" xmlns="http://www.w3.org/2000/svg" color="currentColor"><path d="M1.312 1.348L10.276 10l-8.964 8.644" fill="none" stroke="currentColor"></path></svg></span></a></div><div class="product-info-message-section"><div class="product-info-message-list"></div></div></div><div class="styles__StyledBuyBoxWrapper-dvv1wj-4 dSvjUC"><div class="styles__StyledBuyBoxContainer-sc-1wx0qp6-0 erryje" data-auto="buybox-container"><div class="styles__SafeFormWrapper-jtpu2t-0 lcrYKS"><form action="https://www.tesco.com/groceries/en-GB/trolley/items/300953421?_method=PUT" method="POST"><input type="submit" class="hidden"><input name="id" type="hidden" value="300953421"><input name="identifier" type="hidden" value="Page"><input name="anchorId" type="hidden" value="#tile-300953421"><input name="returnUrl" type="hidden" value="/groceries/en-GB/shop/health-and-beauty/all?redirectIfUnavailable=true#tile-300953421"><input name="backToUrl" type="hidden" value="#"><input name="oldValue" type="hidden" value="0"><input name="oldUnitChoice" type="hidden" value="pcs"><input name="newUnitChoice" type="hidden" value="pcs"><div class="base-components__RootElement-sc-1mosoyj-1 styled__Container-sc-6nhkzi-0 jptQqM hSNpTb beans-buybox__container"><div class="base-components__BaseElement-sc-1mosoyj-0 styled__PriceAndActions-sc-6nhkzi-3 oznwo eEPLov beans-buybox__price-and-actions"><div class="base-components__RootElement-sc-1mosoyj-1 styled__Container-sc-8qlq5b-0 jptQqM bgZrjw styled__StyledPrice-sc-6nhkzi-5 iYHeik beans-buybox__price beans-price__container"><p class="styled__StyledHeading-sc-119w3hf-2 jWPEtj styled__Text-sc-8qlq5b-1 lnaeiZ beans-price__text">£0.90</p><p class="styled__StyledFootnote-sc-119w3hf-7 icrlVF styled__Subtext-sc-8qlq5b-2 bNJmdc beans-price__subtext">£0.09/100ml</p></div><div class="base-components__RootElement-sc-1mosoyj-1 styled__Container-vtxwzb-0 jptQqM bDFhXJ beans-buybox__actions beans-quantity-controls__container"><div class="base-components__RootElement-sc-1mosoyj-1 styled__Container-sc-16t2b2a-0 jptQqM PUfgZ styled__StyledFormGroup-vtxwzb-1 kzKuAr beans-quantity-controls__form-group beans-form-group__container"><label class="styled__StyledLabel-sc-1ttuvhr-0 izGEjV beans-form-group__label beans-label" for="quantity-controls-300953421">Quantity controls </label><div class="base-components__BaseElement-sc-1mosoyj-0 styled__Children-sc-16t2b2a-3 oznwo gdJvjO beans-form-group__children"><div class="styled__StyledQuantityControlWrapper-vtxwzb-6 LCxOg"><label id="quantity-controls-300953421-label" class="styled__VisuallyHiddenLabel-vtxwzb-7 gXlLiM">Quantity of Tesco Extracts Muscle Soak Bath Foam 1 L</label><div class="component__Wrapper-sc-1kpmik-3 dReplG input-wrapper"><input class="base-components__RootElement-sc-1mosoyj-1 styled__StyledInput-sc-1jd5f57-0 component__StyledAsInput-sc-1kpmik-4 jptQqM eJLlow styled__StyledInput-vtxwzb-3 lwMHo beans-quantity-controls__input beans-input" data-auto="beans-quantity-controls-input" autocomplete="off" id="quantity-controls-300953421" maxlength="2" name="newValue" type="number" aria-labelledby="quantity-controls-300953421-label" value="1"></div></div><button class="styled__BaseButton-rsekm1-0 styled__PrimaryButton-rsekm1-2 jChbeY geeWOF styled__StyledButton-vtxwzb-5 japAxb beans-quantity-controls__add-button beans-button__container" type="submit" data-auto="beans-quantity-controls-add-button" aria-label="Quantity of Tesco Extracts Muscle Soak Bath Foam 1 L"><span class="base-components__BaseElement-sc-1mosoyj-0 styled__InnerContainer-rsekm1-1 oznwo fuFres beans-button__inner-container"><span class="base-components__BaseElement-sc-1mosoyj-0 styled__TextSpan-rsekm1-4 oznwo GDiMp beans-button__text">Add</span></span></button></div></div></div></div></div><input name="_csrf" type="hidden" value="0WbpBJF9-cS-fAMl-ByHnl5hECj1JaZiBQ20"></form></div></div></div></div><div class="hidden-medium product-info-section-small"><div class="product-info-message-list"></div></div></div></div></div></div></li><li class="product-list--list-item"><div class="styles__StyledVerticalTileWrapper-dvv1wj-0 dtCNPH"><div data-auto="product-tile" data-auto-type="Quantity" data-auto-available="true" data-auto-is-restricted-disabled="false" data-auto-is-substitute="false" class="styles__StyledVerticalTile-dvv1wj-1 gSCsYK"><div class="styles__StyledTileContentWrapper-dvv1wj-2 bkNhNP beans"><div id="tile-290068990" data-auto-id="290068990" class="styles__StyledTiledContent-dvv1wj-3 bcglTg"><a href="https://www.tesco.com/groceries/en-GB/products/290068990" aria-hidden="true" class="product-image-wrapper" tabindex="1"><div class="product-image__container"><picture><img class="styled__Image-sjvkdn-0 bJErKA product-image beans-responsive-image__image" src="data:image/gif;base64,R0lGODlhAQABAAAAACH5BAEKAAEALAAAAAABAAEAAAICTAEAOw==" srcset="https://digitalcontent.api.tesco.com/v2/media/ghs/4ca83c9c-fdec-465f-a66c-e6667fe6607d/645bcc72-2f83-4eb4-838d-d97bb0c91600_975290301.jpeg?h=225&amp;w=225 768w, data:image/gif;base64,R0lGODlhAQABAAAAACH5BAEKAAEALAAAAAABAAEAAAICTAEAOw== 4000w" alt="Aquafresh Fresh &amp; Minty Toothpaste 75Ml"></picture></div></a><div class="product-details--wrapper"><h3 class="styles__H3-oa5soe-0 bCKNNq"><a href="https://www.tesco.com/groceries/en-GB/products/290068990" class="styled__Anchor-sc-1xbujuz-0 csVOnh beans-link__anchor" data-auto="product-tile--title"><span class="styled__Text-sc-1xbujuz-1 ldbwMG beans-link__text">Aquafresh Fresh &amp; Minty Toothpaste 75Ml</span></a></h3><div class="styles__StyledPromotionsAboveMobile-dvv1wj-7 iPTMuo"></div><div class="styles__StyledProductDetailsContent-dvv1wj-5 ddRSrq"><a href="https://www.tesco.com/groceries/en-GB/reviews/submission/290068990?from=%2Fshop%2Fhealth-and-beauty%2Fall" aria-label="Write a review for Aquafresh Fresh &amp; Minty Toothpaste 75Ml" class="styled__Anchor-sc-1xbujuz-0 jSzuDt write-a-review-link beans-link__anchor" data-auto="review-link"><span class="styled__Text-sc-1xbujuz-1 fyDIEo beans-link__text">Write a review</span><span class="styled__IconContainer-sc-1xbujuz-2 bSauSL beans-link__icon-container"><svg aria-hidden="true" class="styled__SVG-xxa4wh-1 hQMCqc beans-link__icon beans-icon__svg" height="13.33" preserveAspectRatio="xMinYMax meet" viewBox="-1 0 12 20" width="8" xmlns="http://www.w3.org/2000/svg" color="currentColor"><path d="M1.312 1.348L10.276 10l-8.964 8.644" fill="none" stroke="currentColor"></path></svg></span></a><div><a href="https://www.tesco.com/groceries/en-GB/shop/health-and-beauty/toothpaste-mouthwash-and-toothbrush/toothpaste/regular-toothpaste" class="styled__Anchor-sc-1xbujuz-0 jSzuDt rest-of-shelf-link beans-link__anchor" data-auto="rest-of-shelf-link"><span class="styled__Text-sc-1xbujuz-1 fyDIEo beans-link__text">Rest of <span class="visually-hidden">Regular Toothpaste</span> shelf</span><span class="styled__IconContainer-sc-1xbujuz-2 bSauSL beans-link__icon-container"><svg aria-hidden="true" class="styled__SVG-xxa4wh-1 hQMCqc beans-link__icon beans-icon__svg" height="13.33" preserveAspectRatio="xMinYMax meet" viewBox="-1 0 12 20" width="8" xmlns="http://www.w3.org/2000/svg" color="currentColor"><path d="M1.312 1.348L10.276 10l-8.964 8.644" fill="none" stroke="currentColor"></path></svg></span></a></div><div class="product-info-message-section"><div class="product-info-message-list"></div></div></div><div class="styles__StyledBuyBoxWrapper-dvv1wj-4 dSvjUC"><div class="styles__StyledBuyBoxContainer-sc-1wx0qp6-0 erryje" data-auto="buybox-container"><div class="styles__SafeFormWrapper-jtpu2t-0 lcrYKS"><form action="https://www.tesco.com/groceries/en-GB/trolley/items/290068990?_method=PUT" method="POST"><input type="submit" class="hidden"><input name="id" type="hidden" value="290068990"><input name="identifier" type="hidden" value="Page"><input name="anchorId" type="hidden" value="#tile-290068990"><input name="returnUrl" type="hidden" value="/groceries/en-GB/shop/health-and-beauty/all?redirectIfUnavailable=true#tile-290068990"><input name="backToUrl" type="hidden" value="#"><input name="oldValue" type="hidden" value="0"><input name="oldUnitChoice" type="hidden" value="pcs"><input name="newUnitChoice" type="hidden" value="pcs"><div class="base-components__RootElement-sc-1mosoyj-1 styled__Container-sc-6nhkzi-0 jptQqM hSNpTb beans-buybox__container"><div class="base-components__BaseElement-sc-1mosoyj-0 styled__PriceAndActions-sc-6nhkzi-3 oznwo eEPLov beans-buybox__price-and-actions"><div class="base-components__RootElement-sc-1mosoyj-1 styled__Container-sc-8qlq5b-0 jptQqM bgZrjw styled__StyledPrice-sc-6nhkzi-5 iYHeik beans-buybox__price beans-price__container"><p class="styled__StyledHeading-sc-119w3hf-2 jWPEtj styled__Text-sc-8qlq5b-1 lnaeiZ beans-price__text">£0.95</p><p class="styled__StyledFootnote-sc-119w3hf-7 icrlVF styled__Subtext-sc-8qlq5b-2 bNJmdc beans-price__subtext">£1.27/100ml</p></div><div class="base-components__RootElement-sc-1mosoyj-1 styled__Container-vtxwzb-0 jptQqM bDFhXJ beans-buybox__actions beans-quantity-controls__container"><div class="base-components__RootElement-sc-1mosoyj-1 styled__Container-sc-16t2b2a-0 jptQqM PUfgZ styled__StyledFormGroup-vtxwzb-1 kzKuAr beans-quantity-controls__form-group beans-form-group__container"><label class="styled__StyledLabel-sc-1ttuvhr-0 izGEjV beans-form-group__label beans-label" for="quantity-controls-290068990">Quantity controls </label><div class="base-components__BaseElement-sc-1mosoyj-0 styled__Children-sc-16t2b2a-3 oznwo gdJvjO beans-form-group__children"><div class="styled__StyledQuantityControlWrapper-vtxwzb-6 LCxOg"><label id="quantity-controls-290068990-label" class="styled__VisuallyHiddenLabel-vtxwzb-7 gXlLiM">Quantity of Aquafresh Fresh &amp; Minty Toothpaste 75Ml</label><div class="component__Wrapper-sc-1kpmik-3 dReplG input-wrapper"><input class="base-components__RootElement-sc-1mosoyj-1 styled__StyledInput-sc-1jd5f57-0 component__StyledAsInput-sc-1kpmik-4 jptQqM eJLlow styled__StyledInput-vtxwzb-3 lwMHo beans-quantity-controls__input beans-input" data-auto="beans-quantity-controls-input" autocomplete="off" id="quantity-controls-290068990" maxlength="2" name="newValue" type="number" aria-labelledby="quantity-controls-290068990-label" value="1"></div></div><button class="styled__BaseButton-rsekm1-0 styled__PrimaryButton-rsekm1-2 jChbeY geeWOF styled__StyledButton-vtxwzb-5 japAxb beans-quantity-controls__add-button beans-button__container" type="submit" data-auto="beans-quantity-controls-add-button" aria-label="Quantity of Aquafresh Fresh &amp; Minty Toothpaste 75Ml"><span class="base-components__BaseElement-sc-1mosoyj-0 styled__InnerContainer-rsekm1-1 oznwo fuFres beans-button__inner-container"><span class="base-components__BaseElement-sc-1mosoyj-0 styled__TextSpan-rsekm1-4 oznwo GDiMp beans-button__text">Add</span></span></button></div></div></div></div></div><input name="_csrf" type="hidden" value="0WbpBJF9-cS-fAMl-ByHnl5hECj1JaZiBQ20"></form></div></div></div></div><div class="hidden-medium product-info-section-small"><div class="product-info-message-list"></div></div></div></div></div></div></li><li class="product-list--list-item"><div class="styles__StyledVerticalTileWrapper-dvv1wj-0 dtCNPH"><div data-auto="product-tile" data-auto-type="Quantity" data-auto-available="true" data-auto-is-restricted-disabled="false" data-auto-is-substitute="false" class="styles__StyledVerticalTile-dvv1wj-1 gSCsYK"><div class="styles__StyledTileContentWrapper-dvv1wj-2 bkNhNP beans"><div id="tile-300953381" data-auto-id="300953381" class="styles__StyledTiledContent-dvv1wj-3 bcglTg"><a href="https://www.tesco.com/groceries/en-GB/products/300953381" aria-hidden="true" class="product-image-wrapper" tabindex="1"><div class="product-image__container"><picture><img class="styled__Image-sjvkdn-0 bJErKA product-image beans-responsive-image__image" src="data:image/gif;base64,R0lGODlhAQABAAAAACH5BAEKAAEALAAAAAABAAEAAAICTAEAOw==" srcset="https://digitalcontent.api.tesco.com/v2/media/ghs/855bb150-3fd4-40cb-9fa6-889a406d927c/cd556df4-e3bf-4d6a-ba77-b0bd349e4b52_30905293.jpeg?h=225&amp;w=225 768w, data:image/gif;base64,R0lGODlhAQABAAAAACH5BAEKAAEALAAAAAABAAEAAAICTAEAOw== 4000w" alt="Tesco Extracts Magnolia Bath Foam 1 L"></picture></div></a><div class="product-details--wrapper"><h3 class="styles__H3-oa5soe-0 bCKNNq"><a href="https://www.tesco.com/groceries/en-GB/products/300953381" class="styled__Anchor-sc-1xbujuz-0 csVOnh beans-link__anchor" data-auto="product-tile--title"><span class="styled__Text-sc-1xbujuz-1 ldbwMG beans-link__text">Tesco Extracts Magnolia Bath Foam 1 L</span></a></h3><div class="styles__StyledPromotionsAboveMobile-dvv1wj-7 iPTMuo"></div><div class="styles__StyledProductDetailsContent-dvv1wj-5 ddRSrq"><a href="https://www.tesco.com/groceries/en-GB/reviews/submission/300953381?from=%2Fshop%2Fhealth-and-beauty%2Fall" aria-label="Write a review for Tesco Extracts Magnolia Bath Foam 1 L" class="styled__Anchor-sc-1xbujuz-0 jSzuDt write-a-review-link beans-link__anchor" data-auto="review-link"><span class="styled__Text-sc-1xbujuz-1 fyDIEo beans-link__text">Write a review</span><span class="styled__IconContainer-sc-1xbujuz-2 bSauSL beans-link__icon-container"><svg aria-hidden="true" class="styled__SVG-xxa4wh-1 hQMCqc beans-link__icon beans-icon__svg" height="13.33" preserveAspectRatio="xMinYMax meet" viewBox="-1 0 12 20" width="8" xmlns="http://www.w3.org/2000/svg" color="currentColor"><path d="M1.312 1.348L10.276 10l-8.964 8.644" fill="none" stroke="currentColor"></path></svg></span></a><div><a href="https://www.tesco.com/groceries/en-GB/shop/health-and-beauty/shower-bath-and-hand-hygiene/bath/bubble-bath-foam-and-soak" class="styled__Anchor-sc-1xbujuz-0 jSzuDt rest-of-shelf-link beans-link__anchor" data-auto="rest-of-shelf-link"><span class="styled__Text-sc-1xbujuz-1 fyDIEo beans-link__text">Rest of <span class="visually-hidden">Bubble Bath, Foam &amp; Soak</span> shelf</span><span class="styled__IconContainer-sc-1xbujuz-2 bSauSL beans-link__icon-container"><svg aria-hidden="true" class="styled__SVG-xxa4wh-1 hQMCqc beans-link__icon beans-icon__svg" height="13.33" preserveAspectRatio="xMinYMax meet" viewBox="-1 0 12 20" width="8" xmlns="http://www.w3.org/2000/svg" color="currentColor"><path d="M1.312 1.348L10.276 10l-8.964 8.644" fill="none" stroke="currentColor"></path></svg></span></a></div><div class="product-info-message-section"><div class="product-info-message-list"></div></div></div><div class="styles__StyledBuyBoxWrapper-dvv1wj-4 dSvjUC"><div class="styles__StyledBuyBoxContainer-sc-1wx0qp6-0 erryje" data-auto="buybox-container"><div class="styles__SafeFormWrapper-jtpu2t-0 lcrYKS"><form action="https://www.tesco.com/groceries/en-GB/trolley/items/300953381?_method=PUT" method="POST"><input type="submit" class="hidden"><input name="id" type="hidden" value="300953381"><input name="identifier" type="hidden" value="Page"><input name="anchorId" type="hidden" value="#tile-300953381"><input name="returnUrl" type="hidden" value="/groceries/en-GB/shop/health-and-beauty/all?redirectIfUnavailable=true#tile-300953381"><input name="backToUrl" type="hidden" value="#"><input name="oldValue" type="hidden" value="0"><input name="oldUnitChoice" type="hidden" value="pcs"><input name="newUnitChoice" type="hidden" value="pcs"><div class="base-components__RootElement-sc-1mosoyj-1 styled__Container-sc-6nhkzi-0 jptQqM hSNpTb beans-buybox__container"><div class="base-components__BaseElement-sc-1mosoyj-0 styled__PriceAndActions-sc-6nhkzi-3 oznwo eEPLov beans-buybox__price-and-actions"><div class="base-components__RootElement-sc-1mosoyj-1 styled__Container-sc-8qlq5b-0 jptQqM bgZrjw styled__StyledPrice-sc-6nhkzi-5 iYHeik beans-buybox__price beans-price__container"><p class="styled__StyledHeading-sc-119w3hf-2 jWPEtj styled__Text-sc-8qlq5b-1 lnaeiZ beans-price__text">£0.90</p><p class="styled__StyledFootnote-sc-119w3hf-7 icrlVF styled__Subtext-sc-8qlq5b-2 bNJmdc beans-price__subtext">£0.09/100ml</p></div><div class="base-components__RootElement-sc-1mosoyj-1 styled__Container-vtxwzb-0 jptQqM bDFhXJ beans-buybox__actions beans-quantity-controls__container"><div class="base-components__RootElement-sc-1mosoyj-1 styled__Container-sc-16t2b2a-0 jptQqM PUfgZ styled__StyledFormGroup-vtxwzb-1 kzKuAr beans-quantity-controls__form-group beans-form-group__container"><label class="styled__StyledLabel-sc-1ttuvhr-0 izGEjV beans-form-group__label beans-label" for="quantity-controls-300953381">Quantity controls </label><div class="base-components__BaseElement-sc-1mosoyj-0 styled__Children-sc-16t2b2a-3 oznwo gdJvjO beans-form-group__children"><div class="styled__StyledQuantityControlWrapper-vtxwzb-6 LCxOg"><label id="quantity-controls-300953381-label" class="styled__VisuallyHiddenLabel-vtxwzb-7 gXlLiM">Quantity of Tesco Extracts Magnolia Bath Foam 1 L</label><div class="component__Wrapper-sc-1kpmik-3 dReplG input-wrapper"><input class="base-components__RootElement-sc-1mosoyj-1 styled__StyledInput-sc-1jd5f57-0 component__StyledAsInput-sc-1kpmik-4 jptQqM eJLlow styled__StyledInput-vtxwzb-3 lwMHo beans-quantity-controls__input beans-input" data-auto="beans-quantity-controls-input" autocomplete="off" id="quantity-controls-300953381" maxlength="2" name="newValue" type="number" aria-labelledby="quantity-controls-300953381-label" value="1"></div></div><button class="styled__BaseButton-rsekm1-0 styled__PrimaryButton-rsekm1-2 jChbeY geeWOF styled__StyledButton-vtxwzb-5 japAxb beans-quantity-controls__add-button beans-button__container" type="submit" data-auto="beans-quantity-controls-add-button" aria-label="Quantity of Tesco Extracts Magnolia Bath Foam 1 L"><span class="base-components__BaseElement-sc-1mosoyj-0 styled__InnerContainer-rsekm1-1 oznwo fuFres beans-button__inner-container"><span class="base-components__BaseElement-sc-1mosoyj-0 styled__TextSpan-rsekm1-4 oznwo GDiMp beans-button__text">Add</span></span></button></div></div></div></div></div><input name="_csrf" type="hidden" value="0WbpBJF9-cS-fAMl-ByHnl5hECj1JaZiBQ20"></form></div></div></div></div><div class="hidden-medium product-info-section-small"><div class="product-info-message-list"></div></div></div></div></div></div></li><li class="product-list--list-item"><div class="styles__StyledVerticalTileWrapper-dvv1wj-0 dtCNPH"><div data-auto="product-tile" data-auto-type="Quantity" data-auto-available="true" data-auto-is-restricted-disabled="false" data-auto-is-substitute="false" class="styles__StyledVerticalTile-dvv1wj-1 gSCsYK"><div class="styles__StyledTileContentWrapper-dvv1wj-2 bkNhNP beans"><div id="tile-267570900" data-auto-id="267570900" class="styles__StyledTiledContent-dvv1wj-3 bcglTg"><a href="https://www.tesco.com/groceries/en-GB/products/267570900" aria-hidden="true" class="product-image-wrapper" tabindex="1"><div class="product-image__container"><picture><img class="styled__Image-sjvkdn-0 bJErKA product-image beans-responsive-image__image" src="data:image/gif;base64,R0lGODlhAQABAAAAACH5BAEKAAEALAAAAAABAAEAAAICTAEAOw==" srcset="https://digitalcontent.api.tesco.com/v2/media/ghs/d8ff958a-fa4b-4fef-b676-14c4388d353f/f4a93ef3-9bee-4e80-85b7-2b97a5207d6b_1020876725.jpeg?h=225&amp;w=225 768w, data:image/gif;base64,R0lGODlhAQABAAAAACH5BAEKAAEALAAAAAABAAEAAAICTAEAOw== 4000w" alt="Colgate Triple Action Toothpaste 100Ml"></picture></div></a><div class="product-details--wrapper"><h3 class="styles__H3-oa5soe-0 bCKNNq"><a href="https://www.tesco.com/groceries/en-GB/products/267570900" class="styled__Anchor-sc-1xbujuz-0 csVOnh beans-link__anchor" data-auto="product-tile--title"><span class="styled__Text-sc-1xbujuz-1 ldbwMG beans-link__text">Colgate Triple Action Toothpaste 100Ml</span></a></h3><div class="styles__StyledPromotionsAboveMobile-dvv1wj-7 iPTMuo"></div><div class="styles__StyledProductDetailsContent-dvv1wj-5 ddRSrq"><a href="https://www.tesco.com/groceries/en-GB/reviews/submission/267570900?from=%2Fshop%2Fhealth-and-beauty%2Fall" aria-label="Write a review for Colgate Triple Action Toothpaste 100Ml" class="styled__Anchor-sc-1xbujuz-0 jSzuDt write-a-review-link beans-link__anchor" data-auto="review-link"><span class="styled__Text-sc-1xbujuz-1 fyDIEo beans-link__text">Write a review</span><span class="styled__IconContainer-sc-1xbujuz-2 bSauSL beans-link__icon-container"><svg aria-hidden="true" class="styled__SVG-xxa4wh-1 hQMCqc beans-link__icon beans-icon__svg" height="13.33" preserveAspectRatio="xMinYMax meet" viewBox="-1 0 12 20" width="8" xmlns="http://www.w3.org/2000/svg" color="currentColor"><path d="M1.312 1.348L10.276 10l-8.964 8.644" fill="none" stroke="currentColor"></path></svg></span></a><div><a href="https://www.tesco.com/groceries/en-GB/shop/health-and-beauty/toothpaste-mouthwash-and-toothbrush/toothpaste/regular-toothpaste" class="styled__Anchor-sc-1xbujuz-0 jSzuDt rest-of-shelf-link beans-link__anchor" data-auto="rest-of-shelf-link"><span class="styled__Text-sc-1xbujuz-1 fyDIEo beans-link__text">Rest of <span class="visually-hidden">Regular Toothpaste</span> shelf</span><span class="styled__IconContainer-sc-1xbujuz-2 bSauSL beans-link__icon-container"><svg aria-hidden="true" class="styled__SVG-xxa4wh-1 hQMCqc beans-link__icon beans-icon__svg" height="13.33" preserveAspectRatio="xMinYMax meet" viewBox="-1 0 12 20" width="8" xmlns="http://www.w3.org/2000/svg" color="currentColor"><path d="M1.312 1.348L10.276 10l-8.964 8.644" fill="none" stroke="currentColor"></path></svg></span></a></div><div class="product-info-message-section"><div class="product-info-message-list"><div class="styled__WhiteBackground-sc-9yzfq2-1 jthPIJ"><svg width="56" height="56" viewBox="0 0 56 56" fill="none" xmlns="http://www.w3.org/2000/svg"><path d="M52.1301 27.8766C52.1301 14.5534 41.3293 3.75308 28.0066 3.75308C14.6834 3.75308 3.88306 14.5534 3.88306 27.8766C3.88306 41.1998 14.6834 52.0002 28.0066 52.0002C41.3293 52.0002 52.1301 41.1998 52.1301 27.8766Z" fill="#EE1C2E"></path><path d="M19.6853 36.5687L31.8169 48.6998L52.6633 27.8998L51.9894 23.0423L31.886 43.1452L22.5438 33.803L19.6853 36.5687Z" fill="white"></path><path d="M24.2699 12.0048L23.5594 9.93467L22.8484 12.0048H24.2699ZM24.6345 13.0711H22.4844L21.9776 14.5375H20.7515L22.9815 8.31722H24.1369L26.3669 14.5375H25.1408L24.6345 13.0711Z" fill="white"></path><path d="M27.8359 14.5375H26.734V8.24609H27.8359V14.5375Z" fill="white"></path><path d="M31.5684 13.2309C31.7849 12.9886 31.8927 12.6597 31.8927 12.2446C31.8927 11.8306 31.7849 11.5016 31.5684 11.2588C31.3524 11.0159 31.0811 10.8942 30.7558 10.8942C30.4299 10.8942 30.1587 11.0159 29.9427 11.2588C29.7267 11.5016 29.6184 11.8306 29.6184 12.2446C29.6184 12.6597 29.7267 12.9886 29.9427 13.2309C30.1587 13.4738 30.4299 13.5955 30.7558 13.5955C31.0811 13.5955 31.3524 13.4738 31.5684 13.2309ZM29.4673 14.3065C29.159 14.1049 28.9177 13.8234 28.7429 13.4619C28.5681 13.101 28.481 12.6952 28.481 12.2446C28.481 11.7888 28.5655 11.3815 28.7341 11.0231C28.9032 10.6648 29.1384 10.3848 29.4405 10.1837C29.7426 9.98212 30.0891 9.88158 30.48 9.88158C30.7883 9.88158 31.0579 9.93624 31.2889 10.0455C31.5199 10.1554 31.6978 10.3106 31.8221 10.5122V8.24609H32.9239V14.5375H31.8221V13.9863C31.6916 14.1704 31.5137 14.3194 31.2889 14.4349C31.0636 14.5504 30.797 14.6086 30.4892 14.6086C30.1159 14.6086 29.7751 14.5076 29.4673 14.3065Z" fill="white"></path><path d="M34.9657 14.5375H33.8638V9.95224H34.9657V14.5375ZM33.9082 8.34408C34.0443 8.20796 34.2129 8.1399 34.4145 8.1399C34.6161 8.1399 34.7847 8.20796 34.9208 8.34408C35.0574 8.48071 35.1255 8.64931 35.1255 8.8504C35.1255 9.052 35.0574 9.22112 34.9208 9.35724C34.7847 9.49336 34.6161 9.56142 34.4145 9.56142C34.2129 9.56142 34.0443 9.49336 33.9082 9.35724C33.7715 9.22112 33.704 9.052 33.704 8.8504C33.704 8.64931 33.7715 8.48071 33.9082 8.34408Z" fill="white"></path><path d="M19.6791 19.3347C19.8894 19.1506 19.9946 18.8779 19.9946 18.5169C19.9946 18.1565 19.8894 17.8838 19.6791 17.6997C19.4682 17.5156 19.183 17.4233 18.8221 17.4233H17.5027V19.6111H18.8221C19.183 19.6111 19.4682 19.5188 19.6791 19.3347ZM17.5027 23.9628H16.0374V16.0704H18.9345C19.461 16.0704 19.9157 16.1776 20.2988 16.3921C20.6824 16.6061 20.9753 16.8995 21.1784 17.2712C21.3816 17.6435 21.4826 18.0586 21.4826 18.5169C21.4826 18.9758 21.3816 19.3909 21.1784 19.7632C20.9753 20.1354 20.6824 20.4283 20.2988 20.6423C19.9157 20.8568 19.461 20.9635 18.9345 20.9635H17.5027V23.9628Z" fill="white"></path><path d="M22.0396 18.1451H23.4379V19.0248C23.6029 18.7087 23.8359 18.4684 24.1365 18.3029C24.4376 18.1374 24.7717 18.0549 25.1404 18.0549C25.5235 18.0549 25.8241 18.1415 26.0422 18.3143L25.5689 19.4981C25.3729 19.3929 25.1662 19.3403 24.9486 19.3403C24.5124 19.3403 24.152 19.528 23.8663 19.9039C23.5802 20.2797 23.4379 20.8582 23.4379 21.6404V23.9627H22.0396V18.1451Z" fill="white"></path><path d="M27.8879 23.9627H26.4896V18.1451H27.8879V23.9627ZM26.5458 16.1044C26.7191 15.9316 26.933 15.845 27.1888 15.845C27.444 15.845 27.658 15.9316 27.8312 16.1044C28.0039 16.2771 28.0906 16.4916 28.0906 16.7468C28.0906 17.0026 28.0039 17.217 27.8312 17.3898C27.658 17.5625 27.444 17.6491 27.1888 17.6491C26.933 17.6491 26.7191 17.5625 26.5458 17.3898C26.3731 17.217 26.287 17.0026 26.287 16.7468C26.287 16.4916 26.3731 16.2771 26.5458 16.1044Z" fill="white"></path><path d="M30.0603 23.6693C29.6168 23.4141 29.2714 23.0588 29.0234 22.6041C28.7754 22.1493 28.6511 21.6327 28.6511 21.0537C28.6511 20.4752 28.7754 19.9585 29.0234 19.5038C29.2714 19.049 29.6168 18.6937 30.0603 18.438C30.5037 18.1828 31.011 18.0549 31.5823 18.0549C32.8749 18.0549 33.751 18.585 34.2093 19.6445L32.9353 20.2199C32.6424 19.6332 32.1913 19.3403 31.5823 19.3403C31.1466 19.3403 30.7857 19.4981 30.5001 19.8136C30.2144 20.1297 30.0716 20.5427 30.0716 21.0537C30.0716 21.5651 30.2144 21.9787 30.5001 22.2942C30.7857 22.6097 31.1466 22.7675 31.5823 22.7675C32.1913 22.7675 32.6424 22.4747 32.9353 21.8884L34.2093 22.4633C33.751 23.5229 32.8749 24.0529 31.5823 24.0529C31.011 24.0529 30.5037 23.9251 30.0603 23.6693Z" fill="white"></path><path d="M38.727 20.3999C38.6744 20.0694 38.5223 19.7987 38.2707 19.5883C38.0186 19.3779 37.7015 19.2728 37.3179 19.2728C36.9946 19.2728 36.7048 19.3723 36.4496 19.5713C36.1939 19.7708 36.0175 20.0467 35.9196 20.3999H38.727ZM40.1588 21.5048H35.8633C35.9381 21.9333 36.115 22.2586 36.3934 22.4803C36.6713 22.702 37.0095 22.8129 37.4081 22.8129C37.7386 22.8129 38.015 22.7433 38.2367 22.6041C38.4584 22.4649 38.6708 22.253 38.874 21.9673L40.0573 22.6097C39.7716 23.0759 39.4092 23.4327 38.9693 23.6812C38.5295 23.9287 37.983 24.0529 37.3292 24.0529C36.7125 24.0529 36.1846 23.9086 35.7453 23.6188C35.3055 23.3295 34.9765 22.9557 34.7584 22.4968C34.5403 22.0385 34.4315 21.5574 34.4315 21.0537C34.4315 20.5504 34.546 20.0694 34.7754 19.611C35.0044 19.1526 35.3374 18.7783 35.7731 18.4891C36.2088 18.1998 36.7239 18.0549 37.3179 18.0549C37.9191 18.0549 38.4341 18.19 38.8626 18.4607C39.2911 18.7314 39.6139 19.0866 39.832 19.5264C40.0501 19.9657 40.1588 20.4339 40.1588 20.9299V21.5048Z" fill="white"></path><path d="M16.3879 25.558H17.7399L19.2454 29.4977L20.751 25.558H22.1029V31.8684H20.9309V28.0282L19.6873 31.2915H18.8035L17.5599 28.0282V31.8684H16.3879V25.558Z" fill="white"></path><path d="M25.4058 30.7146C25.6131 30.5341 25.7167 30.3119 25.7167 30.0474V29.9216H24.8335C24.5746 29.9216 24.3689 29.971 24.2158 30.07C24.0626 30.169 23.9858 30.3057 23.9858 30.48C23.9858 30.6424 24.0415 30.7671 24.1529 30.8543C24.2637 30.9414 24.4277 30.9847 24.6437 30.9847C24.9443 30.9847 25.1985 30.8945 25.4058 30.7146ZM23.6074 31.7782C23.3671 31.67 23.1748 31.5122 23.0304 31.3049C22.886 31.0976 22.8138 30.8496 22.8138 30.5609C22.8138 30.1046 22.9855 29.7364 23.3279 29.457C23.6703 29.1775 24.1333 29.0378 24.7159 29.0378H25.7167V28.8754C25.7167 28.6413 25.6357 28.4531 25.4733 28.3118C25.3109 28.1711 25.0918 28.1004 24.8154 28.1004C24.5927 28.1004 24.3916 28.1592 24.2111 28.2763C24.0312 28.3933 23.8956 28.5299 23.8059 28.6862L22.9494 28.1726C23.1113 27.8782 23.3516 27.6333 23.6703 27.4379C23.9889 27.2425 24.3705 27.145 24.8154 27.145C25.4522 27.145 25.9482 27.2982 26.3024 27.6044C26.6572 27.9112 26.8345 28.3526 26.8345 28.9295V31.8685H25.9152L25.7621 31.2735C25.6115 31.4776 25.4207 31.6401 25.1892 31.7602C24.9582 31.8803 24.686 31.9401 24.3735 31.9401C24.1029 31.9401 23.8476 31.8865 23.6074 31.7782Z" fill="white"></path><path d="M27.8214 30.3V28.1726H27.1182V27.2167H27.8214V26.4417L28.9393 25.7384V27.2167H30.1381V28.1726H28.9393V30.2458C28.9393 30.6903 29.1166 30.9125 29.4709 30.9125C29.6333 30.9125 29.7895 30.8496 29.9395 30.7233L30.4443 31.5797C30.2881 31.706 30.1169 31.7978 29.9308 31.855C29.7446 31.9117 29.5549 31.9401 29.3626 31.9401C28.3355 31.9401 27.8214 31.3936 27.8214 30.3Z" fill="white"></path><path d="M31.5487 31.6339C31.194 31.4297 30.9176 31.1456 30.7196 30.7821C30.5211 30.4186 30.4221 30.0056 30.4221 29.5426C30.4221 29.0801 30.5211 28.6666 30.7196 28.3031C30.9176 27.9396 31.194 27.6555 31.5487 27.4513C31.9034 27.2471 32.3087 27.145 32.7655 27.145C33.7993 27.145 34.4995 27.5683 34.8661 28.416L33.8473 28.8754C33.6132 28.4067 33.2528 28.1726 32.7655 28.1726C32.417 28.1726 32.1288 28.2989 31.9004 28.5511C31.6719 28.8037 31.558 29.1342 31.558 29.5426C31.558 29.9509 31.6719 30.282 31.9004 30.5341C32.1288 30.7867 32.417 30.9125 32.7655 30.9125C33.2528 30.9125 33.6132 30.6785 33.8473 30.2098L34.8661 30.6697C34.4995 31.5168 33.7993 31.9401 32.7655 31.9401C32.3087 31.9401 31.9034 31.8386 31.5487 31.6339Z" fill="white"></path><path d="M35.3998 25.4863H36.5176V27.9473C36.662 27.707 36.8615 27.5132 37.1167 27.3657C37.3725 27.2188 37.6592 27.145 37.9778 27.145C38.4702 27.145 38.8579 27.2909 39.1405 27.5823C39.423 27.8736 39.5643 28.2804 39.5643 28.8037V31.8685H38.4465V29.0285C38.4465 28.7522 38.3758 28.5408 38.2346 28.3933C38.0933 28.2458 37.8907 28.1726 37.6262 28.1726C37.3199 28.1726 37.0585 28.3093 36.8419 28.5825C36.6254 28.8558 36.5176 29.275 36.5176 29.8401V31.8685H35.3998V25.4863Z" fill="white"></path></svg><p class="styled__StyledBodyText-sc-119w3hf-5 ggtTyf styled__DarkGreyBodyText-jk5kya-0 iwRWTH">Aldi Price Match</p></div></div></div></div><div class="styles__StyledBuyBoxWrapper-dvv1wj-4 dSvjUC"><div class="styles__StyledBuyBoxContainer-sc-1wx0qp6-0 erryje" data-auto="buybox-container"><div class="styles__SafeFormWrapper-jtpu2t-0 lcrYKS"><form action="https://www.tesco.com/groceries/en-GB/trolley/items/267570900?_method=PUT" method="POST"><input type="submit" class="hidden"><input name="id" type="hidden" value="267570900"><input name="identifier" type="hidden" value="Page"><input name="anchorId" type="hidden" value="#tile-267570900"><input name="returnUrl" type="hidden" value="/groceries/en-GB/shop/health-and-beauty/all?redirectIfUnavailable=true#tile-267570900"><input name="backToUrl" type="hidden" value="#"><input name="oldValue" type="hidden" value="0"><input name="oldUnitChoice" type="hidden" value="pcs"><input name="newUnitChoice" type="hidden" value="pcs"><div class="base-components__RootElement-sc-1mosoyj-1 styled__Container-sc-6nhkzi-0 jptQqM hSNpTb beans-buybox__container"><div class="base-components__BaseElement-sc-1mosoyj-0 styled__PriceAndActions-sc-6nhkzi-3 oznwo eEPLov beans-buybox__price-and-actions"><div class="base-components__RootElement-sc-1mosoyj-1 styled__Container-sc-8qlq5b-0 jptQqM bgZrjw styled__StyledPrice-sc-6nhkzi-5 iYHeik beans-buybox__price beans-price__container"><p class="styled__StyledHeading-sc-119w3hf-2 jWPEtj styled__Text-sc-8qlq5b-1 lnaeiZ beans-price__text">£0.98</p><p class="styled__StyledFootnote-sc-119w3hf-7 icrlVF styled__Subtext-sc-8qlq5b-2 bNJmdc beans-price__subtext">£0.98/100ml</p></div><div class="base-components__RootElement-sc-1mosoyj-1 styled__Container-vtxwzb-0 jptQqM bDFhXJ beans-buybox__actions beans-quantity-controls__container"><div class="base-components__RootElement-sc-1mosoyj-1 styled__Container-sc-16t2b2a-0 jptQqM PUfgZ styled__StyledFormGroup-vtxwzb-1 kzKuAr beans-quantity-controls__form-group beans-form-group__container"><label class="styled__StyledLabel-sc-1ttuvhr-0 izGEjV beans-form-group__label beans-label" for="quantity-controls-267570900">Quantity controls </label><div class="base-components__BaseElement-sc-1mosoyj-0 styled__Children-sc-16t2b2a-3 oznwo gdJvjO beans-form-group__children"><div class="styled__StyledQuantityControlWrapper-vtxwzb-6 LCxOg"><label id="quantity-controls-267570900-label" class="styled__VisuallyHiddenLabel-vtxwzb-7 gXlLiM">Quantity of Colgate Triple Action Toothpaste 100Ml</label><div class="component__Wrapper-sc-1kpmik-3 dReplG input-wrapper"><input class="base-components__RootElement-sc-1mosoyj-1 styled__StyledInput-sc-1jd5f57-0 component__StyledAsInput-sc-1kpmik-4 jptQqM eJLlow styled__StyledInput-vtxwzb-3 lwMHo beans-quantity-controls__input beans-input" data-auto="beans-quantity-controls-input" autocomplete="off" id="quantity-controls-267570900" maxlength="2" name="newValue" type="number" aria-labelledby="quantity-controls-267570900-label" value="1"></div></div><button class="styled__BaseButton-rsekm1-0 styled__PrimaryButton-rsekm1-2 jChbeY geeWOF styled__StyledButton-vtxwzb-5 japAxb beans-quantity-controls__add-button beans-button__container" type="submit" data-auto="beans-quantity-controls-add-button" aria-label="Quantity of Colgate Triple Action Toothpaste 100Ml"><span class="base-components__BaseElement-sc-1mosoyj-0 styled__InnerContainer-rsekm1-1 oznwo fuFres beans-button__inner-container"><span class="base-components__BaseElement-sc-1mosoyj-0 styled__TextSpan-rsekm1-4 oznwo GDiMp beans-button__text">Add</span></span></button></div></div></div></div></div><input name="_csrf" type="hidden" value="0WbpBJF9-cS-fAMl-ByHnl5hECj1JaZiBQ20"></form></div></div></div></div><div class="hidden-medium product-info-section-small"><div class="product-info-message-list"><div class="styled__WhiteBackground-sc-9yzfq2-1 jthPIJ"><svg width="56" height="56" viewBox="0 0 56 56" fill="none" xmlns="http://www.w3.org/2000/svg"><path d="M52.1301 27.8766C52.1301 14.5534 41.3293 3.75308 28.0066 3.75308C14.6834 3.75308 3.88306 14.5534 3.88306 27.8766C3.88306 41.1998 14.6834 52.0002 28.0066 52.0002C41.3293 52.0002 52.1301 41.1998 52.1301 27.8766Z" fill="#EE1C2E"></path><path d="M19.6853 36.5687L31.8169 48.6998L52.6633 27.8998L51.9894 23.0423L31.886 43.1452L22.5438 33.803L19.6853 36.5687Z" fill="white"></path><path d="M24.2699 12.0048L23.5594 9.93467L22.8484 12.0048H24.2699ZM24.6345 13.0711H22.4844L21.9776 14.5375H20.7515L22.9815 8.31722H24.1369L26.3669 14.5375H25.1408L24.6345 13.0711Z" fill="white"></path><path d="M27.8359 14.5375H26.734V8.24609H27.8359V14.5375Z" fill="white"></path><path d="M31.5684 13.2309C31.7849 12.9886 31.8927 12.6597 31.8927 12.2446C31.8927 11.8306 31.7849 11.5016 31.5684 11.2588C31.3524 11.0159 31.0811 10.8942 30.7558 10.8942C30.4299 10.8942 30.1587 11.0159 29.9427 11.2588C29.7267 11.5016 29.6184 11.8306 29.6184 12.2446C29.6184 12.6597 29.7267 12.9886 29.9427 13.2309C30.1587 13.4738 30.4299 13.5955 30.7558 13.5955C31.0811 13.5955 31.3524 13.4738 31.5684 13.2309ZM29.4673 14.3065C29.159 14.1049 28.9177 13.8234 28.7429 13.4619C28.5681 13.101 28.481 12.6952 28.481 12.2446C28.481 11.7888 28.5655 11.3815 28.7341 11.0231C28.9032 10.6648 29.1384 10.3848 29.4405 10.1837C29.7426 9.98212 30.0891 9.88158 30.48 9.88158C30.7883 9.88158 31.0579 9.93624 31.2889 10.0455C31.5199 10.1554 31.6978 10.3106 31.8221 10.5122V8.24609H32.9239V14.5375H31.8221V13.9863C31.6916 14.1704 31.5137 14.3194 31.2889 14.4349C31.0636 14.5504 30.797 14.6086 30.4892 14.6086C30.1159 14.6086 29.7751 14.5076 29.4673 14.3065Z" fill="white"></path><path d="M34.9657 14.5375H33.8638V9.95224H34.9657V14.5375ZM33.9082 8.34408C34.0443 8.20796 34.2129 8.1399 34.4145 8.1399C34.6161 8.1399 34.7847 8.20796 34.9208 8.34408C35.0574 8.48071 35.1255 8.64931 35.1255 8.8504C35.1255 9.052 35.0574 9.22112 34.9208 9.35724C34.7847 9.49336 34.6161 9.56142 34.4145 9.56142C34.2129 9.56142 34.0443 9.49336 33.9082 9.35724C33.7715 9.22112 33.704 9.052 33.704 8.8504C33.704 8.64931 33.7715 8.48071 33.9082 8.34408Z" fill="white"></path><path d="M19.6791 19.3347C19.8894 19.1506 19.9946 18.8779 19.9946 18.5169C19.9946 18.1565 19.8894 17.8838 19.6791 17.6997C19.4682 17.5156 19.183 17.4233 18.8221 17.4233H17.5027V19.6111H18.8221C19.183 19.6111 19.4682 19.5188 19.6791 19.3347ZM17.5027 23.9628H16.0374V16.0704H18.9345C19.461 16.0704 19.9157 16.1776 20.2988 16.3921C20.6824 16.6061 20.9753 16.8995 21.1784 17.2712C21.3816 17.6435 21.4826 18.0586 21.4826 18.5169C21.4826 18.9758 21.3816 19.3909 21.1784 19.7632C20.9753 20.1354 20.6824 20.4283 20.2988 20.6423C19.9157 20.8568 19.461 20.9635 18.9345 20.9635H17.5027V23.9628Z" fill="white"></path><path d="M22.0396 18.1451H23.4379V19.0248C23.6029 18.7087 23.8359 18.4684 24.1365 18.3029C24.4376 18.1374 24.7717 18.0549 25.1404 18.0549C25.5235 18.0549 25.8241 18.1415 26.0422 18.3143L25.5689 19.4981C25.3729 19.3929 25.1662 19.3403 24.9486 19.3403C24.5124 19.3403 24.152 19.528 23.8663 19.9039C23.5802 20.2797 23.4379 20.8582 23.4379 21.6404V23.9627H22.0396V18.1451Z" fill="white"></path><path d="M27.8879 23.9627H26.4896V18.1451H27.8879V23.9627ZM26.5458 16.1044C26.7191 15.9316 26.933 15.845 27.1888 15.845C27.444 15.845 27.658 15.9316 27.8312 16.1044C28.0039 16.2771 28.0906 16.4916 28.0906 16.7468C28.0906 17.0026 28.0039 17.217 27.8312 17.3898C27.658 17.5625 27.444 17.6491 27.1888 17.6491C26.933 17.6491 26.7191 17.5625 26.5458 17.3898C26.3731 17.217 26.287 17.0026 26.287 16.7468C26.287 16.4916 26.3731 16.2771 26.5458 16.1044Z" fill="white"></path><path d="M30.0603 23.6693C29.6168 23.4141 29.2714 23.0588 29.0234 22.6041C28.7754 22.1493 28.6511 21.6327 28.6511 21.0537C28.6511 20.4752 28.7754 19.9585 29.0234 19.5038C29.2714 19.049 29.6168 18.6937 30.0603 18.438C30.5037 18.1828 31.011 18.0549 31.5823 18.0549C32.8749 18.0549 33.751 18.585 34.2093 19.6445L32.9353 20.2199C32.6424 19.6332 32.1913 19.3403 31.5823 19.3403C31.1466 19.3403 30.7857 19.4981 30.5001 19.8136C30.2144 20.1297 30.0716 20.5427 30.0716 21.0537C30.0716 21.5651 30.2144 21.9787 30.5001 22.2942C30.7857 22.6097 31.1466 22.7675 31.5823 22.7675C32.1913 22.7675 32.6424 22.4747 32.9353 21.8884L34.2093 22.4633C33.751 23.5229 32.8749 24.0529 31.5823 24.0529C31.011 24.0529 30.5037 23.9251 30.0603 23.6693Z" fill="white"></path><path d="M38.727 20.3999C38.6744 20.0694 38.5223 19.7987 38.2707 19.5883C38.0186 19.3779 37.7015 19.2728 37.3179 19.2728C36.9946 19.2728 36.7048 19.3723 36.4496 19.5713C36.1939 19.7708 36.0175 20.0467 35.9196 20.3999H38.727ZM40.1588 21.5048H35.8633C35.9381 21.9333 36.115 22.2586 36.3934 22.4803C36.6713 22.702 37.0095 22.8129 37.4081 22.8129C37.7386 22.8129 38.015 22.7433 38.2367 22.6041C38.4584 22.4649 38.6708 22.253 38.874 21.9673L40.0573 22.6097C39.7716 23.0759 39.4092 23.4327 38.9693 23.6812C38.5295 23.9287 37.983 24.0529 37.3292 24.0529C36.7125 24.0529 36.1846 23.9086 35.7453 23.6188C35.3055 23.3295 34.9765 22.9557 34.7584 22.4968C34.5403 22.0385 34.4315 21.5574 34.4315 21.0537C34.4315 20.5504 34.546 20.0694 34.7754 19.611C35.0044 19.1526 35.3374 18.7783 35.7731 18.4891C36.2088 18.1998 36.7239 18.0549 37.3179 18.0549C37.9191 18.0549 38.4341 18.19 38.8626 18.4607C39.2911 18.7314 39.6139 19.0866 39.832 19.5264C40.0501 19.9657 40.1588 20.4339 40.1588 20.9299V21.5048Z" fill="white"></path><path d="M16.3879 25.558H17.7399L19.2454 29.4977L20.751 25.558H22.1029V31.8684H20.9309V28.0282L19.6873 31.2915H18.8035L17.5599 28.0282V31.8684H16.3879V25.558Z" fill="white"></path><path d="M25.4058 30.7146C25.6131 30.5341 25.7167 30.3119 25.7167 30.0474V29.9216H24.8335C24.5746 29.9216 24.3689 29.971 24.2158 30.07C24.0626 30.169 23.9858 30.3057 23.9858 30.48C23.9858 30.6424 24.0415 30.7671 24.1529 30.8543C24.2637 30.9414 24.4277 30.9847 24.6437 30.9847C24.9443 30.9847 25.1985 30.8945 25.4058 30.7146ZM23.6074 31.7782C23.3671 31.67 23.1748 31.5122 23.0304 31.3049C22.886 31.0976 22.8138 30.8496 22.8138 30.5609C22.8138 30.1046 22.9855 29.7364 23.3279 29.457C23.6703 29.1775 24.1333 29.0378 24.7159 29.0378H25.7167V28.8754C25.7167 28.6413 25.6357 28.4531 25.4733 28.3118C25.3109 28.1711 25.0918 28.1004 24.8154 28.1004C24.5927 28.1004 24.3916 28.1592 24.2111 28.2763C24.0312 28.3933 23.8956 28.5299 23.8059 28.6862L22.9494 28.1726C23.1113 27.8782 23.3516 27.6333 23.6703 27.4379C23.9889 27.2425 24.3705 27.145 24.8154 27.145C25.4522 27.145 25.9482 27.2982 26.3024 27.6044C26.6572 27.9112 26.8345 28.3526 26.8345 28.9295V31.8685H25.9152L25.7621 31.2735C25.6115 31.4776 25.4207 31.6401 25.1892 31.7602C24.9582 31.8803 24.686 31.9401 24.3735 31.9401C24.1029 31.9401 23.8476 31.8865 23.6074 31.7782Z" fill="white"></path><path d="M27.8214 30.3V28.1726H27.1182V27.2167H27.8214V26.4417L28.9393 25.7384V27.2167H30.1381V28.1726H28.9393V30.2458C28.9393 30.6903 29.1166 30.9125 29.4709 30.9125C29.6333 30.9125 29.7895 30.8496 29.9395 30.7233L30.4443 31.5797C30.2881 31.706 30.1169 31.7978 29.9308 31.855C29.7446 31.9117 29.5549 31.9401 29.3626 31.9401C28.3355 31.9401 27.8214 31.3936 27.8214 30.3Z" fill="white"></path><path d="M31.5487 31.6339C31.194 31.4297 30.9176 31.1456 30.7196 30.7821C30.5211 30.4186 30.4221 30.0056 30.4221 29.5426C30.4221 29.0801 30.5211 28.6666 30.7196 28.3031C30.9176 27.9396 31.194 27.6555 31.5487 27.4513C31.9034 27.2471 32.3087 27.145 32.7655 27.145C33.7993 27.145 34.4995 27.5683 34.8661 28.416L33.8473 28.8754C33.6132 28.4067 33.2528 28.1726 32.7655 28.1726C32.417 28.1726 32.1288 28.2989 31.9004 28.5511C31.6719 28.8037 31.558 29.1342 31.558 29.5426C31.558 29.9509 31.6719 30.282 31.9004 30.5341C32.1288 30.7867 32.417 30.9125 32.7655 30.9125C33.2528 30.9125 33.6132 30.6785 33.8473 30.2098L34.8661 30.6697C34.4995 31.5168 33.7993 31.9401 32.7655 31.9401C32.3087 31.9401 31.9034 31.8386 31.5487 31.6339Z" fill="white"></path><path d="M35.3998 25.4863H36.5176V27.9473C36.662 27.707 36.8615 27.5132 37.1167 27.3657C37.3725 27.2188 37.6592 27.145 37.9778 27.145C38.4702 27.145 38.8579 27.2909 39.1405 27.5823C39.423 27.8736 39.5643 28.2804 39.5643 28.8037V31.8685H38.4465V29.0285C38.4465 28.7522 38.3758 28.5408 38.2346 28.3933C38.0933 28.2458 37.8907 28.1726 37.6262 28.1726C37.3199 28.1726 37.0585 28.3093 36.8419 28.5825C36.6254 28.8558 36.5176 29.275 36.5176 29.8401V31.8685H35.3998V25.4863Z" fill="white"></path></svg><p class="styled__StyledBodyText-sc-119w3hf-5 ggtTyf styled__DarkGreyBodyText-jk5kya-0 iwRWTH">Aldi Price Match</p></div></div></div></div></div></div></div></li><li class="product-list--list-item"><div class="styles__StyledVerticalTileWrapper-dvv1wj-0 dtCNPH"><div data-auto="product-tile" data-auto-type="Quantity" data-auto-available="true" data-auto-is-restricted-disabled="false" data-auto-is-substitute="false" class="styles__StyledVerticalTile-dvv1wj-1 gSCsYK"><div class="styles__StyledTileContentWrapper-dvv1wj-2 bkNhNP beans"><div id="tile-293091460" data-auto-id="293091460" class="styles__StyledTiledContent-dvv1wj-3 bcglTg"><a href="https://www.tesco.com/groceries/en-GB/products/293091460" aria-hidden="true" class="product-image-wrapper" tabindex="1"><div class="product-image__container"><picture><img class="styled__Image-sjvkdn-0 bJErKA product-image beans-responsive-image__image" src="data:image/gif;base64,R0lGODlhAQABAAAAACH5BAEKAAEALAAAAAABAAEAAAICTAEAOw==" srcset="https://digitalcontent.api.tesco.com/v2/media/ghs/1aa41054-9427-4096-96f7-b016715c6682/f0c7ec66-74d2-41a5-8bbd-1b8073349f5a_1168748279.jpeg?h=225&amp;w=225 768w, data:image/gif;base64,R0lGODlhAQABAAAAACH5BAEKAAEALAAAAAABAAEAAAICTAEAOw== 4000w" alt="Steradent Active Plus 30"></picture></div></a><div class="product-details--wrapper"><h3 class="styles__H3-oa5soe-0 bCKNNq"><a href="https://www.tesco.com/groceries/en-GB/products/293091460" class="styled__Anchor-sc-1xbujuz-0 csVOnh beans-link__anchor" data-auto="product-tile--title"><span class="styled__Text-sc-1xbujuz-1 ldbwMG beans-link__text">Steradent Active Plus 30</span></a></h3><div class="styles__StyledPromotionsAboveMobile-dvv1wj-7 iPTMuo"></div><div class="styles__StyledProductDetailsContent-dvv1wj-5 ddRSrq"><a href="https://www.tesco.com/groceries/en-GB/reviews/submission/293091460?from=%2Fshop%2Fhealth-and-beauty%2Fall" aria-label="Write a review for Steradent Active Plus 30" class="styled__Anchor-sc-1xbujuz-0 jSzuDt write-a-review-link beans-link__anchor" data-auto="review-link"><span class="styled__Text-sc-1xbujuz-1 fyDIEo beans-link__text">Write a review</span><span class="styled__IconContainer-sc-1xbujuz-2 bSauSL beans-link__icon-container"><svg aria-hidden="true" class="styled__SVG-xxa4wh-1 hQMCqc beans-link__icon beans-icon__svg" height="13.33" preserveAspectRatio="xMinYMax meet" viewBox="-1 0 12 20" width="8" xmlns="http://www.w3.org/2000/svg" color="currentColor"><path d="M1.312 1.348L10.276 10l-8.964 8.644" fill="none" stroke="currentColor"></path></svg></span></a><div><a href="https://www.tesco.com/groceries/en-GB/shop/health-and-beauty/toothpaste-mouthwash-and-toothbrush/dentures/denture-tablets" class="styled__Anchor-sc-1xbujuz-0 jSzuDt rest-of-shelf-link beans-link__anchor" data-auto="rest-of-shelf-link"><span class="styled__Text-sc-1xbujuz-1 fyDIEo beans-link__text">Rest of <span class="visually-hidden">Denture Tablets</span> shelf</span><span class="styled__IconContainer-sc-1xbujuz-2 bSauSL beans-link__icon-container"><svg aria-hidden="true" class="styled__SVG-xxa4wh-1 hQMCqc beans-link__icon beans-icon__svg" height="13.33" preserveAspectRatio="xMinYMax meet" viewBox="-1 0 12 20" width="8" xmlns="http://www.w3.org/2000/svg" color="currentColor"><path d="M1.312 1.348L10.276 10l-8.964 8.644" fill="none" stroke="currentColor"></path></svg></span></a></div><div class="product-info-message-section"><div class="product-info-message-list"></div></div></div><div class="styles__StyledBuyBoxWrapper-dvv1wj-4 dSvjUC"><div class="styles__StyledBuyBoxContainer-sc-1wx0qp6-0 erryje" data-auto="buybox-container"><div class="styles__SafeFormWrapper-jtpu2t-0 lcrYKS"><form action="https://www.tesco.com/groceries/en-GB/trolley/items/293091460?_method=PUT" method="POST"><input type="submit" class="hidden"><input name="id" type="hidden" value="293091460"><input name="identifier" type="hidden" value="Page"><input name="anchorId" type="hidden" value="#tile-293091460"><input name="returnUrl" type="hidden" value="/groceries/en-GB/shop/health-and-beauty/all?redirectIfUnavailable=true#tile-293091460"><input name="backToUrl" type="hidden" value="#"><input name="oldValue" type="hidden" value="0"><input name="oldUnitChoice" type="hidden" value="pcs"><input name="newUnitChoice" type="hidden" value="pcs"><div class="base-components__RootElement-sc-1mosoyj-1 styled__Container-sc-6nhkzi-0 jptQqM hSNpTb beans-buybox__container"><div class="base-components__BaseElement-sc-1mosoyj-0 styled__PriceAndActions-sc-6nhkzi-3 oznwo eEPLov beans-buybox__price-and-actions"><div class="base-components__RootElement-sc-1mosoyj-1 styled__Container-sc-8qlq5b-0 jptQqM bgZrjw styled__StyledPrice-sc-6nhkzi-5 iYHeik beans-buybox__price beans-price__container"><p class="styled__StyledHeading-sc-119w3hf-2 jWPEtj styled__Text-sc-8qlq5b-1 lnaeiZ beans-price__text">£1.00</p><p class="styled__StyledFootnote-sc-119w3hf-7 icrlVF styled__Subtext-sc-8qlq5b-2 bNJmdc beans-price__subtext">£0.03/each</p></div><div class="base-components__RootElement-sc-1mosoyj-1 styled__Container-vtxwzb-0 jptQqM bDFhXJ beans-buybox__actions beans-quantity-controls__container"><div class="base-components__RootElement-sc-1mosoyj-1 styled__Container-sc-16t2b2a-0 jptQqM PUfgZ styled__StyledFormGroup-vtxwzb-1 kzKuAr beans-quantity-controls__form-group beans-form-group__container"><label class="styled__StyledLabel-sc-1ttuvhr-0 izGEjV beans-form-group__label beans-label" for="quantity-controls-293091460">Quantity controls </label><div class="base-components__BaseElement-sc-1mosoyj-0 styled__Children-sc-16t2b2a-3 oznwo gdJvjO beans-form-group__children"><div class="styled__StyledQuantityControlWrapper-vtxwzb-6 LCxOg"><label id="quantity-controls-293091460-label" class="styled__VisuallyHiddenLabel-vtxwzb-7 gXlLiM">Quantity of Steradent Active Plus 30</label><div class="component__Wrapper-sc-1kpmik-3 dReplG input-wrapper"><input class="base-components__RootElement-sc-1mosoyj-1 styled__StyledInput-sc-1jd5f57-0 component__StyledAsInput-sc-1kpmik-4 jptQqM eJLlow styled__StyledInput-vtxwzb-3 lwMHo beans-quantity-controls__input beans-input" data-auto="beans-quantity-controls-input" autocomplete="off" id="quantity-controls-293091460" maxlength="2" name="newValue" type="number" aria-labelledby="quantity-controls-293091460-label" value="1"></div></div><button class="styled__BaseButton-rsekm1-0 styled__PrimaryButton-rsekm1-2 jChbeY geeWOF styled__StyledButton-vtxwzb-5 japAxb beans-quantity-controls__add-button beans-button__container" type="submit" data-auto="beans-quantity-controls-add-button" aria-label="Quantity of Steradent Active Plus 30"><span class="base-components__BaseElement-sc-1mosoyj-0 styled__InnerContainer-rsekm1-1 oznwo fuFres beans-button__inner-container"><span class="base-components__BaseElement-sc-1mosoyj-0 styled__TextSpan-rsekm1-4 oznwo GDiMp beans-button__text">Add</span></span></button></div></div></div></div></div><input name="_csrf" type="hidden" value="0WbpBJF9-cS-fAMl-ByHnl5hECj1JaZiBQ20"></form></div></div></div></div><div class="hidden-medium product-info-section-small"><div class="product-info-message-list"></div></div></div></div></div></div></li><li class="product-list--list-item"><div class="styles__StyledVerticalTileWrapper-dvv1wj-0 dtCNPH"><div data-auto="product-tile" data-auto-type="Quantity" data-auto-available="true" data-auto-is-restricted-disabled="false" data-auto-is-substitute="false" class="styles__StyledVerticalTile-dvv1wj-1 gSCsYK"><div class="styles__StyledTileContentWrapper-dvv1wj-2 bkNhNP beans"><div id="tile-253953728" data-auto-id="253953728" class="styles__StyledTiledContent-dvv1wj-3 bcglTg"><a href="https://www.tesco.com/groceries/en-GB/products/253953728" aria-hidden="true" class="product-image-wrapper" tabindex="1"><div class="product-image__container"><picture><img class="styled__Image-sjvkdn-0 bJErKA product-image beans-responsive-image__image" src="data:image/gif;base64,R0lGODlhAQABAAAAACH5BAEKAAEALAAAAAABAAEAAAICTAEAOw==" srcset="https://digitalcontent.api.tesco.com/v2/media/ghs/595e0c8a-1069-4abd-8225-796db56b8b0a/c91d3912-3380-4f15-ae0a-5e4709c05f94_932086353.jpeg?h=225&amp;w=225 768w, data:image/gif;base64,R0lGODlhAQABAAAAACH5BAEKAAEALAAAAAABAAEAAAICTAEAOw== 4000w" alt="Macleans Whitening Toothpaste 100Ml"></picture></div></a><div class="product-details--wrapper"><h3 class="styles__H3-oa5soe-0 bCKNNq"><a href="https://www.tesco.com/groceries/en-GB/products/253953728" class="styled__Anchor-sc-1xbujuz-0 csVOnh beans-link__anchor" data-auto="product-tile--title"><span class="styled__Text-sc-1xbujuz-1 ldbwMG beans-link__text">Macleans Whitening Toothpaste 100Ml</span></a></h3><div class="styles__StyledPromotionsAboveMobile-dvv1wj-7 iPTMuo"></div><div class="styles__StyledProductDetailsContent-dvv1wj-5 ddRSrq"><a href="https://www.tesco.com/groceries/en-GB/reviews/submission/253953728?from=%2Fshop%2Fhealth-and-beauty%2Fall" aria-label="Write a review for Macleans Whitening Toothpaste 100Ml" class="styled__Anchor-sc-1xbujuz-0 jSzuDt write-a-review-link beans-link__anchor" data-auto="review-link"><span class="styled__Text-sc-1xbujuz-1 fyDIEo beans-link__text">Write a review</span><span class="styled__IconContainer-sc-1xbujuz-2 bSauSL beans-link__icon-container"><svg aria-hidden="true" class="styled__SVG-xxa4wh-1 hQMCqc beans-link__icon beans-icon__svg" height="13.33" preserveAspectRatio="xMinYMax meet" viewBox="-1 0 12 20" width="8" xmlns="http://www.w3.org/2000/svg" color="currentColor"><path d="M1.312 1.348L10.276 10l-8.964 8.644" fill="none" stroke="currentColor"></path></svg></span></a><div><a href="https://www.tesco.com/groceries/en-GB/shop/health-and-beauty/toothpaste-mouthwash-and-toothbrush/whitening/whitening-toothpaste" class="styled__Anchor-sc-1xbujuz-0 jSzuDt rest-of-shelf-link beans-link__anchor" data-auto="rest-of-shelf-link"><span class="styled__Text-sc-1xbujuz-1 fyDIEo beans-link__text">Rest of <span class="visually-hidden">Whitening Toothpaste</span> shelf</span><span class="styled__IconContainer-sc-1xbujuz-2 bSauSL beans-link__icon-container"><svg aria-hidden="true" class="styled__SVG-xxa4wh-1 hQMCqc beans-link__icon beans-icon__svg" height="13.33" preserveAspectRatio="xMinYMax meet" viewBox="-1 0 12 20" width="8" xmlns="http://www.w3.org/2000/svg" color="currentColor"><path d="M1.312 1.348L10.276 10l-8.964 8.644" fill="none" stroke="currentColor"></path></svg></span></a></div><div class="product-info-message-section"><div class="product-info-message-list"><div class="styled__WhiteBackground-sc-9yzfq2-1 jthPIJ"><svg width="56" height="61" viewBox="0 0 56 61" fill="none" xmlns="http://www.w3.org/2000/svg"><path d="M30.8759 45.8182C40.0086 42.7996 46.6572 34.3312 46.9801 24.2629H47V23.502V22.7397H46.9801C46.5765 10.112 36.2237 0 23.4993 0C10.5209 0 0 10.5209 0 23.4993C0 33.8972 6.75323 42.7162 16.1109 45.8142L16.1294 42.8684C13.3741 41.8189 10.9007 40.1978 8.8508 38.1492C5.099 34.3961 2.78308 29.2256 2.78308 23.4993C2.78308 17.7744 5.10032 12.6039 8.8508 8.84947C12.6039 5.09768 17.7744 2.78175 23.5007 2.78175C29.2256 2.78175 34.3961 5.09768 38.1505 8.84947C41.9023 12.6026 44.2182 17.7731 44.2182 23.4993C44.2182 29.2256 41.901 34.3948 38.1505 38.1492C36.1033 40.1952 33.6338 41.815 30.8838 42.8644L30.8772 45.8182H30.8759Z" fill="#EE1C2E"></path><path d="M9.82217 16.0368C10.5434 14.6962 11.4566 13.472 12.5245 12.4041C15.3354 9.59453 19.2116 7.85825 23.4994 7.85825C27.7871 7.85825 31.6633 9.59453 34.4742 12.4041C35.5435 13.4734 36.4553 14.6962 37.1765 16.0368H38.6256C35.8995 10.4309 30.1507 6.56662 23.498 6.56662C16.8454 6.56662 11.0966 10.4309 8.37042 16.0368H9.81952H9.82217Z" fill="black"></path><path d="M38.2419 28.245C37.4743 30.5728 36.1694 32.6571 34.4742 34.3537C32.8385 35.9881 30.8428 37.2599 28.6142 38.038C28.605 38.0407 28.5825 38.0394 28.5878 38.0473C28.773 38.3278 28.7836 39.3429 28.7836 39.3429C33.9567 37.6318 38.0142 33.4763 39.593 28.245H38.2419Z" fill="black"></path><path d="M12.5245 34.3537C10.4322 32.2601 8.9355 29.5763 8.30822 26.5722H6.99409C8.14941 32.5791 12.4994 37.4491 18.2085 39.3416C18.2111 39.3416 18.2177 39.3482 18.2177 39.3442C18.2627 38.2286 18.3898 38.0394 18.3898 38.0394C18.3818 38.0367 18.3726 38.0341 18.3646 38.0301C16.144 37.2519 14.1536 35.9828 12.5232 34.3524L12.5245 34.3537Z" fill="black"></path><path d="M17.6645 15.8727H20.1062V16.8335H16.623V11.2289H17.6645V15.8727Z" fill="black"></path><path d="M20.527 13.6745C20.7031 13.3516 20.9532 13.0975 21.2761 12.9136C21.599 12.7296 21.9682 12.637 22.3851 12.637C22.8019 12.637 23.1712 12.7296 23.4941 12.9136C23.817 13.0975 24.0658 13.3516 24.2431 13.6745C24.4191 13.9974 24.5065 14.3614 24.5065 14.7676C24.5065 15.1739 24.4191 15.5379 24.2431 15.8608C24.0671 16.1837 23.817 16.4364 23.4941 16.6217C23.1712 16.8057 22.8019 16.897 22.3851 16.897C21.9682 16.897 21.599 16.8057 21.2761 16.6217C20.9532 16.4378 20.7031 16.1837 20.527 15.8608C20.351 15.5379 20.2637 15.1739 20.2637 14.7676C20.2637 14.3614 20.351 13.9974 20.527 13.6745ZM21.5805 15.6477C21.7856 15.8727 22.0542 15.9838 22.3851 15.9838C22.7159 15.9838 22.9846 15.8713 23.1897 15.6477C23.3948 15.424 23.498 15.1303 23.498 14.7676C23.498 14.405 23.3948 14.1112 23.1897 13.8876C22.9846 13.6639 22.7159 13.5515 22.3851 13.5515C22.0542 13.5515 21.7856 13.6639 21.5805 13.8876C21.3753 14.1112 21.2721 14.405 21.2721 14.7676C21.2721 15.1303 21.3753 15.424 21.5805 15.6477Z" fill="black"></path><path d="M29.1687 16.8334H28.208L27.5119 14.1271L26.8158 16.8334H25.855L24.566 12.7018H25.5347L26.3182 15.4082L27.0315 12.7018H27.9923L28.7056 15.4082L29.489 12.7018H30.4577L29.1687 16.8334Z" fill="black"></path><path d="M8.61654 18.931H5.58202V20.4026H8.01572V21.6042H5.58202V23.5377H8.71579V24.738H4.27981V17.7294H8.61654V18.931Z" fill="black"></path><path d="M8.73168 19.5715H9.9836L11.2051 23.0269L12.4266 19.5715H13.6785L11.7662 24.738H10.644L8.73168 19.5715Z" fill="black"></path><path d="M18.7126 22.5558H14.8973C14.9635 22.9369 15.121 23.2254 15.3684 23.4226C15.6159 23.6198 15.9163 23.7177 16.2697 23.7177C16.5635 23.7177 16.8083 23.6555 17.0055 23.5324C17.2027 23.4093 17.3906 23.2201 17.5719 22.966L18.6226 23.5377C18.3686 23.9519 18.047 24.2682 17.6566 24.4892C17.2662 24.7089 16.7805 24.8201 16.1995 24.8201C15.6517 24.8201 15.1832 24.6917 14.7928 24.435C14.4024 24.1782 14.1099 23.8461 13.9167 23.4385C13.7235 23.0322 13.6269 22.6047 13.6269 22.1574C13.6269 21.7101 13.7288 21.2827 13.9326 20.8764C14.1364 20.4688 14.4315 20.1366 14.8192 19.8799C15.207 19.6231 15.6636 19.4948 16.1916 19.4948C16.7196 19.4948 17.1828 19.6152 17.5626 19.8547C17.9438 20.0956 18.2296 20.4106 18.4241 20.801C18.6174 21.1914 18.714 21.6069 18.714 22.0476V22.5584L18.7126 22.5558ZM17.4409 21.5751C17.3945 21.2813 17.2582 21.0418 17.0346 20.8539C16.8109 20.6673 16.5291 20.5733 16.1889 20.5733C15.9018 20.5733 15.645 20.662 15.4174 20.838C15.1911 21.0153 15.0336 21.2602 14.9463 21.5738H17.4395L17.4409 21.5751Z" fill="black"></path><path d="M19.3849 19.5715H20.6263V20.3523C20.7732 20.0718 20.9809 19.8587 21.2469 19.7118C21.5142 19.5649 21.8107 19.4921 22.1376 19.4921C22.4644 19.4921 22.745 19.5689 22.9382 19.7224L22.5174 20.7732C22.344 20.6805 22.1601 20.6329 21.9668 20.6329C21.5791 20.6329 21.2588 20.7996 21.0061 21.1331C20.752 21.4666 20.6249 21.9814 20.6249 22.6749V24.738H19.3836V19.5715H19.3849Z" fill="black"></path><path d="M24.8518 24.4178L22.9792 19.5715H24.2312L25.4434 22.8562L26.5841 19.5715H27.8255L25.1827 26.7813H23.981L24.8518 24.4178Z" fill="black"></path><path d="M28.8074 24.4786C28.4607 24.251 28.1881 23.9347 27.9909 23.5271C27.7937 23.1195 27.6958 22.663 27.6958 22.1548C27.6958 21.6466 27.7911 21.1821 27.9816 20.7785C28.1722 20.3748 28.4369 20.0585 28.7783 19.8322C29.1184 19.6059 29.5088 19.4921 29.9495 19.4921C30.2962 19.4921 30.6006 19.5543 30.86 19.6774C31.1207 19.8005 31.3205 19.9765 31.4608 20.2028V17.65H32.7021V24.7393H31.4608V24.1187C31.3139 24.3251 31.1141 24.4945 30.86 24.6242C30.6059 24.7539 30.3055 24.8201 29.9588 24.8201C29.5379 24.8201 29.1541 24.7063 28.8074 24.48V24.4786ZM31.1763 23.2664C31.4198 22.9925 31.5415 22.6219 31.5415 22.1548C31.5415 21.6876 31.4198 21.3171 31.1763 21.0431C30.9328 20.7692 30.6271 20.6329 30.2605 20.6329C29.8939 20.6329 29.5882 20.7705 29.3447 21.0431C29.1012 21.3171 28.9795 21.6876 28.9795 22.1548C28.9795 22.6219 29.1012 22.9925 29.3447 23.2664C29.5882 23.5404 29.8939 23.6767 30.2605 23.6767C30.6271 23.6767 30.9328 23.5404 31.1763 23.2664Z" fill="black"></path><path d="M34.2624 24.6388C33.9951 24.5183 33.782 24.3437 33.6219 24.1134C33.4618 23.8831 33.3824 23.6079 33.3824 23.2876C33.3824 22.7807 33.5729 22.3718 33.9527 22.0608C34.3339 21.7511 34.8473 21.595 35.4945 21.595H36.6061V21.415C36.6061 21.1543 36.5161 20.9465 36.3361 20.789C36.1562 20.6329 35.9127 20.5535 35.6056 20.5535C35.3582 20.5535 35.1345 20.6183 34.9347 20.7493C34.7349 20.879 34.584 21.0312 34.4834 21.2046L33.5319 20.6342C33.7119 20.3073 33.9792 20.0347 34.3325 19.8177C34.6859 19.6006 35.1094 19.4921 35.6043 19.4921C36.3123 19.4921 36.8629 19.6615 37.2559 20.003C37.6503 20.3431 37.8461 20.834 37.8461 21.4746V24.7393H36.8245L36.6538 24.079C36.487 24.3066 36.2753 24.4866 36.0172 24.6189C35.7605 24.7526 35.4574 24.8187 35.1107 24.8187C34.8103 24.8187 34.5271 24.7592 34.2598 24.6388H34.2624ZM36.2607 23.457C36.491 23.2572 36.6061 23.0097 36.6061 22.7159V22.5756H35.6255C35.3383 22.5756 35.1094 22.6312 34.94 22.741C34.7693 22.8509 34.6846 23.0031 34.6846 23.1963C34.6846 23.3763 34.7468 23.5152 34.8698 23.6118C34.9929 23.7084 35.1755 23.7574 35.4151 23.7574C35.7486 23.7574 36.0304 23.6568 36.2607 23.457V23.457Z" fill="black"></path><path d="M39.7571 24.4178L37.8845 19.5715H39.1364L40.3473 22.8562L41.4894 19.5715H42.7308L40.088 26.7813H38.8863L39.7571 24.4178Z" fill="black"></path><path d="M13.652 33.1164H12.6185V27.5515H14.6618C15.7985 27.5515 16.4589 28.3072 16.4589 29.2772C16.4589 30.2473 15.7985 31.0029 14.6618 31.0029H13.652V33.1177V33.1164ZM15.4095 29.2759C15.4095 28.7505 15.076 28.5044 14.5824 28.5044H13.652V30.0461H14.5824C15.0747 30.0461 15.4095 29.8 15.4095 29.2746V29.2759Z" fill="black"></path><path d="M17.0981 29.0139H18.084V29.6345C18.3222 29.1899 18.7682 28.9503 19.2843 28.9503C19.5464 28.9503 19.7687 29.0139 19.9209 29.133L19.5874 29.968C19.4524 29.8966 19.3095 29.8569 19.1507 29.8569C18.5856 29.8569 18.0854 30.3015 18.0854 31.4793V33.1177H17.0994V29.0152L17.0981 29.0139Z" fill="black"></path><path d="M20.9703 27.312C21.3356 27.312 21.6069 27.5899 21.6069 27.9485C21.6069 28.3072 21.3369 28.5851 20.9703 28.5851C20.6038 28.5851 20.3338 28.3072 20.3338 27.9485C20.3338 27.5899 20.6038 27.312 20.9703 27.312ZM21.4626 33.1164H20.4767V29.0139H21.4626V33.1164Z" fill="black"></path><path d="M22.2355 31.0651C22.2355 29.8251 23.0785 28.9503 24.3026 28.9503C25.1774 28.9503 25.8205 29.2997 26.1553 30.0713L25.2568 30.4762C25.0583 30.0792 24.7565 29.8555 24.3026 29.8555C23.6899 29.8555 23.2373 30.3399 23.2373 31.0638C23.2373 31.7877 23.6899 32.272 24.3026 32.272C24.7552 32.272 25.0583 32.0497 25.2568 31.6514L26.1553 32.0563C25.8219 32.8279 25.1774 33.1772 24.3026 33.1772C23.0785 33.1772 22.2355 32.3025 22.2355 31.0625V31.0651Z" fill="black"></path><path d="M30.5874 31.3827H27.5581C27.6693 32.0113 28.1153 32.3051 28.6473 32.3051C29.1316 32.3051 29.4109 32.0907 29.6808 31.7083L30.5159 32.1609C30.1348 32.7736 29.5617 33.1786 28.5917 33.1786C27.2167 33.1786 26.5484 32.0894 26.5484 31.0638C26.5484 30.0382 27.2723 28.949 28.5838 28.949C29.8952 28.949 30.5874 29.9667 30.5874 30.9765V31.3814V31.3827ZM29.5776 30.6033C29.5062 30.1586 29.1409 29.8079 28.5838 29.8079C28.1391 29.8079 27.7408 30.0938 27.5978 30.6033H29.5776V30.6033Z" fill="black"></path><path d="M31.0294 32.2416L31.7374 31.6448C31.9677 32.0577 32.2866 32.3051 32.7551 32.3051C33.0965 32.3051 33.3281 32.1463 33.3281 31.8922C33.3281 31.6381 33.0105 31.4952 32.4613 31.343C31.785 31.1604 31.253 30.7713 31.253 30.1507C31.253 29.4665 31.8975 28.9503 32.7154 28.9503C33.4472 28.9503 33.876 29.3156 34.1142 29.7139L33.4776 30.2631C33.2553 29.9058 32.9602 29.7933 32.7061 29.7933C32.3726 29.7933 32.1728 29.9442 32.1728 30.1189C32.1728 30.365 32.3951 30.4762 33.0634 30.6522C33.7397 30.8269 34.2796 31.1855 34.2796 31.8922C34.2796 32.5989 33.7225 33.1799 32.6902 33.1799C31.9028 33.1799 31.3311 32.8464 31.0281 32.2416H31.0294Z" fill="black"></path><path d="M23.5046 47.8549H24.2007C24.3979 47.8549 24.4045 47.8443 24.3609 47.6498C24.2643 47.2263 24.1796 46.8015 24.0724 46.382C24.0155 46.161 24.0287 46.0207 24.2391 45.8579C24.7473 45.4675 24.7658 44.7013 24.3212 44.2315C23.8792 43.7643 23.1288 43.763 22.6855 44.2275C22.2395 44.696 22.2514 45.4636 22.7609 45.854C22.9898 46.0286 22.9925 46.1822 22.9237 46.4018C22.9171 46.423 22.9118 46.4429 22.9078 46.464C22.8165 46.8743 22.7238 47.2859 22.6339 47.6961C22.6021 47.8443 22.614 47.8562 22.7715 47.8562C23.0163 47.8562 23.2611 47.8562 23.506 47.8562M23.4954 41.1361C24.2179 41.1361 24.9392 41.1334 25.6604 41.1374C25.7689 41.1374 25.8166 41.1096 25.8139 40.9932C25.8086 40.62 25.8139 40.2454 25.81 39.8723C25.806 39.5771 25.7517 39.29 25.634 39.0187C25.1602 37.9229 24.0406 37.3803 22.88 37.6807C22.0357 37.8991 21.329 38.668 21.2337 39.5374C21.1808 40.0139 21.2072 40.4982 21.1914 40.9786C21.1874 41.1056 21.235 41.1387 21.3568 41.1387C22.0701 41.1334 22.7834 41.1361 23.4967 41.1361M23.4967 50.6023C22.217 50.6023 20.9359 50.6023 19.6562 50.6023C18.6849 50.6023 17.9186 50.0041 17.699 49.0592C17.6619 48.903 17.654 48.735 17.654 48.5735C17.6513 46.7856 17.6566 44.9977 17.65 43.2112C17.6473 42.4899 17.9028 41.9037 18.4943 41.4815C18.8132 41.2539 19.1758 41.1427 19.5689 41.1374C19.7396 41.1348 19.7383 41.1321 19.7396 40.9627C19.7436 40.5035 19.7198 40.0403 19.7595 39.5851C19.9408 37.4822 21.7631 35.9683 23.862 36.1549C25.7584 36.3243 27.2578 37.96 27.2617 39.867C27.2617 40.2282 27.2617 40.5895 27.2617 40.9495C27.2617 41.1321 27.2617 41.1308 27.4457 41.1387C28.2159 41.1731 28.7796 41.5357 29.1436 42.212C29.3024 42.5071 29.3513 42.8274 29.3513 43.1595C29.3513 44.9779 29.3553 46.7949 29.3513 48.6132C29.3487 49.5965 28.732 50.3601 27.7845 50.5639C27.6429 50.5943 27.4946 50.6023 27.3491 50.6023C26.0641 50.6049 24.7804 50.6036 23.4954 50.6036" fill="black"></path></svg><p class="styled__StyledBodyText-sc-119w3hf-5 ggtTyf styled__DarkGreyBodyText-sc-9yzfq2-2 lmkdDf">Low Everyday Price</p></div></div></div></div><div class="styles__StyledBuyBoxWrapper-dvv1wj-4 dSvjUC"><div class="styles__StyledBuyBoxContainer-sc-1wx0qp6-0 erryje" data-auto="buybox-container"><div class="styles__SafeFormWrapper-jtpu2t-0 lcrYKS"><form action="https://www.tesco.com/groceries/en-GB/trolley/items/253953728?_method=PUT" method="POST"><input type="submit" class="hidden"><input name="id" type="hidden" value="253953728"><input name="identifier" type="hidden" value="Page"><input name="anchorId" type="hidden" value="#tile-253953728"><input name="returnUrl" type="hidden" value="/groceries/en-GB/shop/health-and-beauty/all?redirectIfUnavailable=true#tile-253953728"><input name="backToUrl" type="hidden" value="#"><input name="oldValue" type="hidden" value="0"><input name="oldUnitChoice" type="hidden" value="pcs"><input name="newUnitChoice" type="hidden" value="pcs"><div class="base-components__RootElement-sc-1mosoyj-1 styled__Container-sc-6nhkzi-0 jptQqM hSNpTb beans-buybox__container"><div class="base-components__BaseElement-sc-1mosoyj-0 styled__PriceAndActions-sc-6nhkzi-3 oznwo eEPLov beans-buybox__price-and-actions"><div class="base-components__RootElement-sc-1mosoyj-1 styled__Container-sc-8qlq5b-0 jptQqM bgZrjw styled__StyledPrice-sc-6nhkzi-5 iYHeik beans-buybox__price beans-price__container"><p class="styled__StyledHeading-sc-119w3hf-2 jWPEtj styled__Text-sc-8qlq5b-1 lnaeiZ beans-price__text">£0.79</p><p class="styled__StyledFootnote-sc-119w3hf-7 icrlVF styled__Subtext-sc-8qlq5b-2 bNJmdc beans-price__subtext">£0.79/100ml</p></div><div class="base-components__RootElement-sc-1mosoyj-1 styled__Container-vtxwzb-0 jptQqM bDFhXJ beans-buybox__actions beans-quantity-controls__container"><div class="base-components__RootElement-sc-1mosoyj-1 styled__Container-sc-16t2b2a-0 jptQqM PUfgZ styled__StyledFormGroup-vtxwzb-1 kzKuAr beans-quantity-controls__form-group beans-form-group__container"><label class="styled__StyledLabel-sc-1ttuvhr-0 izGEjV beans-form-group__label beans-label" for="quantity-controls-253953728">Quantity controls </label><div class="base-components__BaseElement-sc-1mosoyj-0 styled__Children-sc-16t2b2a-3 oznwo gdJvjO beans-form-group__children"><div class="styled__StyledQuantityControlWrapper-vtxwzb-6 LCxOg"><label id="quantity-controls-253953728-label" class="styled__VisuallyHiddenLabel-vtxwzb-7 gXlLiM">Quantity of Macleans Whitening Toothpaste 100Ml</label><div class="component__Wrapper-sc-1kpmik-3 dReplG input-wrapper"><input class="base-components__RootElement-sc-1mosoyj-1 styled__StyledInput-sc-1jd5f57-0 component__StyledAsInput-sc-1kpmik-4 jptQqM eJLlow styled__StyledInput-vtxwzb-3 lwMHo beans-quantity-controls__input beans-input" data-auto="beans-quantity-controls-input" autocomplete="off" id="quantity-controls-253953728" maxlength="2" name="newValue" type="number" aria-labelledby="quantity-controls-253953728-label" value="1"></div></div><button class="styled__BaseButton-rsekm1-0 styled__PrimaryButton-rsekm1-2 jChbeY geeWOF styled__StyledButton-vtxwzb-5 japAxb beans-quantity-controls__add-button beans-button__container" type="submit" data-auto="beans-quantity-controls-add-button" aria-label="Quantity of Macleans Whitening Toothpaste 100Ml"><span class="base-components__BaseElement-sc-1mosoyj-0 styled__InnerContainer-rsekm1-1 oznwo fuFres beans-button__inner-container"><span class="base-components__BaseElement-sc-1mosoyj-0 styled__TextSpan-rsekm1-4 oznwo GDiMp beans-button__text">Add</span></span></button></div></div></div></div></div><input name="_csrf" type="hidden" value="0WbpBJF9-cS-fAMl-ByHnl5hECj1JaZiBQ20"></form></div></div></div></div><div class="hidden-medium product-info-section-small"><div class="product-info-message-list"><div class="styled__WhiteBackground-sc-9yzfq2-1 jthPIJ"><svg width="56" height="61" viewBox="0 0 56 61" fill="none" xmlns="http://www.w3.org/2000/svg"><path d="M30.8759 45.8182C40.0086 42.7996 46.6572 34.3312 46.9801 24.2629H47V23.502V22.7397H46.9801C46.5765 10.112 36.2237 0 23.4993 0C10.5209 0 0 10.5209 0 23.4993C0 33.8972 6.75323 42.7162 16.1109 45.8142L16.1294 42.8684C13.3741 41.8189 10.9007 40.1978 8.8508 38.1492C5.099 34.3961 2.78308 29.2256 2.78308 23.4993C2.78308 17.7744 5.10032 12.6039 8.8508 8.84947C12.6039 5.09768 17.7744 2.78175 23.5007 2.78175C29.2256 2.78175 34.3961 5.09768 38.1505 8.84947C41.9023 12.6026 44.2182 17.7731 44.2182 23.4993C44.2182 29.2256 41.901 34.3948 38.1505 38.1492C36.1033 40.1952 33.6338 41.815 30.8838 42.8644L30.8772 45.8182H30.8759Z" fill="#EE1C2E"></path><path d="M9.82217 16.0368C10.5434 14.6962 11.4566 13.472 12.5245 12.4041C15.3354 9.59453 19.2116 7.85825 23.4994 7.85825C27.7871 7.85825 31.6633 9.59453 34.4742 12.4041C35.5435 13.4734 36.4553 14.6962 37.1765 16.0368H38.6256C35.8995 10.4309 30.1507 6.56662 23.498 6.56662C16.8454 6.56662 11.0966 10.4309 8.37042 16.0368H9.81952H9.82217Z" fill="black"></path><path d="M38.2419 28.245C37.4743 30.5728 36.1694 32.6571 34.4742 34.3537C32.8385 35.9881 30.8428 37.2599 28.6142 38.038C28.605 38.0407 28.5825 38.0394 28.5878 38.0473C28.773 38.3278 28.7836 39.3429 28.7836 39.3429C33.9567 37.6318 38.0142 33.4763 39.593 28.245H38.2419Z" fill="black"></path><path d="M12.5245 34.3537C10.4322 32.2601 8.9355 29.5763 8.30822 26.5722H6.99409C8.14941 32.5791 12.4994 37.4491 18.2085 39.3416C18.2111 39.3416 18.2177 39.3482 18.2177 39.3442C18.2627 38.2286 18.3898 38.0394 18.3898 38.0394C18.3818 38.0367 18.3726 38.0341 18.3646 38.0301C16.144 37.2519 14.1536 35.9828 12.5232 34.3524L12.5245 34.3537Z" fill="black"></path><path d="M17.6645 15.8727H20.1062V16.8335H16.623V11.2289H17.6645V15.8727Z" fill="black"></path><path d="M20.527 13.6745C20.7031 13.3516 20.9532 13.0975 21.2761 12.9136C21.599 12.7296 21.9682 12.637 22.3851 12.637C22.8019 12.637 23.1712 12.7296 23.4941 12.9136C23.817 13.0975 24.0658 13.3516 24.2431 13.6745C24.4191 13.9974 24.5065 14.3614 24.5065 14.7676C24.5065 15.1739 24.4191 15.5379 24.2431 15.8608C24.0671 16.1837 23.817 16.4364 23.4941 16.6217C23.1712 16.8057 22.8019 16.897 22.3851 16.897C21.9682 16.897 21.599 16.8057 21.2761 16.6217C20.9532 16.4378 20.7031 16.1837 20.527 15.8608C20.351 15.5379 20.2637 15.1739 20.2637 14.7676C20.2637 14.3614 20.351 13.9974 20.527 13.6745ZM21.5805 15.6477C21.7856 15.8727 22.0542 15.9838 22.3851 15.9838C22.7159 15.9838 22.9846 15.8713 23.1897 15.6477C23.3948 15.424 23.498 15.1303 23.498 14.7676C23.498 14.405 23.3948 14.1112 23.1897 13.8876C22.9846 13.6639 22.7159 13.5515 22.3851 13.5515C22.0542 13.5515 21.7856 13.6639 21.5805 13.8876C21.3753 14.1112 21.2721 14.405 21.2721 14.7676C21.2721 15.1303 21.3753 15.424 21.5805 15.6477Z" fill="black"></path><path d="M29.1687 16.8334H28.208L27.5119 14.1271L26.8158 16.8334H25.855L24.566 12.7018H25.5347L26.3182 15.4082L27.0315 12.7018H27.9923L28.7056 15.4082L29.489 12.7018H30.4577L29.1687 16.8334Z" fill="black"></path><path d="M8.61654 18.931H5.58202V20.4026H8.01572V21.6042H5.58202V23.5377H8.71579V24.738H4.27981V17.7294H8.61654V18.931Z" fill="black"></path><path d="M8.73168 19.5715H9.9836L11.2051 23.0269L12.4266 19.5715H13.6785L11.7662 24.738H10.644L8.73168 19.5715Z" fill="black"></path><path d="M18.7126 22.5558H14.8973C14.9635 22.9369 15.121 23.2254 15.3684 23.4226C15.6159 23.6198 15.9163 23.7177 16.2697 23.7177C16.5635 23.7177 16.8083 23.6555 17.0055 23.5324C17.2027 23.4093 17.3906 23.2201 17.5719 22.966L18.6226 23.5377C18.3686 23.9519 18.047 24.2682 17.6566 24.4892C17.2662 24.7089 16.7805 24.8201 16.1995 24.8201C15.6517 24.8201 15.1832 24.6917 14.7928 24.435C14.4024 24.1782 14.1099 23.8461 13.9167 23.4385C13.7235 23.0322 13.6269 22.6047 13.6269 22.1574C13.6269 21.7101 13.7288 21.2827 13.9326 20.8764C14.1364 20.4688 14.4315 20.1366 14.8192 19.8799C15.207 19.6231 15.6636 19.4948 16.1916 19.4948C16.7196 19.4948 17.1828 19.6152 17.5626 19.8547C17.9438 20.0956 18.2296 20.4106 18.4241 20.801C18.6174 21.1914 18.714 21.6069 18.714 22.0476V22.5584L18.7126 22.5558ZM17.4409 21.5751C17.3945 21.2813 17.2582 21.0418 17.0346 20.8539C16.8109 20.6673 16.5291 20.5733 16.1889 20.5733C15.9018 20.5733 15.645 20.662 15.4174 20.838C15.1911 21.0153 15.0336 21.2602 14.9463 21.5738H17.4395L17.4409 21.5751Z" fill="black"></path><path d="M19.3849 19.5715H20.6263V20.3523C20.7732 20.0718 20.9809 19.8587 21.2469 19.7118C21.5142 19.5649 21.8107 19.4921 22.1376 19.4921C22.4644 19.4921 22.745 19.5689 22.9382 19.7224L22.5174 20.7732C22.344 20.6805 22.1601 20.6329 21.9668 20.6329C21.5791 20.6329 21.2588 20.7996 21.0061 21.1331C20.752 21.4666 20.6249 21.9814 20.6249 22.6749V24.738H19.3836V19.5715H19.3849Z" fill="black"></path><path d="M24.8518 24.4178L22.9792 19.5715H24.2312L25.4434 22.8562L26.5841 19.5715H27.8255L25.1827 26.7813H23.981L24.8518 24.4178Z" fill="black"></path><path d="M28.8074 24.4786C28.4607 24.251 28.1881 23.9347 27.9909 23.5271C27.7937 23.1195 27.6958 22.663 27.6958 22.1548C27.6958 21.6466 27.7911 21.1821 27.9816 20.7785C28.1722 20.3748 28.4369 20.0585 28.7783 19.8322C29.1184 19.6059 29.5088 19.4921 29.9495 19.4921C30.2962 19.4921 30.6006 19.5543 30.86 19.6774C31.1207 19.8005 31.3205 19.9765 31.4608 20.2028V17.65H32.7021V24.7393H31.4608V24.1187C31.3139 24.3251 31.1141 24.4945 30.86 24.6242C30.6059 24.7539 30.3055 24.8201 29.9588 24.8201C29.5379 24.8201 29.1541 24.7063 28.8074 24.48V24.4786ZM31.1763 23.2664C31.4198 22.9925 31.5415 22.6219 31.5415 22.1548C31.5415 21.6876 31.4198 21.3171 31.1763 21.0431C30.9328 20.7692 30.6271 20.6329 30.2605 20.6329C29.8939 20.6329 29.5882 20.7705 29.3447 21.0431C29.1012 21.3171 28.9795 21.6876 28.9795 22.1548C28.9795 22.6219 29.1012 22.9925 29.3447 23.2664C29.5882 23.5404 29.8939 23.6767 30.2605 23.6767C30.6271 23.6767 30.9328 23.5404 31.1763 23.2664Z" fill="black"></path><path d="M34.2624 24.6388C33.9951 24.5183 33.782 24.3437 33.6219 24.1134C33.4618 23.8831 33.3824 23.6079 33.3824 23.2876C33.3824 22.7807 33.5729 22.3718 33.9527 22.0608C34.3339 21.7511 34.8473 21.595 35.4945 21.595H36.6061V21.415C36.6061 21.1543 36.5161 20.9465 36.3361 20.789C36.1562 20.6329 35.9127 20.5535 35.6056 20.5535C35.3582 20.5535 35.1345 20.6183 34.9347 20.7493C34.7349 20.879 34.584 21.0312 34.4834 21.2046L33.5319 20.6342C33.7119 20.3073 33.9792 20.0347 34.3325 19.8177C34.6859 19.6006 35.1094 19.4921 35.6043 19.4921C36.3123 19.4921 36.8629 19.6615 37.2559 20.003C37.6503 20.3431 37.8461 20.834 37.8461 21.4746V24.7393H36.8245L36.6538 24.079C36.487 24.3066 36.2753 24.4866 36.0172 24.6189C35.7605 24.7526 35.4574 24.8187 35.1107 24.8187C34.8103 24.8187 34.5271 24.7592 34.2598 24.6388H34.2624ZM36.2607 23.457C36.491 23.2572 36.6061 23.0097 36.6061 22.7159V22.5756H35.6255C35.3383 22.5756 35.1094 22.6312 34.94 22.741C34.7693 22.8509 34.6846 23.0031 34.6846 23.1963C34.6846 23.3763 34.7468 23.5152 34.8698 23.6118C34.9929 23.7084 35.1755 23.7574 35.4151 23.7574C35.7486 23.7574 36.0304 23.6568 36.2607 23.457V23.457Z" fill="black"></path><path d="M39.7571 24.4178L37.8845 19.5715H39.1364L40.3473 22.8562L41.4894 19.5715H42.7308L40.088 26.7813H38.8863L39.7571 24.4178Z" fill="black"></path><path d="M13.652 33.1164H12.6185V27.5515H14.6618C15.7985 27.5515 16.4589 28.3072 16.4589 29.2772C16.4589 30.2473 15.7985 31.0029 14.6618 31.0029H13.652V33.1177V33.1164ZM15.4095 29.2759C15.4095 28.7505 15.076 28.5044 14.5824 28.5044H13.652V30.0461H14.5824C15.0747 30.0461 15.4095 29.8 15.4095 29.2746V29.2759Z" fill="black"></path><path d="M17.0981 29.0139H18.084V29.6345C18.3222 29.1899 18.7682 28.9503 19.2843 28.9503C19.5464 28.9503 19.7687 29.0139 19.9209 29.133L19.5874 29.968C19.4524 29.8966 19.3095 29.8569 19.1507 29.8569C18.5856 29.8569 18.0854 30.3015 18.0854 31.4793V33.1177H17.0994V29.0152L17.0981 29.0139Z" fill="black"></path><path d="M20.9703 27.312C21.3356 27.312 21.6069 27.5899 21.6069 27.9485C21.6069 28.3072 21.3369 28.5851 20.9703 28.5851C20.6038 28.5851 20.3338 28.3072 20.3338 27.9485C20.3338 27.5899 20.6038 27.312 20.9703 27.312ZM21.4626 33.1164H20.4767V29.0139H21.4626V33.1164Z" fill="black"></path><path d="M22.2355 31.0651C22.2355 29.8251 23.0785 28.9503 24.3026 28.9503C25.1774 28.9503 25.8205 29.2997 26.1553 30.0713L25.2568 30.4762C25.0583 30.0792 24.7565 29.8555 24.3026 29.8555C23.6899 29.8555 23.2373 30.3399 23.2373 31.0638C23.2373 31.7877 23.6899 32.272 24.3026 32.272C24.7552 32.272 25.0583 32.0497 25.2568 31.6514L26.1553 32.0563C25.8219 32.8279 25.1774 33.1772 24.3026 33.1772C23.0785 33.1772 22.2355 32.3025 22.2355 31.0625V31.0651Z" fill="black"></path><path d="M30.5874 31.3827H27.5581C27.6693 32.0113 28.1153 32.3051 28.6473 32.3051C29.1316 32.3051 29.4109 32.0907 29.6808 31.7083L30.5159 32.1609C30.1348 32.7736 29.5617 33.1786 28.5917 33.1786C27.2167 33.1786 26.5484 32.0894 26.5484 31.0638C26.5484 30.0382 27.2723 28.949 28.5838 28.949C29.8952 28.949 30.5874 29.9667 30.5874 30.9765V31.3814V31.3827ZM29.5776 30.6033C29.5062 30.1586 29.1409 29.8079 28.5838 29.8079C28.1391 29.8079 27.7408 30.0938 27.5978 30.6033H29.5776V30.6033Z" fill="black"></path><path d="M31.0294 32.2416L31.7374 31.6448C31.9677 32.0577 32.2866 32.3051 32.7551 32.3051C33.0965 32.3051 33.3281 32.1463 33.3281 31.8922C33.3281 31.6381 33.0105 31.4952 32.4613 31.343C31.785 31.1604 31.253 30.7713 31.253 30.1507C31.253 29.4665 31.8975 28.9503 32.7154 28.9503C33.4472 28.9503 33.876 29.3156 34.1142 29.7139L33.4776 30.2631C33.2553 29.9058 32.9602 29.7933 32.7061 29.7933C32.3726 29.7933 32.1728 29.9442 32.1728 30.1189C32.1728 30.365 32.3951 30.4762 33.0634 30.6522C33.7397 30.8269 34.2796 31.1855 34.2796 31.8922C34.2796 32.5989 33.7225 33.1799 32.6902 33.1799C31.9028 33.1799 31.3311 32.8464 31.0281 32.2416H31.0294Z" fill="black"></path><path d="M23.5046 47.8549H24.2007C24.3979 47.8549 24.4045 47.8443 24.3609 47.6498C24.2643 47.2263 24.1796 46.8015 24.0724 46.382C24.0155 46.161 24.0287 46.0207 24.2391 45.8579C24.7473 45.4675 24.7658 44.7013 24.3212 44.2315C23.8792 43.7643 23.1288 43.763 22.6855 44.2275C22.2395 44.696 22.2514 45.4636 22.7609 45.854C22.9898 46.0286 22.9925 46.1822 22.9237 46.4018C22.9171 46.423 22.9118 46.4429 22.9078 46.464C22.8165 46.8743 22.7238 47.2859 22.6339 47.6961C22.6021 47.8443 22.614 47.8562 22.7715 47.8562C23.0163 47.8562 23.2611 47.8562 23.506 47.8562M23.4954 41.1361C24.2179 41.1361 24.9392 41.1334 25.6604 41.1374C25.7689 41.1374 25.8166 41.1096 25.8139 40.9932C25.8086 40.62 25.8139 40.2454 25.81 39.8723C25.806 39.5771 25.7517 39.29 25.634 39.0187C25.1602 37.9229 24.0406 37.3803 22.88 37.6807C22.0357 37.8991 21.329 38.668 21.2337 39.5374C21.1808 40.0139 21.2072 40.4982 21.1914 40.9786C21.1874 41.1056 21.235 41.1387 21.3568 41.1387C22.0701 41.1334 22.7834 41.1361 23.4967 41.1361M23.4967 50.6023C22.217 50.6023 20.9359 50.6023 19.6562 50.6023C18.6849 50.6023 17.9186 50.0041 17.699 49.0592C17.6619 48.903 17.654 48.735 17.654 48.5735C17.6513 46.7856 17.6566 44.9977 17.65 43.2112C17.6473 42.4899 17.9028 41.9037 18.4943 41.4815C18.8132 41.2539 19.1758 41.1427 19.5689 41.1374C19.7396 41.1348 19.7383 41.1321 19.7396 40.9627C19.7436 40.5035 19.7198 40.0403 19.7595 39.5851C19.9408 37.4822 21.7631 35.9683 23.862 36.1549C25.7584 36.3243 27.2578 37.96 27.2617 39.867C27.2617 40.2282 27.2617 40.5895 27.2617 40.9495C27.2617 41.1321 27.2617 41.1308 27.4457 41.1387C28.2159 41.1731 28.7796 41.5357 29.1436 42.212C29.3024 42.5071 29.3513 42.8274 29.3513 43.1595C29.3513 44.9779 29.3553 46.7949 29.3513 48.6132C29.3487 49.5965 28.732 50.3601 27.7845 50.5639C27.6429 50.5943 27.4946 50.6023 27.3491 50.6023C26.0641 50.6049 24.7804 50.6036 23.4954 50.6036" fill="black"></path></svg><p class="styled__StyledBodyText-sc-119w3hf-5 ggtTyf styled__DarkGreyBodyText-sc-9yzfq2-2 lmkdDf">Low Everyday Price</p></div></div></div></div></div></div></div></li><li class="product-list--list-item"><div class="styles__StyledVerticalTileWrapper-dvv1wj-0 dtCNPH"><div data-auto="product-tile" data-auto-type="Quantity" data-auto-available="true" data-auto-is-restricted-disabled="false" data-auto-is-substitute="false" class="styles__StyledVerticalTile-dvv1wj-1 gSCsYK"><div class="styles__StyledTileContentWrapper-dvv1wj-2 bkNhNP beans"><div id="tile-268681905" data-auto-id="268681905" class="styles__StyledTiledContent-dvv1wj-3 bcglTg"><a href="https://www.tesco.com/groceries/en-GB/products/268681905" aria-hidden="true" class="product-image-wrapper" tabindex="1"><div class="product-image__container"><picture><img class="styled__Image-sjvkdn-0 bJErKA product-image beans-responsive-image__image" src="data:image/gif;base64,R0lGODlhAQABAAAAACH5BAEKAAEALAAAAAABAAEAAAICTAEAOw==" srcset="https://digitalcontent.api.tesco.com/v2/media/ghs/643ff3cf-a6d1-4a24-a9a5-0e77668faffc/edd67ca5-8335-412a-b207-d12da41f34b3_262551689.jpeg?h=225&amp;w=225 768w, data:image/gif;base64,R0lGODlhAQABAAAAACH5BAEKAAEALAAAAAABAAEAAAICTAEAOw== 4000w" alt="Colgate Extra Clean Medium Toothbrush X3"></picture></div></a><div class="product-details--wrapper"><h3 class="styles__H3-oa5soe-0 bCKNNq"><a href="https://www.tesco.com/groceries/en-GB/products/268681905" class="styled__Anchor-sc-1xbujuz-0 csVOnh beans-link__anchor" data-auto="product-tile--title"><span class="styled__Text-sc-1xbujuz-1 ldbwMG beans-link__text">Colgate Extra Clean Medium Toothbrush X3</span></a></h3><div class="styles__StyledPromotionsAboveMobile-dvv1wj-7 iPTMuo"></div><div class="styles__StyledProductDetailsContent-dvv1wj-5 ddRSrq"><a href="https://www.tesco.com/groceries/en-GB/reviews/submission/268681905?from=%2Fshop%2Fhealth-and-beauty%2Fall" aria-label="Write a review for Colgate Extra Clean Medium Toothbrush X3" class="styled__Anchor-sc-1xbujuz-0 jSzuDt write-a-review-link beans-link__anchor" data-auto="review-link"><span class="styled__Text-sc-1xbujuz-1 fyDIEo beans-link__text">Write a review</span><span class="styled__IconContainer-sc-1xbujuz-2 bSauSL beans-link__icon-container"><svg aria-hidden="true" class="styled__SVG-xxa4wh-1 hQMCqc beans-link__icon beans-icon__svg" height="13.33" preserveAspectRatio="xMinYMax meet" viewBox="-1 0 12 20" width="8" xmlns="http://www.w3.org/2000/svg" color="currentColor"><path d="M1.312 1.348L10.276 10l-8.964 8.644" fill="none" stroke="currentColor"></path></svg></span></a><div><a href="https://www.tesco.com/groceries/en-GB/shop/health-and-beauty/toothpaste-mouthwash-and-toothbrush/toothbrush/manual-toothbrush" class="styled__Anchor-sc-1xbujuz-0 jSzuDt rest-of-shelf-link beans-link__anchor" data-auto="rest-of-shelf-link"><span class="styled__Text-sc-1xbujuz-1 fyDIEo beans-link__text">Rest of <span class="visually-hidden">Manual Toothbrush</span> shelf</span><span class="styled__IconContainer-sc-1xbujuz-2 bSauSL beans-link__icon-container"><svg aria-hidden="true" class="styled__SVG-xxa4wh-1 hQMCqc beans-link__icon beans-icon__svg" height="13.33" preserveAspectRatio="xMinYMax meet" viewBox="-1 0 12 20" width="8" xmlns="http://www.w3.org/2000/svg" color="currentColor"><path d="M1.312 1.348L10.276 10l-8.964 8.644" fill="none" stroke="currentColor"></path></svg></span></a></div><div class="product-info-message-section"><div class="product-info-message-list"><div class="styled__WhiteBackground-sc-9yzfq2-1 jthPIJ"><svg width="56" height="61" viewBox="0 0 56 61" fill="none" xmlns="http://www.w3.org/2000/svg"><path d="M30.8759 45.8182C40.0086 42.7996 46.6572 34.3312 46.9801 24.2629H47V23.502V22.7397H46.9801C46.5765 10.112 36.2237 0 23.4993 0C10.5209 0 0 10.5209 0 23.4993C0 33.8972 6.75323 42.7162 16.1109 45.8142L16.1294 42.8684C13.3741 41.8189 10.9007 40.1978 8.8508 38.1492C5.099 34.3961 2.78308 29.2256 2.78308 23.4993C2.78308 17.7744 5.10032 12.6039 8.8508 8.84947C12.6039 5.09768 17.7744 2.78175 23.5007 2.78175C29.2256 2.78175 34.3961 5.09768 38.1505 8.84947C41.9023 12.6026 44.2182 17.7731 44.2182 23.4993C44.2182 29.2256 41.901 34.3948 38.1505 38.1492C36.1033 40.1952 33.6338 41.815 30.8838 42.8644L30.8772 45.8182H30.8759Z" fill="#EE1C2E"></path><path d="M9.82217 16.0368C10.5434 14.6962 11.4566 13.472 12.5245 12.4041C15.3354 9.59453 19.2116 7.85825 23.4994 7.85825C27.7871 7.85825 31.6633 9.59453 34.4742 12.4041C35.5435 13.4734 36.4553 14.6962 37.1765 16.0368H38.6256C35.8995 10.4309 30.1507 6.56662 23.498 6.56662C16.8454 6.56662 11.0966 10.4309 8.37042 16.0368H9.81952H9.82217Z" fill="black"></path><path d="M38.2419 28.245C37.4743 30.5728 36.1694 32.6571 34.4742 34.3537C32.8385 35.9881 30.8428 37.2599 28.6142 38.038C28.605 38.0407 28.5825 38.0394 28.5878 38.0473C28.773 38.3278 28.7836 39.3429 28.7836 39.3429C33.9567 37.6318 38.0142 33.4763 39.593 28.245H38.2419Z" fill="black"></path><path d="M12.5245 34.3537C10.4322 32.2601 8.9355 29.5763 8.30822 26.5722H6.99409C8.14941 32.5791 12.4994 37.4491 18.2085 39.3416C18.2111 39.3416 18.2177 39.3482 18.2177 39.3442C18.2627 38.2286 18.3898 38.0394 18.3898 38.0394C18.3818 38.0367 18.3726 38.0341 18.3646 38.0301C16.144 37.2519 14.1536 35.9828 12.5232 34.3524L12.5245 34.3537Z" fill="black"></path><path d="M17.6645 15.8727H20.1062V16.8335H16.623V11.2289H17.6645V15.8727Z" fill="black"></path><path d="M20.527 13.6745C20.7031 13.3516 20.9532 13.0975 21.2761 12.9136C21.599 12.7296 21.9682 12.637 22.3851 12.637C22.8019 12.637 23.1712 12.7296 23.4941 12.9136C23.817 13.0975 24.0658 13.3516 24.2431 13.6745C24.4191 13.9974 24.5065 14.3614 24.5065 14.7676C24.5065 15.1739 24.4191 15.5379 24.2431 15.8608C24.0671 16.1837 23.817 16.4364 23.4941 16.6217C23.1712 16.8057 22.8019 16.897 22.3851 16.897C21.9682 16.897 21.599 16.8057 21.2761 16.6217C20.9532 16.4378 20.7031 16.1837 20.527 15.8608C20.351 15.5379 20.2637 15.1739 20.2637 14.7676C20.2637 14.3614 20.351 13.9974 20.527 13.6745ZM21.5805 15.6477C21.7856 15.8727 22.0542 15.9838 22.3851 15.9838C22.7159 15.9838 22.9846 15.8713 23.1897 15.6477C23.3948 15.424 23.498 15.1303 23.498 14.7676C23.498 14.405 23.3948 14.1112 23.1897 13.8876C22.9846 13.6639 22.7159 13.5515 22.3851 13.5515C22.0542 13.5515 21.7856 13.6639 21.5805 13.8876C21.3753 14.1112 21.2721 14.405 21.2721 14.7676C21.2721 15.1303 21.3753 15.424 21.5805 15.6477Z" fill="black"></path><path d="M29.1687 16.8334H28.208L27.5119 14.1271L26.8158 16.8334H25.855L24.566 12.7018H25.5347L26.3182 15.4082L27.0315 12.7018H27.9923L28.7056 15.4082L29.489 12.7018H30.4577L29.1687 16.8334Z" fill="black"></path><path d="M8.61654 18.931H5.58202V20.4026H8.01572V21.6042H5.58202V23.5377H8.71579V24.738H4.27981V17.7294H8.61654V18.931Z" fill="black"></path><path d="M8.73168 19.5715H9.9836L11.2051 23.0269L12.4266 19.5715H13.6785L11.7662 24.738H10.644L8.73168 19.5715Z" fill="black"></path><path d="M18.7126 22.5558H14.8973C14.9635 22.9369 15.121 23.2254 15.3684 23.4226C15.6159 23.6198 15.9163 23.7177 16.2697 23.7177C16.5635 23.7177 16.8083 23.6555 17.0055 23.5324C17.2027 23.4093 17.3906 23.2201 17.5719 22.966L18.6226 23.5377C18.3686 23.9519 18.047 24.2682 17.6566 24.4892C17.2662 24.7089 16.7805 24.8201 16.1995 24.8201C15.6517 24.8201 15.1832 24.6917 14.7928 24.435C14.4024 24.1782 14.1099 23.8461 13.9167 23.4385C13.7235 23.0322 13.6269 22.6047 13.6269 22.1574C13.6269 21.7101 13.7288 21.2827 13.9326 20.8764C14.1364 20.4688 14.4315 20.1366 14.8192 19.8799C15.207 19.6231 15.6636 19.4948 16.1916 19.4948C16.7196 19.4948 17.1828 19.6152 17.5626 19.8547C17.9438 20.0956 18.2296 20.4106 18.4241 20.801C18.6174 21.1914 18.714 21.6069 18.714 22.0476V22.5584L18.7126 22.5558ZM17.4409 21.5751C17.3945 21.2813 17.2582 21.0418 17.0346 20.8539C16.8109 20.6673 16.5291 20.5733 16.1889 20.5733C15.9018 20.5733 15.645 20.662 15.4174 20.838C15.1911 21.0153 15.0336 21.2602 14.9463 21.5738H17.4395L17.4409 21.5751Z" fill="black"></path><path d="M19.3849 19.5715H20.6263V20.3523C20.7732 20.0718 20.9809 19.8587 21.2469 19.7118C21.5142 19.5649 21.8107 19.4921 22.1376 19.4921C22.4644 19.4921 22.745 19.5689 22.9382 19.7224L22.5174 20.7732C22.344 20.6805 22.1601 20.6329 21.9668 20.6329C21.5791 20.6329 21.2588 20.7996 21.0061 21.1331C20.752 21.4666 20.6249 21.9814 20.6249 22.6749V24.738H19.3836V19.5715H19.3849Z" fill="black"></path><path d="M24.8518 24.4178L22.9792 19.5715H24.2312L25.4434 22.8562L26.5841 19.5715H27.8255L25.1827 26.7813H23.981L24.8518 24.4178Z" fill="black"></path><path d="M28.8074 24.4786C28.4607 24.251 28.1881 23.9347 27.9909 23.5271C27.7937 23.1195 27.6958 22.663 27.6958 22.1548C27.6958 21.6466 27.7911 21.1821 27.9816 20.7785C28.1722 20.3748 28.4369 20.0585 28.7783 19.8322C29.1184 19.6059 29.5088 19.4921 29.9495 19.4921C30.2962 19.4921 30.6006 19.5543 30.86 19.6774C31.1207 19.8005 31.3205 19.9765 31.4608 20.2028V17.65H32.7021V24.7393H31.4608V24.1187C31.3139 24.3251 31.1141 24.4945 30.86 24.6242C30.6059 24.7539 30.3055 24.8201 29.9588 24.8201C29.5379 24.8201 29.1541 24.7063 28.8074 24.48V24.4786ZM31.1763 23.2664C31.4198 22.9925 31.5415 22.6219 31.5415 22.1548C31.5415 21.6876 31.4198 21.3171 31.1763 21.0431C30.9328 20.7692 30.6271 20.6329 30.2605 20.6329C29.8939 20.6329 29.5882 20.7705 29.3447 21.0431C29.1012 21.3171 28.9795 21.6876 28.9795 22.1548C28.9795 22.6219 29.1012 22.9925 29.3447 23.2664C29.5882 23.5404 29.8939 23.6767 30.2605 23.6767C30.6271 23.6767 30.9328 23.5404 31.1763 23.2664Z" fill="black"></path><path d="M34.2624 24.6388C33.9951 24.5183 33.782 24.3437 33.6219 24.1134C33.4618 23.8831 33.3824 23.6079 33.3824 23.2876C33.3824 22.7807 33.5729 22.3718 33.9527 22.0608C34.3339 21.7511 34.8473 21.595 35.4945 21.595H36.6061V21.415C36.6061 21.1543 36.5161 20.9465 36.3361 20.789C36.1562 20.6329 35.9127 20.5535 35.6056 20.5535C35.3582 20.5535 35.1345 20.6183 34.9347 20.7493C34.7349 20.879 34.584 21.0312 34.4834 21.2046L33.5319 20.6342C33.7119 20.3073 33.9792 20.0347 34.3325 19.8177C34.6859 19.6006 35.1094 19.4921 35.6043 19.4921C36.3123 19.4921 36.8629 19.6615 37.2559 20.003C37.6503 20.3431 37.8461 20.834 37.8461 21.4746V24.7393H36.8245L36.6538 24.079C36.487 24.3066 36.2753 24.4866 36.0172 24.6189C35.7605 24.7526 35.4574 24.8187 35.1107 24.8187C34.8103 24.8187 34.5271 24.7592 34.2598 24.6388H34.2624ZM36.2607 23.457C36.491 23.2572 36.6061 23.0097 36.6061 22.7159V22.5756H35.6255C35.3383 22.5756 35.1094 22.6312 34.94 22.741C34.7693 22.8509 34.6846 23.0031 34.6846 23.1963C34.6846 23.3763 34.7468 23.5152 34.8698 23.6118C34.9929 23.7084 35.1755 23.7574 35.4151 23.7574C35.7486 23.7574 36.0304 23.6568 36.2607 23.457V23.457Z" fill="black"></path><path d="M39.7571 24.4178L37.8845 19.5715H39.1364L40.3473 22.8562L41.4894 19.5715H42.7308L40.088 26.7813H38.8863L39.7571 24.4178Z" fill="black"></path><path d="M13.652 33.1164H12.6185V27.5515H14.6618C15.7985 27.5515 16.4589 28.3072 16.4589 29.2772C16.4589 30.2473 15.7985 31.0029 14.6618 31.0029H13.652V33.1177V33.1164ZM15.4095 29.2759C15.4095 28.7505 15.076 28.5044 14.5824 28.5044H13.652V30.0461H14.5824C15.0747 30.0461 15.4095 29.8 15.4095 29.2746V29.2759Z" fill="black"></path><path d="M17.0981 29.0139H18.084V29.6345C18.3222 29.1899 18.7682 28.9503 19.2843 28.9503C19.5464 28.9503 19.7687 29.0139 19.9209 29.133L19.5874 29.968C19.4524 29.8966 19.3095 29.8569 19.1507 29.8569C18.5856 29.8569 18.0854 30.3015 18.0854 31.4793V33.1177H17.0994V29.0152L17.0981 29.0139Z" fill="black"></path><path d="M20.9703 27.312C21.3356 27.312 21.6069 27.5899 21.6069 27.9485C21.6069 28.3072 21.3369 28.5851 20.9703 28.5851C20.6038 28.5851 20.3338 28.3072 20.3338 27.9485C20.3338 27.5899 20.6038 27.312 20.9703 27.312ZM21.4626 33.1164H20.4767V29.0139H21.4626V33.1164Z" fill="black"></path><path d="M22.2355 31.0651C22.2355 29.8251 23.0785 28.9503 24.3026 28.9503C25.1774 28.9503 25.8205 29.2997 26.1553 30.0713L25.2568 30.4762C25.0583 30.0792 24.7565 29.8555 24.3026 29.8555C23.6899 29.8555 23.2373 30.3399 23.2373 31.0638C23.2373 31.7877 23.6899 32.272 24.3026 32.272C24.7552 32.272 25.0583 32.0497 25.2568 31.6514L26.1553 32.0563C25.8219 32.8279 25.1774 33.1772 24.3026 33.1772C23.0785 33.1772 22.2355 32.3025 22.2355 31.0625V31.0651Z" fill="black"></path><path d="M30.5874 31.3827H27.5581C27.6693 32.0113 28.1153 32.3051 28.6473 32.3051C29.1316 32.3051 29.4109 32.0907 29.6808 31.7083L30.5159 32.1609C30.1348 32.7736 29.5617 33.1786 28.5917 33.1786C27.2167 33.1786 26.5484 32.0894 26.5484 31.0638C26.5484 30.0382 27.2723 28.949 28.5838 28.949C29.8952 28.949 30.5874 29.9667 30.5874 30.9765V31.3814V31.3827ZM29.5776 30.6033C29.5062 30.1586 29.1409 29.8079 28.5838 29.8079C28.1391 29.8079 27.7408 30.0938 27.5978 30.6033H29.5776V30.6033Z" fill="black"></path><path d="M31.0294 32.2416L31.7374 31.6448C31.9677 32.0577 32.2866 32.3051 32.7551 32.3051C33.0965 32.3051 33.3281 32.1463 33.3281 31.8922C33.3281 31.6381 33.0105 31.4952 32.4613 31.343C31.785 31.1604 31.253 30.7713 31.253 30.1507C31.253 29.4665 31.8975 28.9503 32.7154 28.9503C33.4472 28.9503 33.876 29.3156 34.1142 29.7139L33.4776 30.2631C33.2553 29.9058 32.9602 29.7933 32.7061 29.7933C32.3726 29.7933 32.1728 29.9442 32.1728 30.1189C32.1728 30.365 32.3951 30.4762 33.0634 30.6522C33.7397 30.8269 34.2796 31.1855 34.2796 31.8922C34.2796 32.5989 33.7225 33.1799 32.6902 33.1799C31.9028 33.1799 31.3311 32.8464 31.0281 32.2416H31.0294Z" fill="black"></path><path d="M23.5046 47.8549H24.2007C24.3979 47.8549 24.4045 47.8443 24.3609 47.6498C24.2643 47.2263 24.1796 46.8015 24.0724 46.382C24.0155 46.161 24.0287 46.0207 24.2391 45.8579C24.7473 45.4675 24.7658 44.7013 24.3212 44.2315C23.8792 43.7643 23.1288 43.763 22.6855 44.2275C22.2395 44.696 22.2514 45.4636 22.7609 45.854C22.9898 46.0286 22.9925 46.1822 22.9237 46.4018C22.9171 46.423 22.9118 46.4429 22.9078 46.464C22.8165 46.8743 22.7238 47.2859 22.6339 47.6961C22.6021 47.8443 22.614 47.8562 22.7715 47.8562C23.0163 47.8562 23.2611 47.8562 23.506 47.8562M23.4954 41.1361C24.2179 41.1361 24.9392 41.1334 25.6604 41.1374C25.7689 41.1374 25.8166 41.1096 25.8139 40.9932C25.8086 40.62 25.8139 40.2454 25.81 39.8723C25.806 39.5771 25.7517 39.29 25.634 39.0187C25.1602 37.9229 24.0406 37.3803 22.88 37.6807C22.0357 37.8991 21.329 38.668 21.2337 39.5374C21.1808 40.0139 21.2072 40.4982 21.1914 40.9786C21.1874 41.1056 21.235 41.1387 21.3568 41.1387C22.0701 41.1334 22.7834 41.1361 23.4967 41.1361M23.4967 50.6023C22.217 50.6023 20.9359 50.6023 19.6562 50.6023C18.6849 50.6023 17.9186 50.0041 17.699 49.0592C17.6619 48.903 17.654 48.735 17.654 48.5735C17.6513 46.7856 17.6566 44.9977 17.65 43.2112C17.6473 42.4899 17.9028 41.9037 18.4943 41.4815C18.8132 41.2539 19.1758 41.1427 19.5689 41.1374C19.7396 41.1348 19.7383 41.1321 19.7396 40.9627C19.7436 40.5035 19.7198 40.0403 19.7595 39.5851C19.9408 37.4822 21.7631 35.9683 23.862 36.1549C25.7584 36.3243 27.2578 37.96 27.2617 39.867C27.2617 40.2282 27.2617 40.5895 27.2617 40.9495C27.2617 41.1321 27.2617 41.1308 27.4457 41.1387C28.2159 41.1731 28.7796 41.5357 29.1436 42.212C29.3024 42.5071 29.3513 42.8274 29.3513 43.1595C29.3513 44.9779 29.3553 46.7949 29.3513 48.6132C29.3487 49.5965 28.732 50.3601 27.7845 50.5639C27.6429 50.5943 27.4946 50.6023 27.3491 50.6023C26.0641 50.6049 24.7804 50.6036 23.4954 50.6036" fill="black"></path></svg><p class="styled__StyledBodyText-sc-119w3hf-5 ggtTyf styled__DarkGreyBodyText-sc-9yzfq2-2 lmkdDf">Low Everyday Price</p></div></div></div></div><div class="styles__StyledBuyBoxWrapper-dvv1wj-4 dSvjUC"><div class="styles__StyledBuyBoxContainer-sc-1wx0qp6-0 erryje" data-auto="buybox-container"><div class="styles__SafeFormWrapper-jtpu2t-0 lcrYKS"><form action="https://www.tesco.com/groceries/en-GB/trolley/items/268681905?_method=PUT" method="POST"><input type="submit" class="hidden"><input name="id" type="hidden" value="268681905"><input name="identifier" type="hidden" value="Page"><input name="anchorId" type="hidden" value="#tile-268681905"><input name="returnUrl" type="hidden" value="/groceries/en-GB/shop/health-and-beauty/all?redirectIfUnavailable=true#tile-268681905"><input name="backToUrl" type="hidden" value="#"><input name="oldValue" type="hidden" value="0"><input name="oldUnitChoice" type="hidden" value="pcs"><input name="newUnitChoice" type="hidden" value="pcs"><div class="base-components__RootElement-sc-1mosoyj-1 styled__Container-sc-6nhkzi-0 jptQqM hSNpTb beans-buybox__container"><div class="base-components__BaseElement-sc-1mosoyj-0 styled__PriceAndActions-sc-6nhkzi-3 oznwo eEPLov beans-buybox__price-and-actions"><div class="base-components__RootElement-sc-1mosoyj-1 styled__Container-sc-8qlq5b-0 jptQqM bgZrjw styled__StyledPrice-sc-6nhkzi-5 iYHeik beans-buybox__price beans-price__container"><p class="styled__StyledHeading-sc-119w3hf-2 jWPEtj styled__Text-sc-8qlq5b-1 lnaeiZ beans-price__text">£1.00</p><p class="styled__StyledFootnote-sc-119w3hf-7 icrlVF styled__Subtext-sc-8qlq5b-2 bNJmdc beans-price__subtext">£0.33/each</p></div><div class="base-components__RootElement-sc-1mosoyj-1 styled__Container-vtxwzb-0 jptQqM bDFhXJ beans-buybox__actions beans-quantity-controls__container"><div class="base-components__RootElement-sc-1mosoyj-1 styled__Container-sc-16t2b2a-0 jptQqM PUfgZ styled__StyledFormGroup-vtxwzb-1 kzKuAr beans-quantity-controls__form-group beans-form-group__container"><label class="styled__StyledLabel-sc-1ttuvhr-0 izGEjV beans-form-group__label beans-label" for="quantity-controls-268681905">Quantity controls </label><div class="base-components__BaseElement-sc-1mosoyj-0 styled__Children-sc-16t2b2a-3 oznwo gdJvjO beans-form-group__children"><div class="styled__StyledQuantityControlWrapper-vtxwzb-6 LCxOg"><label id="quantity-controls-268681905-label" class="styled__VisuallyHiddenLabel-vtxwzb-7 gXlLiM">Quantity of Colgate Extra Clean Medium Toothbrush X3</label><div class="component__Wrapper-sc-1kpmik-3 dReplG input-wrapper"><input class="base-components__RootElement-sc-1mosoyj-1 styled__StyledInput-sc-1jd5f57-0 component__StyledAsInput-sc-1kpmik-4 jptQqM eJLlow styled__StyledInput-vtxwzb-3 lwMHo beans-quantity-controls__input beans-input" data-auto="beans-quantity-controls-input" autocomplete="off" id="quantity-controls-268681905" maxlength="2" name="newValue" type="number" aria-labelledby="quantity-controls-268681905-label" value="1"></div></div><button class="styled__BaseButton-rsekm1-0 styled__PrimaryButton-rsekm1-2 jChbeY geeWOF styled__StyledButton-vtxwzb-5 japAxb beans-quantity-controls__add-button beans-button__container" type="submit" data-auto="beans-quantity-controls-add-button" aria-label="Quantity of Colgate Extra Clean Medium Toothbrush X3"><span class="base-components__BaseElement-sc-1mosoyj-0 styled__InnerContainer-rsekm1-1 oznwo fuFres beans-button__inner-container"><span class="base-components__BaseElement-sc-1mosoyj-0 styled__TextSpan-rsekm1-4 oznwo GDiMp beans-button__text">Add</span></span></button></div></div></div></div></div><input name="_csrf" type="hidden" value="0WbpBJF9-cS-fAMl-ByHnl5hECj1JaZiBQ20"></form></div></div></div></div><div class="hidden-medium product-info-section-small"><div class="product-info-message-list"><div class="styled__WhiteBackground-sc-9yzfq2-1 jthPIJ"><svg width="56" height="61" viewBox="0 0 56 61" fill="none" xmlns="http://www.w3.org/2000/svg"><path d="M30.8759 45.8182C40.0086 42.7996 46.6572 34.3312 46.9801 24.2629H47V23.502V22.7397H46.9801C46.5765 10.112 36.2237 0 23.4993 0C10.5209 0 0 10.5209 0 23.4993C0 33.8972 6.75323 42.7162 16.1109 45.8142L16.1294 42.8684C13.3741 41.8189 10.9007 40.1978 8.8508 38.1492C5.099 34.3961 2.78308 29.2256 2.78308 23.4993C2.78308 17.7744 5.10032 12.6039 8.8508 8.84947C12.6039 5.09768 17.7744 2.78175 23.5007 2.78175C29.2256 2.78175 34.3961 5.09768 38.1505 8.84947C41.9023 12.6026 44.2182 17.7731 44.2182 23.4993C44.2182 29.2256 41.901 34.3948 38.1505 38.1492C36.1033 40.1952 33.6338 41.815 30.8838 42.8644L30.8772 45.8182H30.8759Z" fill="#EE1C2E"></path><path d="M9.82217 16.0368C10.5434 14.6962 11.4566 13.472 12.5245 12.4041C15.3354 9.59453 19.2116 7.85825 23.4994 7.85825C27.7871 7.85825 31.6633 9.59453 34.4742 12.4041C35.5435 13.4734 36.4553 14.6962 37.1765 16.0368H38.6256C35.8995 10.4309 30.1507 6.56662 23.498 6.56662C16.8454 6.56662 11.0966 10.4309 8.37042 16.0368H9.81952H9.82217Z" fill="black"></path><path d="M38.2419 28.245C37.4743 30.5728 36.1694 32.6571 34.4742 34.3537C32.8385 35.9881 30.8428 37.2599 28.6142 38.038C28.605 38.0407 28.5825 38.0394 28.5878 38.0473C28.773 38.3278 28.7836 39.3429 28.7836 39.3429C33.9567 37.6318 38.0142 33.4763 39.593 28.245H38.2419Z" fill="black"></path><path d="M12.5245 34.3537C10.4322 32.2601 8.9355 29.5763 8.30822 26.5722H6.99409C8.14941 32.5791 12.4994 37.4491 18.2085 39.3416C18.2111 39.3416 18.2177 39.3482 18.2177 39.3442C18.2627 38.2286 18.3898 38.0394 18.3898 38.0394C18.3818 38.0367 18.3726 38.0341 18.3646 38.0301C16.144 37.2519 14.1536 35.9828 12.5232 34.3524L12.5245 34.3537Z" fill="black"></path><path d="M17.6645 15.8727H20.1062V16.8335H16.623V11.2289H17.6645V15.8727Z" fill="black"></path><path d="M20.527 13.6745C20.7031 13.3516 20.9532 13.0975 21.2761 12.9136C21.599 12.7296 21.9682 12.637 22.3851 12.637C22.8019 12.637 23.1712 12.7296 23.4941 12.9136C23.817 13.0975 24.0658 13.3516 24.2431 13.6745C24.4191 13.9974 24.5065 14.3614 24.5065 14.7676C24.5065 15.1739 24.4191 15.5379 24.2431 15.8608C24.0671 16.1837 23.817 16.4364 23.4941 16.6217C23.1712 16.8057 22.8019 16.897 22.3851 16.897C21.9682 16.897 21.599 16.8057 21.2761 16.6217C20.9532 16.4378 20.7031 16.1837 20.527 15.8608C20.351 15.5379 20.2637 15.1739 20.2637 14.7676C20.2637 14.3614 20.351 13.9974 20.527 13.6745ZM21.5805 15.6477C21.7856 15.8727 22.0542 15.9838 22.3851 15.9838C22.7159 15.9838 22.9846 15.8713 23.1897 15.6477C23.3948 15.424 23.498 15.1303 23.498 14.7676C23.498 14.405 23.3948 14.1112 23.1897 13.8876C22.9846 13.6639 22.7159 13.5515 22.3851 13.5515C22.0542 13.5515 21.7856 13.6639 21.5805 13.8876C21.3753 14.1112 21.2721 14.405 21.2721 14.7676C21.2721 15.1303 21.3753 15.424 21.5805 15.6477Z" fill="black"></path><path d="M29.1687 16.8334H28.208L27.5119 14.1271L26.8158 16.8334H25.855L24.566 12.7018H25.5347L26.3182 15.4082L27.0315 12.7018H27.9923L28.7056 15.4082L29.489 12.7018H30.4577L29.1687 16.8334Z" fill="black"></path><path d="M8.61654 18.931H5.58202V20.4026H8.01572V21.6042H5.58202V23.5377H8.71579V24.738H4.27981V17.7294H8.61654V18.931Z" fill="black"></path><path d="M8.73168 19.5715H9.9836L11.2051 23.0269L12.4266 19.5715H13.6785L11.7662 24.738H10.644L8.73168 19.5715Z" fill="black"></path><path d="M18.7126 22.5558H14.8973C14.9635 22.9369 15.121 23.2254 15.3684 23.4226C15.6159 23.6198 15.9163 23.7177 16.2697 23.7177C16.5635 23.7177 16.8083 23.6555 17.0055 23.5324C17.2027 23.4093 17.3906 23.2201 17.5719 22.966L18.6226 23.5377C18.3686 23.9519 18.047 24.2682 17.6566 24.4892C17.2662 24.7089 16.7805 24.8201 16.1995 24.8201C15.6517 24.8201 15.1832 24.6917 14.7928 24.435C14.4024 24.1782 14.1099 23.8461 13.9167 23.4385C13.7235 23.0322 13.6269 22.6047 13.6269 22.1574C13.6269 21.7101 13.7288 21.2827 13.9326 20.8764C14.1364 20.4688 14.4315 20.1366 14.8192 19.8799C15.207 19.6231 15.6636 19.4948 16.1916 19.4948C16.7196 19.4948 17.1828 19.6152 17.5626 19.8547C17.9438 20.0956 18.2296 20.4106 18.4241 20.801C18.6174 21.1914 18.714 21.6069 18.714 22.0476V22.5584L18.7126 22.5558ZM17.4409 21.5751C17.3945 21.2813 17.2582 21.0418 17.0346 20.8539C16.8109 20.6673 16.5291 20.5733 16.1889 20.5733C15.9018 20.5733 15.645 20.662 15.4174 20.838C15.1911 21.0153 15.0336 21.2602 14.9463 21.5738H17.4395L17.4409 21.5751Z" fill="black"></path><path d="M19.3849 19.5715H20.6263V20.3523C20.7732 20.0718 20.9809 19.8587 21.2469 19.7118C21.5142 19.5649 21.8107 19.4921 22.1376 19.4921C22.4644 19.4921 22.745 19.5689 22.9382 19.7224L22.5174 20.7732C22.344 20.6805 22.1601 20.6329 21.9668 20.6329C21.5791 20.6329 21.2588 20.7996 21.0061 21.1331C20.752 21.4666 20.6249 21.9814 20.6249 22.6749V24.738H19.3836V19.5715H19.3849Z" fill="black"></path><path d="M24.8518 24.4178L22.9792 19.5715H24.2312L25.4434 22.8562L26.5841 19.5715H27.8255L25.1827 26.7813H23.981L24.8518 24.4178Z" fill="black"></path><path d="M28.8074 24.4786C28.4607 24.251 28.1881 23.9347 27.9909 23.5271C27.7937 23.1195 27.6958 22.663 27.6958 22.1548C27.6958 21.6466 27.7911 21.1821 27.9816 20.7785C28.1722 20.3748 28.4369 20.0585 28.7783 19.8322C29.1184 19.6059 29.5088 19.4921 29.9495 19.4921C30.2962 19.4921 30.6006 19.5543 30.86 19.6774C31.1207 19.8005 31.3205 19.9765 31.4608 20.2028V17.65H32.7021V24.7393H31.4608V24.1187C31.3139 24.3251 31.1141 24.4945 30.86 24.6242C30.6059 24.7539 30.3055 24.8201 29.9588 24.8201C29.5379 24.8201 29.1541 24.7063 28.8074 24.48V24.4786ZM31.1763 23.2664C31.4198 22.9925 31.5415 22.6219 31.5415 22.1548C31.5415 21.6876 31.4198 21.3171 31.1763 21.0431C30.9328 20.7692 30.6271 20.6329 30.2605 20.6329C29.8939 20.6329 29.5882 20.7705 29.3447 21.0431C29.1012 21.3171 28.9795 21.6876 28.9795 22.1548C28.9795 22.6219 29.1012 22.9925 29.3447 23.2664C29.5882 23.5404 29.8939 23.6767 30.2605 23.6767C30.6271 23.6767 30.9328 23.5404 31.1763 23.2664Z" fill="black"></path><path d="M34.2624 24.6388C33.9951 24.5183 33.782 24.3437 33.6219 24.1134C33.4618 23.8831 33.3824 23.6079 33.3824 23.2876C33.3824 22.7807 33.5729 22.3718 33.9527 22.0608C34.3339 21.7511 34.8473 21.595 35.4945 21.595H36.6061V21.415C36.6061 21.1543 36.5161 20.9465 36.3361 20.789C36.1562 20.6329 35.9127 20.5535 35.6056 20.5535C35.3582 20.5535 35.1345 20.6183 34.9347 20.7493C34.7349 20.879 34.584 21.0312 34.4834 21.2046L33.5319 20.6342C33.7119 20.3073 33.9792 20.0347 34.3325 19.8177C34.6859 19.6006 35.1094 19.4921 35.6043 19.4921C36.3123 19.4921 36.8629 19.6615 37.2559 20.003C37.6503 20.3431 37.8461 20.834 37.8461 21.4746V24.7393H36.8245L36.6538 24.079C36.487 24.3066 36.2753 24.4866 36.0172 24.6189C35.7605 24.7526 35.4574 24.8187 35.1107 24.8187C34.8103 24.8187 34.5271 24.7592 34.2598 24.6388H34.2624ZM36.2607 23.457C36.491 23.2572 36.6061 23.0097 36.6061 22.7159V22.5756H35.6255C35.3383 22.5756 35.1094 22.6312 34.94 22.741C34.7693 22.8509 34.6846 23.0031 34.6846 23.1963C34.6846 23.3763 34.7468 23.5152 34.8698 23.6118C34.9929 23.7084 35.1755 23.7574 35.4151 23.7574C35.7486 23.7574 36.0304 23.6568 36.2607 23.457V23.457Z" fill="black"></path><path d="M39.7571 24.4178L37.8845 19.5715H39.1364L40.3473 22.8562L41.4894 19.5715H42.7308L40.088 26.7813H38.8863L39.7571 24.4178Z" fill="black"></path><path d="M13.652 33.1164H12.6185V27.5515H14.6618C15.7985 27.5515 16.4589 28.3072 16.4589 29.2772C16.4589 30.2473 15.7985 31.0029 14.6618 31.0029H13.652V33.1177V33.1164ZM15.4095 29.2759C15.4095 28.7505 15.076 28.5044 14.5824 28.5044H13.652V30.0461H14.5824C15.0747 30.0461 15.4095 29.8 15.4095 29.2746V29.2759Z" fill="black"></path><path d="M17.0981 29.0139H18.084V29.6345C18.3222 29.1899 18.7682 28.9503 19.2843 28.9503C19.5464 28.9503 19.7687 29.0139 19.9209 29.133L19.5874 29.968C19.4524 29.8966 19.3095 29.8569 19.1507 29.8569C18.5856 29.8569 18.0854 30.3015 18.0854 31.4793V33.1177H17.0994V29.0152L17.0981 29.0139Z" fill="black"></path><path d="M20.9703 27.312C21.3356 27.312 21.6069 27.5899 21.6069 27.9485C21.6069 28.3072 21.3369 28.5851 20.9703 28.5851C20.6038 28.5851 20.3338 28.3072 20.3338 27.9485C20.3338 27.5899 20.6038 27.312 20.9703 27.312ZM21.4626 33.1164H20.4767V29.0139H21.4626V33.1164Z" fill="black"></path><path d="M22.2355 31.0651C22.2355 29.8251 23.0785 28.9503 24.3026 28.9503C25.1774 28.9503 25.8205 29.2997 26.1553 30.0713L25.2568 30.4762C25.0583 30.0792 24.7565 29.8555 24.3026 29.8555C23.6899 29.8555 23.2373 30.3399 23.2373 31.0638C23.2373 31.7877 23.6899 32.272 24.3026 32.272C24.7552 32.272 25.0583 32.0497 25.2568 31.6514L26.1553 32.0563C25.8219 32.8279 25.1774 33.1772 24.3026 33.1772C23.0785 33.1772 22.2355 32.3025 22.2355 31.0625V31.0651Z" fill="black"></path><path d="M30.5874 31.3827H27.5581C27.6693 32.0113 28.1153 32.3051 28.6473 32.3051C29.1316 32.3051 29.4109 32.0907 29.6808 31.7083L30.5159 32.1609C30.1348 32.7736 29.5617 33.1786 28.5917 33.1786C27.2167 33.1786 26.5484 32.0894 26.5484 31.0638C26.5484 30.0382 27.2723 28.949 28.5838 28.949C29.8952 28.949 30.5874 29.9667 30.5874 30.9765V31.3814V31.3827ZM29.5776 30.6033C29.5062 30.1586 29.1409 29.8079 28.5838 29.8079C28.1391 29.8079 27.7408 30.0938 27.5978 30.6033H29.5776V30.6033Z" fill="black"></path><path d="M31.0294 32.2416L31.7374 31.6448C31.9677 32.0577 32.2866 32.3051 32.7551 32.3051C33.0965 32.3051 33.3281 32.1463 33.3281 31.8922C33.3281 31.6381 33.0105 31.4952 32.4613 31.343C31.785 31.1604 31.253 30.7713 31.253 30.1507C31.253 29.4665 31.8975 28.9503 32.7154 28.9503C33.4472 28.9503 33.876 29.3156 34.1142 29.7139L33.4776 30.2631C33.2553 29.9058 32.9602 29.7933 32.7061 29.7933C32.3726 29.7933 32.1728 29.9442 32.1728 30.1189C32.1728 30.365 32.3951 30.4762 33.0634 30.6522C33.7397 30.8269 34.2796 31.1855 34.2796 31.8922C34.2796 32.5989 33.7225 33.1799 32.6902 33.1799C31.9028 33.1799 31.3311 32.8464 31.0281 32.2416H31.0294Z" fill="black"></path><path d="M23.5046 47.8549H24.2007C24.3979 47.8549 24.4045 47.8443 24.3609 47.6498C24.2643 47.2263 24.1796 46.8015 24.0724 46.382C24.0155 46.161 24.0287 46.0207 24.2391 45.8579C24.7473 45.4675 24.7658 44.7013 24.3212 44.2315C23.8792 43.7643 23.1288 43.763 22.6855 44.2275C22.2395 44.696 22.2514 45.4636 22.7609 45.854C22.9898 46.0286 22.9925 46.1822 22.9237 46.4018C22.9171 46.423 22.9118 46.4429 22.9078 46.464C22.8165 46.8743 22.7238 47.2859 22.6339 47.6961C22.6021 47.8443 22.614 47.8562 22.7715 47.8562C23.0163 47.8562 23.2611 47.8562 23.506 47.8562M23.4954 41.1361C24.2179 41.1361 24.9392 41.1334 25.6604 41.1374C25.7689 41.1374 25.8166 41.1096 25.8139 40.9932C25.8086 40.62 25.8139 40.2454 25.81 39.8723C25.806 39.5771 25.7517 39.29 25.634 39.0187C25.1602 37.9229 24.0406 37.3803 22.88 37.6807C22.0357 37.8991 21.329 38.668 21.2337 39.5374C21.1808 40.0139 21.2072 40.4982 21.1914 40.9786C21.1874 41.1056 21.235 41.1387 21.3568 41.1387C22.0701 41.1334 22.7834 41.1361 23.4967 41.1361M23.4967 50.6023C22.217 50.6023 20.9359 50.6023 19.6562 50.6023C18.6849 50.6023 17.9186 50.0041 17.699 49.0592C17.6619 48.903 17.654 48.735 17.654 48.5735C17.6513 46.7856 17.6566 44.9977 17.65 43.2112C17.6473 42.4899 17.9028 41.9037 18.4943 41.4815C18.8132 41.2539 19.1758 41.1427 19.5689 41.1374C19.7396 41.1348 19.7383 41.1321 19.7396 40.9627C19.7436 40.5035 19.7198 40.0403 19.7595 39.5851C19.9408 37.4822 21.7631 35.9683 23.862 36.1549C25.7584 36.3243 27.2578 37.96 27.2617 39.867C27.2617 40.2282 27.2617 40.5895 27.2617 40.9495C27.2617 41.1321 27.2617 41.1308 27.4457 41.1387C28.2159 41.1731 28.7796 41.5357 29.1436 42.212C29.3024 42.5071 29.3513 42.8274 29.3513 43.1595C29.3513 44.9779 29.3553 46.7949 29.3513 48.6132C29.3487 49.5965 28.732 50.3601 27.7845 50.5639C27.6429 50.5943 27.4946 50.6023 27.3491 50.6023C26.0641 50.6049 24.7804 50.6036 23.4954 50.6036" fill="black"></path></svg><p class="styled__StyledBodyText-sc-119w3hf-5 ggtTyf styled__DarkGreyBodyText-sc-9yzfq2-2 lmkdDf">Low Everyday Price</p></div></div></div></div></div></div></div></li><li class="product-list--list-item"><div class="styles__StyledVerticalTileWrapper-dvv1wj-0 dtCNPH"><div data-auto="product-tile" data-auto-type="Quantity" data-auto-available="true" data-auto-is-restricted-disabled="false" data-auto-is-substitute="false" class="styles__StyledVerticalTile-dvv1wj-1 gSCsYK"><div class="styles__StyledTileContentWrapper-dvv1wj-2 bkNhNP beans"><div id="tile-257107498" data-auto-id="257107498" class="styles__StyledTiledContent-dvv1wj-3 bcglTg"><a href="https://www.tesco.com/groceries/en-GB/products/257107498" aria-hidden="true" class="product-image-wrapper" tabindex="1"><div class="product-image__container"><picture><img class="styled__Image-sjvkdn-0 bJErKA product-image beans-responsive-image__image" src="data:image/gif;base64,R0lGODlhAQABAAAAACH5BAEKAAEALAAAAAABAAEAAAICTAEAOw==" srcset="https://digitalcontent.api.tesco.com/v2/media/ghs/8c60a5f0-b6bf-4599-99d6-850170505d8f/1b4b8e99-958d-4107-a7ce-71b387f55083_1855096132.jpeg?h=225&amp;w=225 768w, data:image/gif;base64,R0lGODlhAQABAAAAACH5BAEKAAEALAAAAAABAAEAAAICTAEAOw== 4000w" alt="Tesco Paracetamol Tablets 500Mg 16 Pack"></picture></div></a><div class="product-details--wrapper"><h3 class="styles__H3-oa5soe-0 bCKNNq"><a href="https://www.tesco.com/groceries/en-GB/products/257107498" class="styled__Anchor-sc-1xbujuz-0 csVOnh beans-link__anchor" data-auto="product-tile--title"><span class="styled__Text-sc-1xbujuz-1 ldbwMG beans-link__text">Tesco Paracetamol Tablets 500Mg 16 Pack</span></a></h3><div class="styles__StyledPromotionsAboveMobile-dvv1wj-7 iPTMuo"></div><div class="styles__StyledProductDetailsContent-dvv1wj-5 ddRSrq"><a href="https://www.tesco.com/groceries/en-GB/reviews/submission/257107498?from=%2Fshop%2Fhealth-and-beauty%2Fall" aria-label="Write a review for Tesco Paracetamol Tablets 500Mg 16 Pack" class="styled__Anchor-sc-1xbujuz-0 jSzuDt write-a-review-link beans-link__anchor" data-auto="review-link"><span class="styled__Text-sc-1xbujuz-1 fyDIEo beans-link__text">Write a review</span><span class="styled__IconContainer-sc-1xbujuz-2 bSauSL beans-link__icon-container"><svg aria-hidden="true" class="styled__SVG-xxa4wh-1 hQMCqc beans-link__icon beans-icon__svg" height="13.33" preserveAspectRatio="xMinYMax meet" viewBox="-1 0 12 20" width="8" xmlns="http://www.w3.org/2000/svg" color="currentColor"><path d="M1.312 1.348L10.276 10l-8.964 8.644" fill="none" stroke="currentColor"></path></svg></span></a><div><a href="https://www.tesco.com/groceries/en-GB/shop/health-and-beauty/medicine/pain-relief-and-pain-killers/paracetamol" class="styled__Anchor-sc-1xbujuz-0 jSzuDt rest-of-shelf-link beans-link__anchor" data-auto="rest-of-shelf-link"><span class="styled__Text-sc-1xbujuz-1 fyDIEo beans-link__text">Rest of <span class="visually-hidden">Paracetamol</span> shelf</span><span class="styled__IconContainer-sc-1xbujuz-2 bSauSL beans-link__icon-container"><svg aria-hidden="true" class="styled__SVG-xxa4wh-1 hQMCqc beans-link__icon beans-icon__svg" height="13.33" preserveAspectRatio="xMinYMax meet" viewBox="-1 0 12 20" width="8" xmlns="http://www.w3.org/2000/svg" color="currentColor"><path d="M1.312 1.348L10.276 10l-8.964 8.644" fill="none" stroke="currentColor"></path></svg></span></a></div><div class="product-info-message-section"><div class="product-info-message-list"><div class="styled__WhiteBackground-sc-9yzfq2-1 jthPIJ"><svg width="56" height="56" viewBox="0 0 56 56" fill="none" xmlns="http://www.w3.org/2000/svg"><path d="M52.1301 27.8766C52.1301 14.5534 41.3293 3.75308 28.0066 3.75308C14.6834 3.75308 3.88306 14.5534 3.88306 27.8766C3.88306 41.1998 14.6834 52.0002 28.0066 52.0002C41.3293 52.0002 52.1301 41.1998 52.1301 27.8766Z" fill="#EE1C2E"></path><path d="M19.6853 36.5687L31.8169 48.6998L52.6633 27.8998L51.9894 23.0423L31.886 43.1452L22.5438 33.803L19.6853 36.5687Z" fill="white"></path><path d="M24.2699 12.0048L23.5594 9.93467L22.8484 12.0048H24.2699ZM24.6345 13.0711H22.4844L21.9776 14.5375H20.7515L22.9815 8.31722H24.1369L26.3669 14.5375H25.1408L24.6345 13.0711Z" fill="white"></path><path d="M27.8359 14.5375H26.734V8.24609H27.8359V14.5375Z" fill="white"></path><path d="M31.5684 13.2309C31.7849 12.9886 31.8927 12.6597 31.8927 12.2446C31.8927 11.8306 31.7849 11.5016 31.5684 11.2588C31.3524 11.0159 31.0811 10.8942 30.7558 10.8942C30.4299 10.8942 30.1587 11.0159 29.9427 11.2588C29.7267 11.5016 29.6184 11.8306 29.6184 12.2446C29.6184 12.6597 29.7267 12.9886 29.9427 13.2309C30.1587 13.4738 30.4299 13.5955 30.7558 13.5955C31.0811 13.5955 31.3524 13.4738 31.5684 13.2309ZM29.4673 14.3065C29.159 14.1049 28.9177 13.8234 28.7429 13.4619C28.5681 13.101 28.481 12.6952 28.481 12.2446C28.481 11.7888 28.5655 11.3815 28.7341 11.0231C28.9032 10.6648 29.1384 10.3848 29.4405 10.1837C29.7426 9.98212 30.0891 9.88158 30.48 9.88158C30.7883 9.88158 31.0579 9.93624 31.2889 10.0455C31.5199 10.1554 31.6978 10.3106 31.8221 10.5122V8.24609H32.9239V14.5375H31.8221V13.9863C31.6916 14.1704 31.5137 14.3194 31.2889 14.4349C31.0636 14.5504 30.797 14.6086 30.4892 14.6086C30.1159 14.6086 29.7751 14.5076 29.4673 14.3065Z" fill="white"></path><path d="M34.9657 14.5375H33.8638V9.95224H34.9657V14.5375ZM33.9082 8.34408C34.0443 8.20796 34.2129 8.1399 34.4145 8.1399C34.6161 8.1399 34.7847 8.20796 34.9208 8.34408C35.0574 8.48071 35.1255 8.64931 35.1255 8.8504C35.1255 9.052 35.0574 9.22112 34.9208 9.35724C34.7847 9.49336 34.6161 9.56142 34.4145 9.56142C34.2129 9.56142 34.0443 9.49336 33.9082 9.35724C33.7715 9.22112 33.704 9.052 33.704 8.8504C33.704 8.64931 33.7715 8.48071 33.9082 8.34408Z" fill="white"></path><path d="M19.6791 19.3347C19.8894 19.1506 19.9946 18.8779 19.9946 18.5169C19.9946 18.1565 19.8894 17.8838 19.6791 17.6997C19.4682 17.5156 19.183 17.4233 18.8221 17.4233H17.5027V19.6111H18.8221C19.183 19.6111 19.4682 19.5188 19.6791 19.3347ZM17.5027 23.9628H16.0374V16.0704H18.9345C19.461 16.0704 19.9157 16.1776 20.2988 16.3921C20.6824 16.6061 20.9753 16.8995 21.1784 17.2712C21.3816 17.6435 21.4826 18.0586 21.4826 18.5169C21.4826 18.9758 21.3816 19.3909 21.1784 19.7632C20.9753 20.1354 20.6824 20.4283 20.2988 20.6423C19.9157 20.8568 19.461 20.9635 18.9345 20.9635H17.5027V23.9628Z" fill="white"></path><path d="M22.0396 18.1451H23.4379V19.0248C23.6029 18.7087 23.8359 18.4684 24.1365 18.3029C24.4376 18.1374 24.7717 18.0549 25.1404 18.0549C25.5235 18.0549 25.8241 18.1415 26.0422 18.3143L25.5689 19.4981C25.3729 19.3929 25.1662 19.3403 24.9486 19.3403C24.5124 19.3403 24.152 19.528 23.8663 19.9039C23.5802 20.2797 23.4379 20.8582 23.4379 21.6404V23.9627H22.0396V18.1451Z" fill="white"></path><path d="M27.8879 23.9627H26.4896V18.1451H27.8879V23.9627ZM26.5458 16.1044C26.7191 15.9316 26.933 15.845 27.1888 15.845C27.444 15.845 27.658 15.9316 27.8312 16.1044C28.0039 16.2771 28.0906 16.4916 28.0906 16.7468C28.0906 17.0026 28.0039 17.217 27.8312 17.3898C27.658 17.5625 27.444 17.6491 27.1888 17.6491C26.933 17.6491 26.7191 17.5625 26.5458 17.3898C26.3731 17.217 26.287 17.0026 26.287 16.7468C26.287 16.4916 26.3731 16.2771 26.5458 16.1044Z" fill="white"></path><path d="M30.0603 23.6693C29.6168 23.4141 29.2714 23.0588 29.0234 22.6041C28.7754 22.1493 28.6511 21.6327 28.6511 21.0537C28.6511 20.4752 28.7754 19.9585 29.0234 19.5038C29.2714 19.049 29.6168 18.6937 30.0603 18.438C30.5037 18.1828 31.011 18.0549 31.5823 18.0549C32.8749 18.0549 33.751 18.585 34.2093 19.6445L32.9353 20.2199C32.6424 19.6332 32.1913 19.3403 31.5823 19.3403C31.1466 19.3403 30.7857 19.4981 30.5001 19.8136C30.2144 20.1297 30.0716 20.5427 30.0716 21.0537C30.0716 21.5651 30.2144 21.9787 30.5001 22.2942C30.7857 22.6097 31.1466 22.7675 31.5823 22.7675C32.1913 22.7675 32.6424 22.4747 32.9353 21.8884L34.2093 22.4633C33.751 23.5229 32.8749 24.0529 31.5823 24.0529C31.011 24.0529 30.5037 23.9251 30.0603 23.6693Z" fill="white"></path><path d="M38.727 20.3999C38.6744 20.0694 38.5223 19.7987 38.2707 19.5883C38.0186 19.3779 37.7015 19.2728 37.3179 19.2728C36.9946 19.2728 36.7048 19.3723 36.4496 19.5713C36.1939 19.7708 36.0175 20.0467 35.9196 20.3999H38.727ZM40.1588 21.5048H35.8633C35.9381 21.9333 36.115 22.2586 36.3934 22.4803C36.6713 22.702 37.0095 22.8129 37.4081 22.8129C37.7386 22.8129 38.015 22.7433 38.2367 22.6041C38.4584 22.4649 38.6708 22.253 38.874 21.9673L40.0573 22.6097C39.7716 23.0759 39.4092 23.4327 38.9693 23.6812C38.5295 23.9287 37.983 24.0529 37.3292 24.0529C36.7125 24.0529 36.1846 23.9086 35.7453 23.6188C35.3055 23.3295 34.9765 22.9557 34.7584 22.4968C34.5403 22.0385 34.4315 21.5574 34.4315 21.0537C34.4315 20.5504 34.546 20.0694 34.7754 19.611C35.0044 19.1526 35.3374 18.7783 35.7731 18.4891C36.2088 18.1998 36.7239 18.0549 37.3179 18.0549C37.9191 18.0549 38.4341 18.19 38.8626 18.4607C39.2911 18.7314 39.6139 19.0866 39.832 19.5264C40.0501 19.9657 40.1588 20.4339 40.1588 20.9299V21.5048Z" fill="white"></path><path d="M16.3879 25.558H17.7399L19.2454 29.4977L20.751 25.558H22.1029V31.8684H20.9309V28.0282L19.6873 31.2915H18.8035L17.5599 28.0282V31.8684H16.3879V25.558Z" fill="white"></path><path d="M25.4058 30.7146C25.6131 30.5341 25.7167 30.3119 25.7167 30.0474V29.9216H24.8335C24.5746 29.9216 24.3689 29.971 24.2158 30.07C24.0626 30.169 23.9858 30.3057 23.9858 30.48C23.9858 30.6424 24.0415 30.7671 24.1529 30.8543C24.2637 30.9414 24.4277 30.9847 24.6437 30.9847C24.9443 30.9847 25.1985 30.8945 25.4058 30.7146ZM23.6074 31.7782C23.3671 31.67 23.1748 31.5122 23.0304 31.3049C22.886 31.0976 22.8138 30.8496 22.8138 30.5609C22.8138 30.1046 22.9855 29.7364 23.3279 29.457C23.6703 29.1775 24.1333 29.0378 24.7159 29.0378H25.7167V28.8754C25.7167 28.6413 25.6357 28.4531 25.4733 28.3118C25.3109 28.1711 25.0918 28.1004 24.8154 28.1004C24.5927 28.1004 24.3916 28.1592 24.2111 28.2763C24.0312 28.3933 23.8956 28.5299 23.8059 28.6862L22.9494 28.1726C23.1113 27.8782 23.3516 27.6333 23.6703 27.4379C23.9889 27.2425 24.3705 27.145 24.8154 27.145C25.4522 27.145 25.9482 27.2982 26.3024 27.6044C26.6572 27.9112 26.8345 28.3526 26.8345 28.9295V31.8685H25.9152L25.7621 31.2735C25.6115 31.4776 25.4207 31.6401 25.1892 31.7602C24.9582 31.8803 24.686 31.9401 24.3735 31.9401C24.1029 31.9401 23.8476 31.8865 23.6074 31.7782Z" fill="white"></path><path d="M27.8214 30.3V28.1726H27.1182V27.2167H27.8214V26.4417L28.9393 25.7384V27.2167H30.1381V28.1726H28.9393V30.2458C28.9393 30.6903 29.1166 30.9125 29.4709 30.9125C29.6333 30.9125 29.7895 30.8496 29.9395 30.7233L30.4443 31.5797C30.2881 31.706 30.1169 31.7978 29.9308 31.855C29.7446 31.9117 29.5549 31.9401 29.3626 31.9401C28.3355 31.9401 27.8214 31.3936 27.8214 30.3Z" fill="white"></path><path d="M31.5487 31.6339C31.194 31.4297 30.9176 31.1456 30.7196 30.7821C30.5211 30.4186 30.4221 30.0056 30.4221 29.5426C30.4221 29.0801 30.5211 28.6666 30.7196 28.3031C30.9176 27.9396 31.194 27.6555 31.5487 27.4513C31.9034 27.2471 32.3087 27.145 32.7655 27.145C33.7993 27.145 34.4995 27.5683 34.8661 28.416L33.8473 28.8754C33.6132 28.4067 33.2528 28.1726 32.7655 28.1726C32.417 28.1726 32.1288 28.2989 31.9004 28.5511C31.6719 28.8037 31.558 29.1342 31.558 29.5426C31.558 29.9509 31.6719 30.282 31.9004 30.5341C32.1288 30.7867 32.417 30.9125 32.7655 30.9125C33.2528 30.9125 33.6132 30.6785 33.8473 30.2098L34.8661 30.6697C34.4995 31.5168 33.7993 31.9401 32.7655 31.9401C32.3087 31.9401 31.9034 31.8386 31.5487 31.6339Z" fill="white"></path><path d="M35.3998 25.4863H36.5176V27.9473C36.662 27.707 36.8615 27.5132 37.1167 27.3657C37.3725 27.2188 37.6592 27.145 37.9778 27.145C38.4702 27.145 38.8579 27.2909 39.1405 27.5823C39.423 27.8736 39.5643 28.2804 39.5643 28.8037V31.8685H38.4465V29.0285C38.4465 28.7522 38.3758 28.5408 38.2346 28.3933C38.0933 28.2458 37.8907 28.1726 37.6262 28.1726C37.3199 28.1726 37.0585 28.3093 36.8419 28.5825C36.6254 28.8558 36.5176 29.275 36.5176 29.8401V31.8685H35.3998V25.4863Z" fill="white"></path></svg><p class="styled__StyledBodyText-sc-119w3hf-5 ggtTyf styled__DarkGreyBodyText-jk5kya-0 iwRWTH">Aldi Price Match</p></div></div></div></div><div class="styles__StyledBuyBoxWrapper-dvv1wj-4 dSvjUC"><div class="styles__StyledBuyBoxContainer-sc-1wx0qp6-0 erryje" data-auto="buybox-container"><div class="styles__SafeFormWrapper-jtpu2t-0 lcrYKS"><form action="https://www.tesco.com/groceries/en-GB/trolley/items/257107498?_method=PUT" method="POST"><input type="submit" class="hidden"><input name="id" type="hidden" value="257107498"><input name="identifier" type="hidden" value="Page"><input name="anchorId" type="hidden" value="#tile-257107498"><input name="returnUrl" type="hidden" value="/groceries/en-GB/shop/health-and-beauty/all?redirectIfUnavailable=true#tile-257107498"><input name="backToUrl" type="hidden" value="#"><input name="oldValue" type="hidden" value="0"><input name="oldUnitChoice" type="hidden" value="pcs"><input name="newUnitChoice" type="hidden" value="pcs"><div class="base-components__RootElement-sc-1mosoyj-1 styled__Container-sc-6nhkzi-0 jptQqM hSNpTb beans-buybox__container"><div class="base-components__BaseElement-sc-1mosoyj-0 styled__PriceAndActions-sc-6nhkzi-3 oznwo eEPLov beans-buybox__price-and-actions"><div class="base-components__RootElement-sc-1mosoyj-1 styled__Container-sc-8qlq5b-0 jptQqM bgZrjw styled__StyledPrice-sc-6nhkzi-5 iYHeik beans-buybox__price beans-price__container"><p class="styled__StyledHeading-sc-119w3hf-2 jWPEtj styled__Text-sc-8qlq5b-1 lnaeiZ beans-price__text">£0.29</p><p class="styled__StyledFootnote-sc-119w3hf-7 icrlVF styled__Subtext-sc-8qlq5b-2 bNJmdc beans-price__subtext">£0.02/each</p></div><div class="base-components__RootElement-sc-1mosoyj-1 styled__Container-vtxwzb-0 jptQqM bDFhXJ beans-buybox__actions beans-quantity-controls__container"><div class="base-components__RootElement-sc-1mosoyj-1 styled__Container-sc-16t2b2a-0 jptQqM PUfgZ styled__StyledFormGroup-vtxwzb-1 kzKuAr beans-quantity-controls__form-group beans-form-group__container"><label class="styled__StyledLabel-sc-1ttuvhr-0 izGEjV beans-form-group__label beans-label" for="quantity-controls-257107498">Quantity controls </label><div class="base-components__BaseElement-sc-1mosoyj-0 styled__Children-sc-16t2b2a-3 oznwo gdJvjO beans-form-group__children"><div class="styled__StyledQuantityControlWrapper-vtxwzb-6 LCxOg"><label id="quantity-controls-257107498-label" class="styled__VisuallyHiddenLabel-vtxwzb-7 gXlLiM">Quantity of Tesco Paracetamol Tablets 500Mg 16 Pack</label><div class="component__Wrapper-sc-1kpmik-3 dReplG input-wrapper"><input class="base-components__RootElement-sc-1mosoyj-1 styled__StyledInput-sc-1jd5f57-0 component__StyledAsInput-sc-1kpmik-4 jptQqM eJLlow styled__StyledInput-vtxwzb-3 lwMHo beans-quantity-controls__input beans-input" data-auto="beans-quantity-controls-input" autocomplete="off" id="quantity-controls-257107498" maxlength="2" name="newValue" type="number" aria-labelledby="quantity-controls-257107498-label" value="1"></div></div><button class="styled__BaseButton-rsekm1-0 styled__PrimaryButton-rsekm1-2 jChbeY geeWOF styled__StyledButton-vtxwzb-5 japAxb beans-quantity-controls__add-button beans-button__container" type="submit" data-auto="beans-quantity-controls-add-button" aria-label="Quantity of Tesco Paracetamol Tablets 500Mg 16 Pack"><span class="base-components__BaseElement-sc-1mosoyj-0 styled__InnerContainer-rsekm1-1 oznwo fuFres beans-button__inner-container"><span class="base-components__BaseElement-sc-1mosoyj-0 styled__TextSpan-rsekm1-4 oznwo GDiMp beans-button__text">Add</span></span></button></div></div></div></div></div><input name="_csrf" type="hidden" value="0WbpBJF9-cS-fAMl-ByHnl5hECj1JaZiBQ20"></form></div></div></div></div><div class="hidden-medium product-info-section-small"><div class="product-info-message-list"><div class="styled__WhiteBackground-sc-9yzfq2-1 jthPIJ"><svg width="56" height="56" viewBox="0 0 56 56" fill="none" xmlns="http://www.w3.org/2000/svg"><path d="M52.1301 27.8766C52.1301 14.5534 41.3293 3.75308 28.0066 3.75308C14.6834 3.75308 3.88306 14.5534 3.88306 27.8766C3.88306 41.1998 14.6834 52.0002 28.0066 52.0002C41.3293 52.0002 52.1301 41.1998 52.1301 27.8766Z" fill="#EE1C2E"></path><path d="M19.6853 36.5687L31.8169 48.6998L52.6633 27.8998L51.9894 23.0423L31.886 43.1452L22.5438 33.803L19.6853 36.5687Z" fill="white"></path><path d="M24.2699 12.0048L23.5594 9.93467L22.8484 12.0048H24.2699ZM24.6345 13.0711H22.4844L21.9776 14.5375H20.7515L22.9815 8.31722H24.1369L26.3669 14.5375H25.1408L24.6345 13.0711Z" fill="white"></path><path d="M27.8359 14.5375H26.734V8.24609H27.8359V14.5375Z" fill="white"></path><path d="M31.5684 13.2309C31.7849 12.9886 31.8927 12.6597 31.8927 12.2446C31.8927 11.8306 31.7849 11.5016 31.5684 11.2588C31.3524 11.0159 31.0811 10.8942 30.7558 10.8942C30.4299 10.8942 30.1587 11.0159 29.9427 11.2588C29.7267 11.5016 29.6184 11.8306 29.6184 12.2446C29.6184 12.6597 29.7267 12.9886 29.9427 13.2309C30.1587 13.4738 30.4299 13.5955 30.7558 13.5955C31.0811 13.5955 31.3524 13.4738 31.5684 13.2309ZM29.4673 14.3065C29.159 14.1049 28.9177 13.8234 28.7429 13.4619C28.5681 13.101 28.481 12.6952 28.481 12.2446C28.481 11.7888 28.5655 11.3815 28.7341 11.0231C28.9032 10.6648 29.1384 10.3848 29.4405 10.1837C29.7426 9.98212 30.0891 9.88158 30.48 9.88158C30.7883 9.88158 31.0579 9.93624 31.2889 10.0455C31.5199 10.1554 31.6978 10.3106 31.8221 10.5122V8.24609H32.9239V14.5375H31.8221V13.9863C31.6916 14.1704 31.5137 14.3194 31.2889 14.4349C31.0636 14.5504 30.797 14.6086 30.4892 14.6086C30.1159 14.6086 29.7751 14.5076 29.4673 14.3065Z" fill="white"></path><path d="M34.9657 14.5375H33.8638V9.95224H34.9657V14.5375ZM33.9082 8.34408C34.0443 8.20796 34.2129 8.1399 34.4145 8.1399C34.6161 8.1399 34.7847 8.20796 34.9208 8.34408C35.0574 8.48071 35.1255 8.64931 35.1255 8.8504C35.1255 9.052 35.0574 9.22112 34.9208 9.35724C34.7847 9.49336 34.6161 9.56142 34.4145 9.56142C34.2129 9.56142 34.0443 9.49336 33.9082 9.35724C33.7715 9.22112 33.704 9.052 33.704 8.8504C33.704 8.64931 33.7715 8.48071 33.9082 8.34408Z" fill="white"></path><path d="M19.6791 19.3347C19.8894 19.1506 19.9946 18.8779 19.9946 18.5169C19.9946 18.1565 19.8894 17.8838 19.6791 17.6997C19.4682 17.5156 19.183 17.4233 18.8221 17.4233H17.5027V19.6111H18.8221C19.183 19.6111 19.4682 19.5188 19.6791 19.3347ZM17.5027 23.9628H16.0374V16.0704H18.9345C19.461 16.0704 19.9157 16.1776 20.2988 16.3921C20.6824 16.6061 20.9753 16.8995 21.1784 17.2712C21.3816 17.6435 21.4826 18.0586 21.4826 18.5169C21.4826 18.9758 21.3816 19.3909 21.1784 19.7632C20.9753 20.1354 20.6824 20.4283 20.2988 20.6423C19.9157 20.8568 19.461 20.9635 18.9345 20.9635H17.5027V23.9628Z" fill="white"></path><path d="M22.0396 18.1451H23.4379V19.0248C23.6029 18.7087 23.8359 18.4684 24.1365 18.3029C24.4376 18.1374 24.7717 18.0549 25.1404 18.0549C25.5235 18.0549 25.8241 18.1415 26.0422 18.3143L25.5689 19.4981C25.3729 19.3929 25.1662 19.3403 24.9486 19.3403C24.5124 19.3403 24.152 19.528 23.8663 19.9039C23.5802 20.2797 23.4379 20.8582 23.4379 21.6404V23.9627H22.0396V18.1451Z" fill="white"></path><path d="M27.8879 23.9627H26.4896V18.1451H27.8879V23.9627ZM26.5458 16.1044C26.7191 15.9316 26.933 15.845 27.1888 15.845C27.444 15.845 27.658 15.9316 27.8312 16.1044C28.0039 16.2771 28.0906 16.4916 28.0906 16.7468C28.0906 17.0026 28.0039 17.217 27.8312 17.3898C27.658 17.5625 27.444 17.6491 27.1888 17.6491C26.933 17.6491 26.7191 17.5625 26.5458 17.3898C26.3731 17.217 26.287 17.0026 26.287 16.7468C26.287 16.4916 26.3731 16.2771 26.5458 16.1044Z" fill="white"></path><path d="M30.0603 23.6693C29.6168 23.4141 29.2714 23.0588 29.0234 22.6041C28.7754 22.1493 28.6511 21.6327 28.6511 21.0537C28.6511 20.4752 28.7754 19.9585 29.0234 19.5038C29.2714 19.049 29.6168 18.6937 30.0603 18.438C30.5037 18.1828 31.011 18.0549 31.5823 18.0549C32.8749 18.0549 33.751 18.585 34.2093 19.6445L32.9353 20.2199C32.6424 19.6332 32.1913 19.3403 31.5823 19.3403C31.1466 19.3403 30.7857 19.4981 30.5001 19.8136C30.2144 20.1297 30.0716 20.5427 30.0716 21.0537C30.0716 21.5651 30.2144 21.9787 30.5001 22.2942C30.7857 22.6097 31.1466 22.7675 31.5823 22.7675C32.1913 22.7675 32.6424 22.4747 32.9353 21.8884L34.2093 22.4633C33.751 23.5229 32.8749 24.0529 31.5823 24.0529C31.011 24.0529 30.5037 23.9251 30.0603 23.6693Z" fill="white"></path><path d="M38.727 20.3999C38.6744 20.0694 38.5223 19.7987 38.2707 19.5883C38.0186 19.3779 37.7015 19.2728 37.3179 19.2728C36.9946 19.2728 36.7048 19.3723 36.4496 19.5713C36.1939 19.7708 36.0175 20.0467 35.9196 20.3999H38.727ZM40.1588 21.5048H35.8633C35.9381 21.9333 36.115 22.2586 36.3934 22.4803C36.6713 22.702 37.0095 22.8129 37.4081 22.8129C37.7386 22.8129 38.015 22.7433 38.2367 22.6041C38.4584 22.4649 38.6708 22.253 38.874 21.9673L40.0573 22.6097C39.7716 23.0759 39.4092 23.4327 38.9693 23.6812C38.5295 23.9287 37.983 24.0529 37.3292 24.0529C36.7125 24.0529 36.1846 23.9086 35.7453 23.6188C35.3055 23.3295 34.9765 22.9557 34.7584 22.4968C34.5403 22.0385 34.4315 21.5574 34.4315 21.0537C34.4315 20.5504 34.546 20.0694 34.7754 19.611C35.0044 19.1526 35.3374 18.7783 35.7731 18.4891C36.2088 18.1998 36.7239 18.0549 37.3179 18.0549C37.9191 18.0549 38.4341 18.19 38.8626 18.4607C39.2911 18.7314 39.6139 19.0866 39.832 19.5264C40.0501 19.9657 40.1588 20.4339 40.1588 20.9299V21.5048Z" fill="white"></path><path d="M16.3879 25.558H17.7399L19.2454 29.4977L20.751 25.558H22.1029V31.8684H20.9309V28.0282L19.6873 31.2915H18.8035L17.5599 28.0282V31.8684H16.3879V25.558Z" fill="white"></path><path d="M25.4058 30.7146C25.6131 30.5341 25.7167 30.3119 25.7167 30.0474V29.9216H24.8335C24.5746 29.9216 24.3689 29.971 24.2158 30.07C24.0626 30.169 23.9858 30.3057 23.9858 30.48C23.9858 30.6424 24.0415 30.7671 24.1529 30.8543C24.2637 30.9414 24.4277 30.9847 24.6437 30.9847C24.9443 30.9847 25.1985 30.8945 25.4058 30.7146ZM23.6074 31.7782C23.3671 31.67 23.1748 31.5122 23.0304 31.3049C22.886 31.0976 22.8138 30.8496 22.8138 30.5609C22.8138 30.1046 22.9855 29.7364 23.3279 29.457C23.6703 29.1775 24.1333 29.0378 24.7159 29.0378H25.7167V28.8754C25.7167 28.6413 25.6357 28.4531 25.4733 28.3118C25.3109 28.1711 25.0918 28.1004 24.8154 28.1004C24.5927 28.1004 24.3916 28.1592 24.2111 28.2763C24.0312 28.3933 23.8956 28.5299 23.8059 28.6862L22.9494 28.1726C23.1113 27.8782 23.3516 27.6333 23.6703 27.4379C23.9889 27.2425 24.3705 27.145 24.8154 27.145C25.4522 27.145 25.9482 27.2982 26.3024 27.6044C26.6572 27.9112 26.8345 28.3526 26.8345 28.9295V31.8685H25.9152L25.7621 31.2735C25.6115 31.4776 25.4207 31.6401 25.1892 31.7602C24.9582 31.8803 24.686 31.9401 24.3735 31.9401C24.1029 31.9401 23.8476 31.8865 23.6074 31.7782Z" fill="white"></path><path d="M27.8214 30.3V28.1726H27.1182V27.2167H27.8214V26.4417L28.9393 25.7384V27.2167H30.1381V28.1726H28.9393V30.2458C28.9393 30.6903 29.1166 30.9125 29.4709 30.9125C29.6333 30.9125 29.7895 30.8496 29.9395 30.7233L30.4443 31.5797C30.2881 31.706 30.1169 31.7978 29.9308 31.855C29.7446 31.9117 29.5549 31.9401 29.3626 31.9401C28.3355 31.9401 27.8214 31.3936 27.8214 30.3Z" fill="white"></path><path d="M31.5487 31.6339C31.194 31.4297 30.9176 31.1456 30.7196 30.7821C30.5211 30.4186 30.4221 30.0056 30.4221 29.5426C30.4221 29.0801 30.5211 28.6666 30.7196 28.3031C30.9176 27.9396 31.194 27.6555 31.5487 27.4513C31.9034 27.2471 32.3087 27.145 32.7655 27.145C33.7993 27.145 34.4995 27.5683 34.8661 28.416L33.8473 28.8754C33.6132 28.4067 33.2528 28.1726 32.7655 28.1726C32.417 28.1726 32.1288 28.2989 31.9004 28.5511C31.6719 28.8037 31.558 29.1342 31.558 29.5426C31.558 29.9509 31.6719 30.282 31.9004 30.5341C32.1288 30.7867 32.417 30.9125 32.7655 30.9125C33.2528 30.9125 33.6132 30.6785 33.8473 30.2098L34.8661 30.6697C34.4995 31.5168 33.7993 31.9401 32.7655 31.9401C32.3087 31.9401 31.9034 31.8386 31.5487 31.6339Z" fill="white"></path><path d="M35.3998 25.4863H36.5176V27.9473C36.662 27.707 36.8615 27.5132 37.1167 27.3657C37.3725 27.2188 37.6592 27.145 37.9778 27.145C38.4702 27.145 38.8579 27.2909 39.1405 27.5823C39.423 27.8736 39.5643 28.2804 39.5643 28.8037V31.8685H38.4465V29.0285C38.4465 28.7522 38.3758 28.5408 38.2346 28.3933C38.0933 28.2458 37.8907 28.1726 37.6262 28.1726C37.3199 28.1726 37.0585 28.3093 36.8419 28.5825C36.6254 28.8558 36.5176 29.275 36.5176 29.8401V31.8685H35.3998V25.4863Z" fill="white"></path></svg><p class="styled__StyledBodyText-sc-119w3hf-5 ggtTyf styled__DarkGreyBodyText-jk5kya-0 iwRWTH">Aldi Price Match</p></div></div></div></div></div></div></div></li><li class="product-list--list-item"><div class="styles__StyledVerticalTileWrapper-dvv1wj-0 dtCNPH"><div data-auto="product-tile" data-auto-type="Quantity" data-auto-available="true" data-auto-is-restricted-disabled="false" data-auto-is-substitute="false" class="styles__StyledVerticalTile-dvv1wj-1 gSCsYK"><div class="styles__StyledTileContentWrapper-dvv1wj-2 bkNhNP beans"><div id="tile-300953529" data-auto-id="300953529" class="styles__StyledTiledContent-dvv1wj-3 bcglTg"><a href="https://www.tesco.com/groceries/en-GB/products/300953529" aria-hidden="true" class="product-image-wrapper" tabindex="1"><div class="product-image__container"><picture><img class="styled__Image-sjvkdn-0 bJErKA product-image beans-responsive-image__image" src="data:image/gif;base64,R0lGODlhAQABAAAAACH5BAEKAAEALAAAAAABAAEAAAICTAEAOw==" srcset="https://digitalcontent.api.tesco.com/v2/media/ghs/0a78a81a-f8ed-4708-ac44-a24bdcc07990/cd55302c-0541-489f-8a6d-01ac726ea89f_199467339.jpeg?h=225&amp;w=225 768w, data:image/gif;base64,R0lGODlhAQABAAAAACH5BAEKAAEALAAAAAABAAEAAAICTAEAOw== 4000w" alt="Tesco Essentials Shower Gel 250Ml"></picture></div></a><div class="product-details--wrapper"><h3 class="styles__H3-oa5soe-0 bCKNNq"><a href="https://www.tesco.com/groceries/en-GB/products/300953529" class="styled__Anchor-sc-1xbujuz-0 csVOnh beans-link__anchor" data-auto="product-tile--title"><span class="styled__Text-sc-1xbujuz-1 ldbwMG beans-link__text">Tesco Essentials Shower Gel 250Ml</span></a></h3><div class="styles__StyledPromotionsAboveMobile-dvv1wj-7 iPTMuo"></div><div class="styles__StyledProductDetailsContent-dvv1wj-5 ddRSrq"><a href="https://www.tesco.com/groceries/en-GB/reviews/submission/300953529?from=%2Fshop%2Fhealth-and-beauty%2Fall" aria-label="Write a review for Tesco Essentials Shower Gel 250Ml" class="styled__Anchor-sc-1xbujuz-0 jSzuDt write-a-review-link beans-link__anchor" data-auto="review-link"><span class="styled__Text-sc-1xbujuz-1 fyDIEo beans-link__text">Write a review</span><span class="styled__IconContainer-sc-1xbujuz-2 bSauSL beans-link__icon-container"><svg aria-hidden="true" class="styled__SVG-xxa4wh-1 hQMCqc beans-link__icon beans-icon__svg" height="13.33" preserveAspectRatio="xMinYMax meet" viewBox="-1 0 12 20" width="8" xmlns="http://www.w3.org/2000/svg" color="currentColor"><path d="M1.312 1.348L10.276 10l-8.964 8.644" fill="none" stroke="currentColor"></path></svg></span></a><div><a href="https://www.tesco.com/groceries/en-GB/shop/health-and-beauty/shower-bath-and-hand-hygiene/shower/shower-gel" class="styled__Anchor-sc-1xbujuz-0 jSzuDt rest-of-shelf-link beans-link__anchor" data-auto="rest-of-shelf-link"><span class="styled__Text-sc-1xbujuz-1 fyDIEo beans-link__text">Rest of <span class="visually-hidden">Shower Gel</span> shelf</span><span class="styled__IconContainer-sc-1xbujuz-2 bSauSL beans-link__icon-container"><svg aria-hidden="true" class="styled__SVG-xxa4wh-1 hQMCqc beans-link__icon beans-icon__svg" height="13.33" preserveAspectRatio="xMinYMax meet" viewBox="-1 0 12 20" width="8" xmlns="http://www.w3.org/2000/svg" color="currentColor"><path d="M1.312 1.348L10.276 10l-8.964 8.644" fill="none" stroke="currentColor"></path></svg></span></a></div><div class="product-info-message-section"><div class="product-info-message-list"></div></div></div><div class="styles__StyledBuyBoxWrapper-dvv1wj-4 dSvjUC"><div class="styles__StyledBuyBoxContainer-sc-1wx0qp6-0 erryje" data-auto="buybox-container"><div class="styles__SafeFormWrapper-jtpu2t-0 lcrYKS"><form action="https://www.tesco.com/groceries/en-GB/trolley/items/300953529?_method=PUT" method="POST"><input type="submit" class="hidden"><input name="id" type="hidden" value="300953529"><input name="identifier" type="hidden" value="Page"><input name="anchorId" type="hidden" value="#tile-300953529"><input name="returnUrl" type="hidden" value="/groceries/en-GB/shop/health-and-beauty/all?redirectIfUnavailable=true#tile-300953529"><input name="backToUrl" type="hidden" value="#"><input name="oldValue" type="hidden" value="0"><input name="oldUnitChoice" type="hidden" value="pcs"><input name="newUnitChoice" type="hidden" value="pcs"><div class="base-components__RootElement-sc-1mosoyj-1 styled__Container-sc-6nhkzi-0 jptQqM hSNpTb beans-buybox__container"><div class="base-components__BaseElement-sc-1mosoyj-0 styled__PriceAndActions-sc-6nhkzi-3 oznwo eEPLov beans-buybox__price-and-actions"><div class="base-components__RootElement-sc-1mosoyj-1 styled__Container-sc-8qlq5b-0 jptQqM bgZrjw styled__StyledPrice-sc-6nhkzi-5 iYHeik beans-buybox__price beans-price__container"><p class="styled__StyledHeading-sc-119w3hf-2 jWPEtj styled__Text-sc-8qlq5b-1 lnaeiZ beans-price__text">£0.30</p><p class="styled__StyledFootnote-sc-119w3hf-7 icrlVF styled__Subtext-sc-8qlq5b-2 bNJmdc beans-price__subtext">£0.12/100ml</p></div><div class="base-components__RootElement-sc-1mosoyj-1 styled__Container-vtxwzb-0 jptQqM bDFhXJ beans-buybox__actions beans-quantity-controls__container"><div class="base-components__RootElement-sc-1mosoyj-1 styled__Container-sc-16t2b2a-0 jptQqM PUfgZ styled__StyledFormGroup-vtxwzb-1 kzKuAr beans-quantity-controls__form-group beans-form-group__container"><label class="styled__StyledLabel-sc-1ttuvhr-0 izGEjV beans-form-group__label beans-label" for="quantity-controls-300953529">Quantity controls </label><div class="base-components__BaseElement-sc-1mosoyj-0 styled__Children-sc-16t2b2a-3 oznwo gdJvjO beans-form-group__children"><div class="styled__StyledQuantityControlWrapper-vtxwzb-6 LCxOg"><label id="quantity-controls-300953529-label" class="styled__VisuallyHiddenLabel-vtxwzb-7 gXlLiM">Quantity of Tesco Essentials Shower Gel 250Ml</label><div class="component__Wrapper-sc-1kpmik-3 dReplG input-wrapper"><input class="base-components__RootElement-sc-1mosoyj-1 styled__StyledInput-sc-1jd5f57-0 component__StyledAsInput-sc-1kpmik-4 jptQqM eJLlow styled__StyledInput-vtxwzb-3 lwMHo beans-quantity-controls__input beans-input" data-auto="beans-quantity-controls-input" autocomplete="off" id="quantity-controls-300953529" maxlength="2" name="newValue" type="number" aria-labelledby="quantity-controls-300953529-label" value="1"></div></div><button class="styled__BaseButton-rsekm1-0 styled__PrimaryButton-rsekm1-2 jChbeY geeWOF styled__StyledButton-vtxwzb-5 japAxb beans-quantity-controls__add-button beans-button__container" type="submit" data-auto="beans-quantity-controls-add-button" aria-label="Quantity of Tesco Essentials Shower Gel 250Ml"><span class="base-components__BaseElement-sc-1mosoyj-0 styled__InnerContainer-rsekm1-1 oznwo fuFres beans-button__inner-container"><span class="base-components__BaseElement-sc-1mosoyj-0 styled__TextSpan-rsekm1-4 oznwo GDiMp beans-button__text">Add</span></span></button></div></div></div></div></div><input name="_csrf" type="hidden" value="0WbpBJF9-cS-fAMl-ByHnl5hECj1JaZiBQ20"></form></div></div></div></div><div class="hidden-medium product-info-section-small"><div class="product-info-message-list"></div></div></div></div></div></div></li></ul></div></div></div></div></div><div class="show-more"><div class="updating"><div class="spinner"></div><span>Loading more items...</span></div><a class="button button-primary small" rel="nofollow" href="https://www.tesco.com/groceries/en-GB/shop/health-and-beauty/all?page=2" aria-label="Show 48 more products">Show 48 more</a></div><div class="pagination-component grid"><div class="pagination__results-count"><div class="pagination__items-displayed" data-auto="product-bin-count">Showing <strong>1 to 48</strong> of <strong>4107 items</strong><span class="visually-hidden">sorted by Relevance</span></div><div class="show-more-less__link"><a href="https://www.tesco.com/groceries/en-GB/shop/health-and-beauty/all?page=2&amp;count=24" rel="nofollow">Show 24 per page</a></div></div><nav class="pagination--page-selector-wrapper"><ul><li class="pagination-btn-holder"><a aria-label="Current results page" class="pagination--button prev-next disabled" name="current-results-page" title="Current results page"><span class="icon-icon_whitechevronleft" aria-hidden="true"></span></a></li><li class="pagination-btn-holder"><a aria-label="Current results page" class="pagination--button disabled highlight" name="current-results-page" title="Current results page"><span aria-hidden="true">1</span></a></li><li class="pagination-btn-holder"><a href="https://www.tesco.com/groceries/en-GB/shop/health-and-beauty/all?page=2" aria-label="Go to results page 2" class="pagination--button" name="go-to-results-page-2" title="Go to results page 2"><span aria-hidden="true">2</span></a></li><li class="pagination-btn-holder"><a href="https://www.tesco.com/groceries/en-GB/shop/health-and-beauty/all?page=3" aria-label="Go to results page 3" class="pagination--button" name="go-to-results-page-3" title="Go to results page 3"><span aria-hidden="true">3</span></a></li><li><span class="pagination--ellipsis icon-dots"></span></li><li class="pagination-btn-holder"><a href="https://www.tesco.com/groceries/en-GB/shop/health-and-beauty/all?page=86" aria-label="Go to results page 86" class="pagination--button" name="go-to-results-page-86" title="Go to results page 86"><span aria-hidden="true">86</span></a></li><li class="pagination-btn-holder"><a href="https://www.tesco.com/groceries/en-GB/shop/health-and-beauty/all?page=2" aria-label="Go to results page" class="pagination--button prev-next" name="go-to-results-page" title="Go to results page"><span class="icon-icon_whitechevronright" aria-hidden="true"></span></a></li></ul></nav></div><div class="back-to-top"><a href="https://www.tesco.com/groceries/en-GB/shop/health-and-beauty/all#" class="back-to-top__link" rel="nofollow">Back to top<span class="back-to-top__icon-chevron--up icon-chevron_up"></span></a></div><div class="recommender-wrapper"></div></div></div><div id="sort-n-filter" data-auto="sort-n-filter" class="sort-n-filter-container fancy-filter"><div class="actionable-layout" id="actionable-layout"><div aria-hidden="true" class="overlay"></div><div class="actionable-layout--wrapper"><header class="actionable-header"><div><h2 class="actionable-header--title">Sort and filter</h2></div></header><div class="actionable-layout--body"><div class="actionable-layout--scrollable" id="actionable-layout--scrollable"><div class="" id="scrollable-overlay"><div id="top-filter"></div><div class="sort-by"><h2>Sort by</h2><ul><li><a class="filter-radio-button" href="https://www.tesco.com/groceries/en-GB/shop/health-and-beauty/all"><span class="label-wrapper"><span class="filter-radio-icon icon-radio-on"></span><span class="label">Relevance</span></span></a></li><li><a class="filter-radio-button" href="https://www.tesco.com/groceries/en-GB/shop/health-and-beauty/all?sortBy=price-ascending"><span class="label-wrapper"><span class="filter-radio-icon icon-radio-off"></span><span class="label">Price: Low to High</span></span></a></li><li><a class="filter-radio-button" href="https://www.tesco.com/groceries/en-GB/shop/health-and-beauty/all?sortBy=price-descending"><span class="label-wrapper"><span class="filter-radio-icon icon-radio-off"></span><span class="label">Price: High to Low</span></span></a></li></ul></div><div class="filter-by" data-auto="filter-by"><a href="https://www.tesco.com/groceries/en-GB/shop/health-and-beauty/all" class="clear-all">Clear filters</a><h2>Filter by</h2><div><div class="collapsible-list"><a class="filter-element" href="https://www.tesco.com/groceries/en-GB/shop/health-and-beauty/all?new=new&amp;viewAll=new" data-auto="filter-option" data-auto-selected="false"><span class="checked-status icon-checkbox-square-unchecked"></span><span class="label-wrapper" aria-disabled="false"><span class="label">New</span><span class="count"> (107) </span></span></a></div></div><div class="area area-promotion" id="area-promotion"><span class="visually-hidden">Filter by: Filter by</span><div class="collapsible-list" id="Filter-by"><a class="filter-element" href="https://www.tesco.com/groceries/en-GB/shop/health-and-beauty/all?promotion=offers&amp;viewAll=promotion" data-auto="filter-option" data-auto-selected="false"><span class="checked-status icon-checkbox-square-unchecked"></span><span class="label-wrapper" aria-disabled="false"><span class="label highlight">Special Offers</span><span class="count"> (1394) </span></span></a></div></div><div class="area area-categories" data-auto="filter-categories"><h2><span class="visually-hidden">Filter by</span>CATEGORY</h2><div><ul class="filter-tree" data-auto="filter-options"><li><a class="filter-element selected" href="https://www.tesco.com/groceries/en-GB/shop/health-and-beauty/all" data-auto="filter-option" data-auto-selected="true"><span class="label-wrapper"><span class="label">Health &amp; Beauty</span><span class="count">(6337)</span></span><span class="checked-status icon-checkbox-square-checked"></span></a><ul class="filter-tree" data-auto="filter-options"><li><a class="filter-element" href="https://www.tesco.com/groceries/en-GB/shop/health-and-beauty/all?department=Kid%27s%20Zone&amp;viewAll=department" data-auto="filter-option" data-auto-selected="false"><span class="label-wrapper"><span class="label">Kid's Zone</span><span class="count">(112)</span></span><span class="checked-status icon-checkbox-square-unchecked"></span></a></li><li><a class="filter-element" href="https://www.tesco.com/groceries/en-GB/shop/health-and-beauty/all?department=Shampoo&amp;viewAll=department" data-auto="filter-option" data-auto-selected="false"><span class="label-wrapper"><span class="label">Shampoo</span><span class="count">(359)</span></span><span class="checked-status icon-checkbox-square-unchecked"></span></a></li><li><a class="filter-element" href="https://www.tesco.com/groceries/en-GB/shop/health-and-beauty/all?department=Conditioner&amp;viewAll=department" data-auto="filter-option" data-auto-selected="false"><span class="label-wrapper"><span class="label">Conditioner</span><span class="count">(290)</span></span><span class="checked-status icon-checkbox-square-unchecked"></span></a></li><li><a class="filter-element" href="https://www.tesco.com/groceries/en-GB/shop/health-and-beauty/all?department=Haircare%20%26%20Styling&amp;viewAll=department" data-auto="filter-option" data-auto-selected="false"><span class="label-wrapper"><span class="label">Haircare &amp; Styling</span><span class="count">(480)</span></span><span class="checked-status icon-checkbox-square-unchecked"></span></a></li><li><a class="filter-element" href="https://www.tesco.com/groceries/en-GB/shop/health-and-beauty/all?department=Hair%20Colourants%20%26%20Dyes&amp;viewAll=department" data-auto="filter-option" data-auto-selected="false"><span class="label-wrapper"><span class="label">Hair Colourants &amp; Dyes</span><span class="count">(525)</span></span><span class="checked-status icon-checkbox-square-unchecked"></span></a></li><li><a class="filter-element" href="https://www.tesco.com/groceries/en-GB/shop/health-and-beauty/all?department=Shower%2C%20Bath%20%26%20Hand%20Hygiene&amp;viewAll=department" data-auto="filter-option" data-auto-selected="false"><span class="label-wrapper"><span class="label">Shower, Bath &amp; Hand Hygiene</span><span class="count">(342)</span></span><span class="checked-status icon-checkbox-square-unchecked"></span></a></li><li><a class="filter-element" href="https://www.tesco.com/groceries/en-GB/shop/health-and-beauty/all?department=Deodorants&amp;viewAll=department" data-auto="filter-option" data-auto-selected="false"><span class="label-wrapper"><span class="label">Deodorants</span><span class="count">(175)</span></span><span class="checked-status icon-checkbox-square-unchecked"></span></a></li><li><a class="filter-element" href="https://www.tesco.com/groceries/en-GB/shop/health-and-beauty/all?department=Toothpaste%2C%20Mouthwash%20%26%20Toothbrush&amp;viewAll=department" data-auto="filter-option" data-auto-selected="false"><span class="label-wrapper"><span class="label">Toothpaste, Mouthwash &amp; Toothbrush</span><span class="count">(344)</span></span><span class="checked-status icon-checkbox-square-unchecked"></span></a></li><li><a class="filter-element" href="https://www.tesco.com/groceries/en-GB/shop/health-and-beauty/all?department=Women%27s%20Toiletries&amp;viewAll=department" data-auto="filter-option" data-auto-selected="false"><span class="label-wrapper"><span class="label">Women's Toiletries</span><span class="count">(444)</span></span><span class="checked-status icon-checkbox-square-unchecked"></span></a></li><li><a class="filter-element" href="https://www.tesco.com/groceries/en-GB/shop/health-and-beauty/all?department=Men%27s%20Toiletries&amp;viewAll=department" data-auto="filter-option" data-auto-selected="false"><span class="label-wrapper"><span class="label">Men's Toiletries</span><span class="count">(312)</span></span><span class="checked-status icon-checkbox-square-unchecked"></span></a></li><li><a class="filter-element" href="https://www.tesco.com/groceries/en-GB/shop/health-and-beauty/all?department=Face%20Skincare&amp;viewAll=department" data-auto="filter-option" data-auto-selected="false"><span class="label-wrapper"><span class="label">Face Skincare</span><span class="count">(586)</span></span><span class="checked-status icon-checkbox-square-unchecked"></span></a></li><li><a class="filter-element" href="https://www.tesco.com/groceries/en-GB/shop/health-and-beauty/all?department=Body%20Skincare&amp;viewAll=department" data-auto="filter-option" data-auto-selected="false"><span class="label-wrapper"><span class="label">Body Skincare</span><span class="count">(213)</span></span><span class="checked-status icon-checkbox-square-unchecked"></span></a></li><li><a class="filter-element" href="https://www.tesco.com/groceries/en-GB/shop/health-and-beauty/all?department=Make%20Up%20%26%20Beauty%20Accessories&amp;viewAll=department" data-auto="filter-option" data-auto-selected="false"><span class="label-wrapper"><span class="label">Make Up &amp; Beauty Accessories</span><span class="count">(286)</span></span><span class="checked-status icon-checkbox-square-unchecked"></span></a></li><li><a class="filter-element" href="https://www.tesco.com/groceries/en-GB/shop/health-and-beauty/all?department=Perfumes%2C%20Aftershaves%20%26%20Gift%20Sets&amp;viewAll=department" data-auto="filter-option" data-auto-selected="false"><span class="label-wrapper"><span class="label">Perfumes, Aftershaves &amp; Gift Sets</span><span class="count">(207)</span></span><span class="checked-status icon-checkbox-square-unchecked"></span></a></li><li><a class="filter-element" href="https://www.tesco.com/groceries/en-GB/shop/health-and-beauty/all?department=Suncare%20%26%20Travel&amp;viewAll=department" data-auto="filter-option" data-auto-selected="false"><span class="label-wrapper"><span class="label">Suncare &amp; Travel</span><span class="count">(244)</span></span><span class="checked-status icon-checkbox-square-unchecked"></span></a></li><li><a class="filter-element" href="https://www.tesco.com/groceries/en-GB/shop/health-and-beauty/all?department=Vitamins%2C%20Minerals%20%26%20Supplements&amp;viewAll=department" data-auto="filter-option" data-auto-selected="false"><span class="label-wrapper"><span class="label">Vitamins, Minerals &amp; Supplements</span><span class="count">(451)</span></span><span class="checked-status icon-checkbox-square-unchecked"></span></a></li><li><a class="filter-element" href="https://www.tesco.com/groceries/en-GB/shop/health-and-beauty/all?department=Medicine&amp;viewAll=department" data-auto="filter-option" data-auto-selected="false"><span class="label-wrapper"><span class="label">Medicine</span><span class="count">(554)</span></span><span class="checked-status icon-checkbox-square-unchecked"></span></a></li><li><a class="filter-element" href="https://www.tesco.com/groceries/en-GB/shop/health-and-beauty/all?department=Lifestyle%20%26%20Wellbeing&amp;viewAll=department" data-auto="filter-option" data-auto-selected="false"><span class="label-wrapper"><span class="label">Lifestyle &amp; Wellbeing</span><span class="count">(395)</span></span><span class="checked-status icon-checkbox-square-unchecked"></span></a></li><li><a class="filter-element" href="https://www.tesco.com/groceries/en-GB/shop/health-and-beauty/all?department=Face%20Coverings%20%26%20Covid%20Tests&amp;viewAll=department" data-auto="filter-option" data-auto-selected="false"><span class="label-wrapper"><span class="label">Face Coverings &amp; Covid Tests</span><span class="count">(18)</span></span><span class="checked-status icon-checkbox-square-unchecked"></span></a></li></ul></li></ul></div></div><div class="area area-brand" data-auto="filter-brands"><h2><span class="visually-hidden">Filter by</span>BRAND</h2><div class="collapsible-list" id="Brand"><a class="filter-element" href="https://www.tesco.com/groceries/en-GB/shop/health-and-beauty/all?brand=Tesco&amp;viewAll=brand" data-auto="filter-option" data-auto-selected="false"><span class="checked-status icon-checkbox-square-unchecked"></span><span class="label-wrapper" aria-disabled="false"><span class="label">Tesco</span><span class="count"> (186) </span></span></a><a class="filter-element" href="https://www.tesco.com/groceries/en-GB/shop/health-and-beauty/all?brand=L%27oreal&amp;viewAll=brand" data-auto="filter-option" data-auto-selected="false"><span class="checked-status icon-checkbox-square-unchecked"></span><span class="label-wrapper" aria-disabled="false"><span class="label">L'oreal</span><span class="count"> (164) </span></span></a><a href="https://www.tesco.com/groceries/en-GB/shop/health-and-beauty/all?viewAll=brand#sort-n-filter" class="button button-transparent toggle-list"><span class="view-all-label">More categories</span><span class="icon-tiny-down-arrow"></span></a></div></div><div class="area area-dietary" data-auto="filter-dietary"><h2><span class="visually-hidden">Filter by</span>Lifestyle &amp; Dietary</h2><h3 class="dietary-filters-instruction">Filters should not be used as an alternative to medical advice. Always check the label.</h3><div class="collapsible-list"><a class="filter-element" href="https://www.tesco.com/groceries/en-GB/shop/health-and-beauty/all" data-auto="filter-option" data-auto-selected="true"><span class="radio-button radio-button--on"></span><span class="label-wrapper" aria-disabled="false"><span class="label">All Lifestyle &amp; Dietary</span></span></a><a class="filter-element" href="https://www.tesco.com/groceries/en-GB/shop/health-and-beauty/all?dietary=No%20egg&amp;viewAll=dietary" data-auto="filter-option" data-auto-selected="false"><span class="radio-button radio-button--off"></span><span class="label-wrapper" aria-disabled="false"><span class="label">No egg</span><span class="count"> (33) </span></span></a><a class="filter-element" href="https://www.tesco.com/groceries/en-GB/shop/health-and-beauty/all?dietary=Source%20of%20fibre&amp;viewAll=dietary" data-auto="filter-option" data-auto-selected="false"><span class="radio-button radio-button--off"></span><span class="label-wrapper" aria-disabled="false"><span class="label">Source of fibre</span><span class="count"> (32) </span></span></a><a href="https://www.tesco.com/groceries/en-GB/shop/health-and-beauty/all?viewAll=dietary#sort-n-filter" class="button button-transparent toggle-list"><span class="view-all-label">More Lifestyle &amp; Dietary</span><span class="icon-tiny-down-arrow"></span></a></div></div></div></div></div></div><div class="actionable-layout--footer" data-auto="actionable-footer"><div class="footer--button" data-auto="button-cancel"><a href="https://www.tesco.com/groceries/en-GB/shop/health-and-beauty/all#" class="button cancel-button button-secondary" rel="nofollow">Cancel</a></div><div class="footer--button" aria-disabled="false" data-auto="button-done"><a href="https://www.tesco.com/groceries/en-GB/shop/health-and-beauty/all#" class="button done-button button-primary" rel="nofollow">Done</a></div></div></div></div></div></div><div><div data-breakpoint="small" class="analytics-customer-event--breakpoint analytics-customer-event--small"></div><div data-breakpoint="small-medium" class="analytics-customer-event--breakpoint analytics-customer-event--small-medium"></div><div data-breakpoint="medium" class="analytics-customer-event--breakpoint analytics-customer-event--medium"></div><div data-breakpoint="large" class="analytics-customer-event--breakpoint analytics-customer-event--large"></div><div data-breakpoint="extra-large" class="analytics-customer-event--breakpoint analytics-customer-event--extra-large"></div></div></div></div><div class="main__sidebar"><div id="mini-trolley" class="mini-trolley mini-trolley--native-sticky mini-trolley--sticky"><h2 class="visually-hidden">Basket</h2><header aria-label="Basket Summary" class="sc-dlVxhl cqMAkR"><div class="sc-kfPuZi hVxzHh"><a href="https://www.tesco.com/groceries/en-GB/trolley" aria-label="Review your basket" class="styled__Anchor-sc-13zqyoa-0 kAGrVZ beans-link__anchor" data-auto="basket-icon"><svg aria-hidden="true" class="styled__SVG-xxa4wh-1 hQMCqc beans-link__icon beans-icon__svg" height="22" preserveAspectRatio="xMinYMax meet" viewBox="0 1 24 22" width="24" xmlns="http://www.w3.org/2000/svg" color="currentColor"><path d="M20 20.5H4l-2.5-11h21zM12 12v6M16 12v6M8 12v6M12 9.5L18 1" fill="none" stroke="currentColor"></path></svg></a><div role="status" data-testid="summary-status" class="sc-fKVqWL gZNHwv"><span class="sc-iwjdpV iSnNDM">£0.00 Guide price</span><p aria-hidden="true" data-auto="basket-guide-price" class="styled__StyledBodyText-sc-119w3hf-5 jvstkl sc-bBHxTw cUECpD"><span data-auto="price-value">£0.00</span><br><span class="sc-cxpSdN kDAZlq">Guide price</span></p></div></div><a href="https://www.tesco.com/groceries/en-GB/checkout/review-trolley" class="styled__Anchor-sc-16kp6v-0 epALiB sc-llYSUQ ufRD beans-link__anchor" data-auto="mini-trolley-checkout"><span class="styled__Text-sc-16kp6v-1 hbiXiB beans-link__text">Checkout</span></a></header><div class="mini-trolley__content"><div class="mini-trolley__empty-message">Products you add to your basket will appear here</div><ul class="mini-trolley__content-list"></ul></div></div></div><div class="left-hand-navigation"><div aria-hidden="true" class="overlay"></div><nav class="main-nav" id="nav"><a aria-controls="nav" aria-expanded="false" class="main-header-button main-header-icon-button pull-right icon icon-burger_menu_icon" href="https://www.tesco.com/groceries/en-GB/shop/health-and-beauty/all#" rel="nofollow" role="button"><span class="visually-hidden">Close navigation</span></a><div class="main-nav-inner"><div class="fixed-container"><div class="fixed-top"><header class="main-nav-header"><a href="https://www.tesco.com/account/login/en-GB?from=https%3A%2F%2Fwww.tesco.com%2Fgroceries%2Fen-GB%2Fshop%2Ffresh-food%2Fchristmas-fresh-food%2Fall%3Fcount%3D48%26page%3D2" class="button button-primary main-nav-header-button">Sign in</a><div class="vertical-divider"></div><a href="https://secure.tesco.com/account/en-GB/register?newReg=true&amp;from=https%3A%2F%2Fwww.tesco.com%2Fgroceries%2Fen-GB%2Fshop%2Ffresh-food%2Fchristmas-fresh-food%2Fall%3Fcount%3D48%26page%3D2" class="button button-primary main-nav-header-button">Register</a></header><div class="list-container fixed-middle"><ul class="list main-nav-list" role="menu" tabindex="0"><li class="list-header" role="menuitem">GROCERIES</li><li class="list-item"><a href="https://www.tesco.com/groceries/en-GB/shop" role="menuitem"><span class="list-item-icon list-item-icon-left icon-shop_all_groceries-01"></span><span data-auto="list-item-single-line" class="list-item-single-line">Shop all groceries</span></a></li><li class="list-item"><a href="https://www.tesco.com/account/login/en-GB?from=https%3A%2F%2Fwww.tesco.com%2Fgroceries%2Fen-GB%2Ffavorites" role="menuitem"><span class="list-item-icon list-item-icon-left favorite-heart-icon"></span><span data-auto="list-item-single-line" class="list-item-single-line">Favourites</span></a></li><li class="list-item"><a href="https://www.tesco.com/account/login/en-GB?from=https%3A%2F%2Fwww.tesco.com%2Fgroceries%2Fen-GB%2Fslots" role="menuitem"><span class="list-item-icon list-item-icon-left icon-bookaslot-01"></span><span data-auto="list-item-single-line" class="list-item-single-line">Book a slot</span></a></li><li class="list-item"><a href="https://www.tesco.com/account/login/en-GB?from=https%3A%2F%2Fwww.tesco.com%2Fgroceries%2Fen-GB%2Forders" role="menuitem"><span class="list-item-icon list-item-icon-left icon-my_orders-01"></span><span data-auto="list-item-single-line" class="list-item-single-line">My orders</span></a></li><li class="list-item"><a href="https://www.tesco.com/groceries/en-GB/zone/christmas?icid=topnav_Christmas" role="menuitem"><span class="list-item-icon list-item-icon-left icon-icon-events"></span><span data-auto="list-item-single-line" class="list-item-single-line">Christmas</span></a></li><li class="list-item"><a href="https://www.tesco.com/groceries/en-GB/promotions" role="menuitem"><span class="list-item-icon list-item-icon-left icon-promotion-nav"></span><span data-auto="list-item-single-line" class="list-item-single-line">Special offers</span></a></li><li class="list-item"><a href="https://secure.tesco.com/account/en-GB/manage" role="menuitem"><span class="list-item-icon list-item-icon-left icon-my-account"></span><span data-auto="list-item-single-line" class="list-item-single-line">My account</span></a></li><li class="list-item"><a href="https://www.tesco.com/DeliverySaver/" role="menuitem" target="_blank"><span class="list-item-icon list-item-icon-left icon-delivery-saver"></span><span class="list-item-icon list-item-icon-right icon-link"></span><span data-auto="list-item-single-line" class="list-item-single-line">Delivery Saver</span></a></li><li class="list-item"><a href="https://www.tesco.com/groceries/en-GB/#" role="menuitem"><span class="list-item-icon list-item-icon-left icon-download-app"></span><span data-auto="list-item-single-line" class="list-item-single-line">Download the app</span></a></li><li class="list-header" role="menuitem">MORE FROM TESCO</li><li class="list-item"><a href="https://secure.tesco.com/clubcard/" role="menuitem" target="_blank"><span class="list-item-icon list-item-icon-left icon-clubcard-01"></span><span class="list-item-icon list-item-icon-right icon-link"></span><span data-auto="list-item-single-line" class="list-item-single-line">Clubcard account</span></a></li><li class="list-item"><a href="https://realfood.tesco.com/" role="menuitem" target="_blank"><span class="list-item-icon list-item-icon-left icon-real-food"></span><span class="list-item-icon list-item-icon-right icon-link"></span><span data-auto="list-item-single-line" class="list-item-single-line">Recipes</span></a></li><li class="list-item"><a href="https://www.tesco.com/store-locator/uk/?stop_mobi=yes" role="menuitem" target="_blank"><span class="list-item-icon list-item-icon-left icon-storefinder-blue"></span><span data-auto="list-item-single-line" class="list-item-single-line">Store locator</span></a></li><li class="list-item"><a href="https://www.tesco.com/direct" role="menuitem" target="_blank"><span class="list-item-icon list-item-icon-left icon-tesco-direct"></span><span class="list-item-icon list-item-icon-right icon-link"></span><span data-auto="list-item-single-line" class="list-item-single-line">Tesco Direct</span></a></li><li class="list-item"><a href="https://www.tesco.com/direct/clothing/" role="menuitem" target="_blank"><span class="list-item-icon list-item-icon-left icon-f-and-f"></span><span class="list-item-icon list-item-icon-right icon-link"></span><span data-auto="list-item-single-line" class="list-item-single-line">F&amp;F clothing</span></a></li><li class="list-header" role="menuitem">ABOUT THIS SITE</li><li class="list-item"><a href="https://www.tesco.com/groceries/en-GB/help" role="menuitem"><span class="list-item-icon list-item-icon-left icon-help-01"></span><span data-auto="list-item-single-line" class="list-item-single-line"><span><span aria-hidden="true">Help</span><span class="visually-hidden">Help with the groceries website</span></span></span></a></li><li class="list-item"><a href="https://www.tesco.com/help/contact/" role="menuitem"><span class="list-item-icon list-item-icon-left icon-email-large"></span><span data-auto="list-item-single-line" class="list-item-single-line">Contact us</span></a></li></ul></div></div></div><a aria-controls="nav" class="overlay-close" href="https://www.tesco.com/groceries/en-GB/shop/health-and-beauty/all#"><span class="visually-hidden">Close</span></a></div></nav></div></div><div class="footer-wrapper"><footer class="footer"><div class="footer__upper"><div class="footer__header"><div class="footer__logo-wrapper"><svg class="beans-dynamic-logo__logo beans-tesco-logo__svg" preserveAspectRatio="xMinYMax meet" viewBox="0 0 121 35" xmlns="http://www.w3.org/2000/svg"><title>Tesco Home</title><defs><path d="M.218 6.389h23.973V.366H.218v6.023z" id="tesco-logo-a"></path><path d="M.376 6.389h23.973V.366H.376z" id="tesco-logo-c"></path><path d="M.11 6.389h23.972V.366H.11v6.023z" id="tesco-logo-e"></path><path d="M.267 6.389H24.24V.366H.267v6.023z" id="tesco-logo-g"></path><path d="M0 6.389h23.973V.366H0v6.023z" id="tesco-logo-i"></path></defs><g fill="none" fill-rule="evenodd"><path d="M84.647 0c2.538 0 4.735.31 6.5.777v5.405c-1.734-1.77-3.776-2.889-6.47-2.889-4.92 0-8.201 3.449-8.201 8.047 0 4.598 3.28 8.046 8.202 8.046 2.693 0 4.735-1.118 6.469-2.889v5.406c-1.765.466-3.962.807-6.5.807-8.512 0-14.671-4.256-14.671-11.37 0-7.115 6.16-11.34 14.67-11.34zM60.474 8.823c4.24.59 7.768 2.082 7.768 6.71 0 5.438-5.138 7.177-10.678 7.147-3.869-.032-7.15-.404-9.564-1.368v-4.877c3.436 2.237 6.964 2.951 9.564 2.951 2.693 0 5.17-.652 5.17-2.702s-2.291-2.548-6.996-3.263C51.683 12.8 48 11.06 47.968 7.052 47.939 1.647 53.046 0 57.936 0c3.158 0 6.222.373 9.038 1.305v5.25c-2.352-2.081-5.85-3.262-9.285-3.262-2.322 0-4.52.746-4.52 2.486 0 2.174 3.25 2.485 7.306 3.044zM37.136 18.92c2.507 0 6.685-.59 8.326-2.05v5.343H27.665c.866-1.025 1.02-1.709 1.02-3.79V4.256c0-2.081-.154-2.765-1.02-3.79h16.868V5.81c-1.64-1.46-5.819-2.05-8.326-2.05h-1.98v5.778h1.454c1.424 0 3.621-.062 5.076-.59v4.287c-1.455-.528-3.652-.59-5.076-.59h-1.455v6.275h2.91zM.984.466h24.42V5.81c-1.733-1.46-5.416-2.05-9.346-2.05v14.57c0 2.175.185 2.765 1.021 3.883h-7.77c.837-1.118 1.022-1.709 1.022-3.883V3.76c-3.93 0-7.614.59-9.347 2.05V.466zM106.48 19.386c-4.426 0-7.304-3.666-7.304-8.046 0-4.412 2.878-8.047 7.305-8.047 4.425 0 7.304 3.635 7.304 8.047 0 4.38-2.879 8.046-7.304 8.046m0-19.386C97.69 0 92.676 5.126 92.676 11.34c0 6.182 5.014 11.34 13.805 11.34 8.79 0 13.804-5.158 13.804-11.34 0-6.214-5.014-11.34-13.804-11.34" fill="#666666"></path><g transform="translate(95.9 27.755)"><mask fill="#fff" id="tesco-logo-b"><use xlink:href="#tesco-logo-a"></use></mask><path d="M9.37.366h14.747a.08.08 0 0 1 .04.01l.004.001a.055.055 0 0 1 .01.008c.028.028.03.085-.013.126a.153.153 0 0 1-.037.025l-.026.012c-1.713.784-4.008 3.173-4.008 3.173-1.715 1.636-3.001 2.668-5.744 2.668H.283C.24 6.39.22 6.35.217 6.31c0 0 0 .002 0 0a.09.09 0 0 1 .03-.066.422.422 0 0 1 .044-.032C1.835 5.346 4.14 2.948 4.14 2.948 5.084 1.828 6.969.366 9.37.366" fill="#666666" mask="url(#tesco-logo-b)"></path></g><g transform="translate(71.713 27.755)"><mask fill="#fff" id="tesco-logo-d"><use xlink:href="#tesco-logo-c"></use></mask><path d="M9.527.366h14.748a.08.08 0 0 1 .04.01l.003.001a.055.055 0 0 1 .01.008c.029.028.031.085-.013.126a.153.153 0 0 1-.036.025l-.026.012c-1.714.784-4.008 3.173-4.008 3.173C18.529 5.357 17.244 6.39 14.5 6.39H.44c-.04 0-.062-.039-.064-.08 0 0 0 .002 0 0a.09.09 0 0 1 .03-.066.422.422 0 0 1 .044-.032c1.543-.865 3.847-3.263 3.847-3.263.944-1.12 2.83-2.582 5.23-2.582" fill="#666666" mask="url(#tesco-logo-d)"></path></g><g transform="translate(47.95 27.755)"><mask fill="#fff" id="tesco-logo-f"><use xlink:href="#tesco-logo-e"></use></mask><path d="M9.26.366h14.748a.08.08 0 0 1 .04.01l.004.001a.055.055 0 0 1 .01.008c.028.028.03.085-.013.126a.153.153 0 0 1-.036.025l-.027.012c-1.713.784-4.008 3.173-4.008 3.173-1.715 1.636-3.001 2.668-5.744 2.668H.174c-.042 0-.063-.039-.065-.08 0 0 0 .002 0 0a.09.09 0 0 1 .03-.066.471.471 0 0 1 .044-.032c1.543-.865 3.848-3.263 3.848-3.263C4.975 1.828 6.86.366 9.261.366" fill="#666666" mask="url(#tesco-logo-f)"></path></g><g transform="translate(23.763 27.755)"><mask fill="#fff" id="tesco-logo-h"><use xlink:href="#tesco-logo-g"></use></mask><path d="M9.418.366h14.747a.08.08 0 0 1 .04.01l.004.001a.055.055 0 0 1 .01.008c.029.028.031.085-.013.126a.153.153 0 0 1-.036.025l-.026.012c-1.714.784-4.008 3.173-4.008 3.173-1.716 1.636-3.002 2.668-5.745 2.668H.331c-.04 0-.062-.039-.064-.08 0 0 0 .002 0 0a.09.09 0 0 1 .03-.066.422.422 0 0 1 .044-.032c1.543-.865 3.847-3.263 3.847-3.263.944-1.12 2.83-2.582 5.23-2.582" fill="#666666" mask="url(#tesco-logo-h)"></path></g><g transform="translate(0 27.755)"><mask fill="#fff" id="tesco-logo-j"><use xlink:href="#tesco-logo-i"></use></mask><path d="M9.152.366h14.747a.08.08 0 0 1 .04.01l.004.001a.055.055 0 0 1 .01.008c.028.028.03.085-.013.126a.153.153 0 0 1-.036.025l-.027.012c-1.713.784-4.008 3.173-4.008 3.173-1.715 1.636-3.001 2.668-5.744 2.668H.065C.022 6.39.001 6.35 0 6.31c0 0 0 .002 0 0a.09.09 0 0 1 .03-.066.422.422 0 0 1 .044-.032c1.543-.865 3.848-3.263 3.848-3.263C4.866 1.828 6.75.366 9.152.366" fill="#666666" mask="url(#tesco-logo-j)"></path></g></g></svg></div></div><section class="footer-list footer-list--closed footer:here-to-help"><h4 class="footer-list__title">Here to help<span class="footer-list__chevron icon-chevron_down-gray"></span></h4><ul class="footer-list__list"><li class="footer-list-item"><a href="https://secure.tesco.com/account/en-GB/manage" class="footer-link" rel="noreferrer" title="Will open in a new tab or window"><span class="footer-link__text">My Account</span></a></li><li class="footer-list-item"><a href="https://www.tesco.com/groceries/en-GB/orders" class="footer-link" rel="noreferrer"><span class="footer-link__text">My Grocery Orders</span></a></li><li class="footer-list-item"><a href="https://www.tesco.com/groceries/en-GB/help/" class="footer-link" rel="noreferrer" title="Will open in a new tab or window"><span class="footer-link__text"><span><span aria-hidden="true">Help</span><span class="visually-hidden">Help with the groceries website</span></span></span></a></li><li class="footer-list-item"><a href="https://www.tesco.com/productrecall/" class="footer-link" rel="noreferrer" title="Will open in a new tab or window"><span class="footer-link__text">Product Recall</span></a></li><li class="footer-list-item"><a href="https://www.tesco.com/help/privacy-and-cookies/privacy-centre/" class="footer-link" rel="noreferrer" title="Will open in a new tab or window"><span class="footer-link__text">Privacy centre</span></a></li></ul></section><section class="footer-list footer-list--closed footer:about"><h4 class="footer-list__title">About<span class="footer-list__chevron icon-chevron_down-gray"></span></h4><ul class="footer-list__list"><li class="footer-list-item"><a href="https://www.tesco.com/help/accessibility/" class="footer-link" rel="noreferrer" title="Will open in a new tab or window"><span class="footer-link__text">Accessibility</span></a></li><li class="footer-list-item"><a href="https://www.tesco.com/help/site-map/" class="footer-link" rel="noreferrer" title="Will open in a new tab or window"><span class="footer-link__text">Sitemap</span></a></li><li class="footer-list-item"><a href="https://www.tesco.com/help/privacy-and-cookies/privacy-centre/privacy-policy-information/privacy-policy/" class="footer-link" rel="noreferrer" title="Will open in a new tab or window"><span class="footer-link__text">Privacy &amp; cookies policy</span></a></li><li class="footer-list-item"><a href="https://www.tesco.com/help/terms-and-conditions/" class="footer-link" rel="noreferrer" title="Will open in a new tab or window"><span class="footer-link__text">General terms &amp; conditions</span></a></li><li class="footer-list-item"><a href="https://www.tesco.com/help/terms-and-conditions/grocery/" class="footer-link" rel="noreferrer" title="Will open in a new tab or window"><span class="footer-link__text">Product terms &amp; conditions</span></a></li><li class="footer-list-item"><a href="https://www.tesco.com/help/terms-and-conditions/#coupons" class="footer-link" rel="noreferrer" title="Will open in a new tab or window"><span class="footer-link__text">Coupon terms &amp; conditions</span></a></li></ul></section><section class="footer-list footer-list--closed footer:ways-to-save"><h4 class="footer-list__title">Ways to save<span class="footer-list__chevron icon-chevron_down-gray"></span></h4><ul class="footer-list__list"><li class="footer-list-item"><a href="https://www.tesco.com/deliverysaver/?=&amp;icid=Grocerywebfooter_DeliverySaver" class="footer-link" rel="noreferrer" title="Will open in a new tab or window"><span class="footer-link__text">Delivery Saver</span></a></li><li class="footer-list-item"><a href="https://secure.tesco.com/clubcard/" class="footer-link" rel="noreferrer" title="Will open in a new tab or window"><span class="icon icon-link-blue footer-link__icon"></span><span class="footer-link__text">Clubcard</span></a></li><li class="footer-list-item"><a href="https://www.tesco.com/groceries/en-GB/zone/tesco-delivery" class="footer-link" rel="noreferrer" title="Will open in a new tab or window"><span class="footer-link__text">Click+Collect</span></a></li><li class="footer-list-item"><a href="https://www.tesco.com/groceries/en-gb/buylists/clubcard-prices/top-picks" class="footer-link" rel="noreferrer" title="Will open in a new tab or window"><span class="footer-link__text">Clubcard prices</span></a></li></ul></section><section class="footer-list footer-list--closed footer:contact-us"><h4 class="footer-list__title">Contact us<span class="footer-list__chevron icon-chevron_down-gray"></span></h4><ul class="footer-list__list"><li class="footer-list-item"><a href="https://www.tesco.com/" class="footer-link" rel="noreferrer" title="Will open in a new tab or window"><span class="icon icon-link-blue footer-link__icon"></span><span class="footer-link__text">Tesco.com</span></a></li><li class="footer-list-item"><a href="https://www.tesco.com/store-locator/uk/" class="footer-link" rel="noreferrer" title="Will open in a new tab or window"><span class="icon icon-storefinder-blue footer-link__icon"></span><span class="footer-link__text">Store locator</span></a></li><li class="footer-list-item"><a href="tel:08003234040" class="footer-link" rel="noreferrer" title="Will open in a new tab or window"><span class="icon icon-phone-blue footer-link__icon"></span><span class="footer-link__text">0800 323 4040</span></a></li><li class="footer-list-item"><a href="tel:03301234040" class="footer-link" rel="noreferrer" title="Will open in a new tab or window"><span class="icon icon-phone-blue footer-link__icon"></span><span class="footer-link__text">0330 123 4040</span></a></li><li class="footer-list-item display-only-in-js"><a href="https://www.tesco.com/groceries/en-GB/#!" class="footer-link" rel="noreferrer"><span class="icon icon-feedback-blue footer-link__icon"></span><span class="footer-link__text">Feedback</span></a></li></ul></section><div class="footer__centered"><div class="footer__tagline icon-strapline"></div><div class="footer__copyright">© Tesco.com 2022 All rights reserved</div></div></div><div class="footer__lower"><div class="footer-logo"><div class="footer-logo__payments-container"><div class="icon-list footer-logo__card-icons"><ul class="icon-list horizontal" title="Cards accepted: Visa, Mastercard, American Express"><li class="icon icon__card icon__card--visa"><span class="visually-hidden">Visa</span></li><li class="icon icon__card icon__card--mastercard"><span class="visually-hidden">Mastercard</span></li><li class="icon icon__card icon__card--american-express"><span class="visually-hidden">American Express</span></li></ul></div><div class="icon-list footer-logo__3ds-icons"><ul class="icon-list horizontal"><li class="icon icon__card icon__verified_by_visa" title="Verified By Visa"><span class="visually-hidden">Verified By Visa</span></li><li class="icon icon__card icon__mastercard_securecode" title="Mastercard SecureCode"><span class="visually-hidden">Mastercard Securecode</span></li><li class="icon icon__card icon__american_express_safekey" title="American Express Safekey"><span class="visually-hidden">American Express Safekey</span></li></ul></div></div></div></div></footer></div></div></div></div>
    <script type="application/json" data-dependencies="deferred">["\u002Fgroceries\u002Fweb-assets\u002Fregions\u002FUK-554ab7b42e.en-GB.js","\u002Fgroceries\u002Fweb-assets\u002Fstatic-vendor.bundle.07a529d39fa55b5a4b98.js","\u002Fgroceries\u002Fweb-assets\u002Fstatic-common.bundle.926c5e26d972ffce7b3f.js"]</script>
    <script type="application/json" data-dependencies="deferred">["\u002Fgroceries\u002Fweb-assets\u002Fstatic-categories.bundle.64935db59419f99294a0.js"]</script>
    <script type="application/json" data-dependencies="late">["https:\u002F\u002Fwww.googletagmanager.com\u002Fgtm.js?id=GTM-MGZTXQJ","https:\u002F\u002Fpagead2.googlesyndication.com\u002Ftag\u002Fjs\u002Fgpt.js"]</script>
  
<noscript><img src="https://www.tesco.com/akam/13/pixel_b7a69ef?a=dD03NTJjZDgxZGRlODY3ODBmZTk5YjZiNmYzMWZkYTlmMTUyNDQ2NTJjJmpzPW9mZg==" style="visibility: hidden; position: absolute; left: -999px; top: -999px;" /></noscript><script type="text/javascript" nonce="" src="./tesco_html_brand_healthbeauty_files/nDFtrLVcB"></script>

<div>
    <link href="./tesco_html_brand_healthbeauty_files/UK-9c7463c43f.css" rel="stylesheet" type="text/css" media="all">
     <link href="./tesco_html_brand_healthbeauty_files/icons-5ce5faef11.css" rel="stylesheet" type="text/css" media="all">
  </div><script type="text/javascript" id="" src="./tesco_html_brand_healthbeauty_files/gtmScriptsExpFalse.js.download"></script><iframe src="./tesco_html_brand_healthbeauty_files/container.html" style="visibility: hidden; display: none;"></iframe></body></html>