<!DOCTYPE html>
<!-- saved from url=(0060)https://www.tesco.com/groceries/en-GB/shop/food-cupboard/all -->
<html class="js supports no-touchevents flexbox flexboxlegacy csstransforms csstransforms3d csstransitions no-ios8 no-ie" lang="en" data-base-static-url="/groceries/web-assets" style=""><head><meta http-equiv="Content-Type" content="text/html; charset=UTF-8">
    <meta name="sentry-trace" content="cb95192f84154d80a255fbeef9b914f6">
    
    <meta http-equiv="X-UA-Compatible" content="IE=edge">
    <meta http-equiv="content-language" content="en-GB">
      <script type="text/javascript" src="./tesco_html_brand_food_cupboard_files/NRBR-308508e60a7edd4c486"></script><script src="./tesco_html_brand_food_cupboard_files/nr-spa-1216.min.js.download"></script><script type="text/javascript" nonce="">
  window.NREUM || (NREUM={});
  window.NREUM.init = {
    distributed_tracing: { enabled: true },
    privacy: { cookies_enabled: false },
    ajax: { deny_list: ["bam.nr-data.net"] }
  };
  window.NREUM.loader_config = {
    accountID: "3512954",
    trustKey: "3296235",
    agentID: "1134246125",
    licenseKey: "NRBR-308508e60a7edd4c486",
    applicationID: "1134246125",
  };
  window.NREUM.info = {
    beacon: "bam.nr-data.net",
    errorBeacon: "bam.nr-data.net",
    licenseKey: "NRBR-308508e60a7edd4c486",
    applicationID: "1134246125",
    sa: 1,
  };
  </script>
      <script type="text/javascript" nonce="">window.NREUM||(window.NREUM={}),window.__nr_require=function(t,e,n){function r(n){if(!e[n]){var o=e[n]={exports:{}};t[n][0].call(o.exports,function(e){var o=t[n][1][e];return r(o||e)},o,o.exports)}return e[n].exports}if("function"==typeof __nr_require)return __nr_require;for(var o=0;o<n.length;o++)r(n[o]);return r}({1:[function(t,e,n){function r(t){try{s.console&&console.log(t)}catch(e){}}var o,i=t("ee"),a=t(31),s={};try{o=localStorage.getItem("__nr_flags").split(","),console&&"function"==typeof console.log&&(s.console=!0,o.indexOf("dev")!==-1&&(s.dev=!0),o.indexOf("nr_dev")!==-1&&(s.nrDev=!0))}catch(c){}s.nrDev&&i.on("internal-error",function(t){r(t.stack)}),s.dev&&i.on("fn-err",function(t,e,n){r(n.stack)}),s.dev&&(r("NR AGENT IN DEVELOPMENT MODE"),r("flags: "+a(s,function(t,e){return t}).join(", ")))},{}],2:[function(t,e,n){function r(t,e,n,r,s){try{l?l-=1:o(s||new UncaughtException(t,e,n),!0)}catch(f){try{i("ierr",[f,c.now(),!0])}catch(d){}}return"function"==typeof u&&u.apply(this,a(arguments))}function UncaughtException(t,e,n){this.message=t||"Uncaught error with no additional information",this.sourceURL=e,this.line=n}function o(t,e){var n=e?null:c.now();i("err",[t,n])}var i=t("handle"),a=t(32),s=t("ee"),c=t("loader"),f=t("gos"),u=window.onerror,d=!1,p="nr@seenError";if(!c.disabled){var l=0;c.features.err=!0,t(1),window.onerror=r;try{throw new Error}catch(h){"stack"in h&&(t(14),t(13),"addEventListener"in window&&t(7),c.xhrWrappable&&t(15),d=!0)}s.on("fn-start",function(t,e,n){d&&(l+=1)}),s.on("fn-err",function(t,e,n){d&&!n[p]&&(f(n,p,function(){return!0}),this.thrown=!0,o(n))}),s.on("fn-end",function(){d&&!this.thrown&&l>0&&(l-=1)}),s.on("internal-error",function(t){i("ierr",[t,c.now(),!0])})}},{}],3:[function(t,e,n){var r=t("loader");r.disabled||(r.features.ins=!0)},{}],4:[function(t,e,n){function r(){U++,L=g.hash,this[u]=y.now()}function o(){U--,g.hash!==L&&i(0,!0);var t=y.now();this[h]=~~this[h]+t-this[u],this[d]=t}function i(t,e){E.emit("newURL",[""+g,e])}function a(t,e){t.on(e,function(){this[e]=y.now()})}var s="-start",c="-end",f="-body",u="fn"+s,d="fn"+c,p="cb"+s,l="cb"+c,h="jsTime",m="fetch",v="addEventListener",w=window,g=w.location,y=t("loader");if(w[v]&&y.xhrWrappable&&!y.disabled){var x=t(11),b=t(12),E=t(9),R=t(7),O=t(14),T=t(8),S=t(15),P=t(10),M=t("ee"),C=M.get("tracer"),N=t(23);t(17),y.features.spa=!0;var L,U=0;M.on(u,r),b.on(p,r),P.on(p,r),M.on(d,o),b.on(l,o),P.on(l,o),M.buffer([u,d,"xhr-resolved"]),R.buffer([u]),O.buffer(["setTimeout"+c,"clearTimeout"+s,u]),S.buffer([u,"new-xhr","send-xhr"+s]),T.buffer([m+s,m+"-done",m+f+s,m+f+c]),E.buffer(["newURL"]),x.buffer([u]),b.buffer(["propagate",p,l,"executor-err","resolve"+s]),C.buffer([u,"no-"+u]),P.buffer(["new-jsonp","cb-start","jsonp-error","jsonp-end"]),a(T,m+s),a(T,m+"-done"),a(P,"new-jsonp"),a(P,"jsonp-end"),a(P,"cb-start"),E.on("pushState-end",i),E.on("replaceState-end",i),w[v]("hashchange",i,N(!0)),w[v]("load",i,N(!0)),w[v]("popstate",function(){i(0,U>1)},N(!0))}},{}],5:[function(t,e,n){function r(){var t=new PerformanceObserver(function(t,e){var n=t.getEntries();s(v,[n])});try{t.observe({entryTypes:["resource"]})}catch(e){}}function o(t){if(s(v,[window.performance.getEntriesByType(w)]),window.performance["c"+p])try{window.performance[h](m,o,!1)}catch(t){}else try{window.performance[h]("webkit"+m,o,!1)}catch(t){}}function i(t){}if(window.performance&&window.performance.timing&&window.performance.getEntriesByType){var a=t("ee"),s=t("handle"),c=t(14),f=t(13),u=t(6),d=t(23),p="learResourceTimings",l="addEventListener",h="removeEventListener",m="resourcetimingbufferfull",v="bstResource",w="resource",g="-start",y="-end",x="fn"+g,b="fn"+y,E="bstTimer",R="pushState",O=t("loader");if(!O.disabled){O.features.stn=!0,t(9),"addEventListener"in window&&t(7);var T=NREUM.o.EV;a.on(x,function(t,e){var n=t[0];n instanceof T&&(this.bstStart=O.now())}),a.on(b,function(t,e){var n=t[0];n instanceof T&&s("bst",[n,e,this.bstStart,O.now()])}),c.on(x,function(t,e,n){this.bstStart=O.now(),this.bstType=n}),c.on(b,function(t,e){s(E,[e,this.bstStart,O.now(),this.bstType])}),f.on(x,function(){this.bstStart=O.now()}),f.on(b,function(t,e){s(E,[e,this.bstStart,O.now(),"requestAnimationFrame"])}),a.on(R+g,function(t){this.time=O.now(),this.startPath=location.pathname+location.hash}),a.on(R+y,function(t){s("bstHist",[location.pathname+location.hash,this.startPath,this.time])}),u()?(s(v,[window.performance.getEntriesByType("resource")]),r()):l in window.performance&&(window.performance["c"+p]?window.performance[l](m,o,d(!1)):window.performance[l]("webkit"+m,o,d(!1))),document[l]("scroll",i,d(!1)),document[l]("keypress",i,d(!1)),document[l]("click",i,d(!1))}}},{}],6:[function(t,e,n){e.exports=function(){return"PerformanceObserver"in window&&"function"==typeof window.PerformanceObserver}},{}],7:[function(t,e,n){function r(t){for(var e=t;e&&!e.hasOwnProperty(u);)e=Object.getPrototypeOf(e);e&&o(e)}function o(t){s.inPlace(t,[u,d],"-",i)}function i(t,e){return t[1]}var a=t("ee").get("events"),s=t("wrap-function")(a,!0),c=t("gos"),f=XMLHttpRequest,u="addEventListener",d="removeEventListener";e.exports=a,"getPrototypeOf"in Object?(r(document),r(window),r(f.prototype)):f.prototype.hasOwnProperty(u)&&(o(window),o(f.prototype)),a.on(u+"-start",function(t,e){var n=t[1];if(null!==n&&("function"==typeof n||"object"==typeof n)){var r=c(n,"nr@wrapped",function(){function t(){if("function"==typeof n.handleEvent)return n.handleEvent.apply(n,arguments)}var e={object:t,"function":n}[typeof n];return e?s(e,"fn-",null,e.name||"anonymous"):n});this.wrapped=t[1]=r}}),a.on(d+"-start",function(t){t[1]=this.wrapped||t[1]})},{}],8:[function(t,e,n){function r(t,e,n){var r=t[e];"function"==typeof r&&(t[e]=function(){var t=i(arguments),e={};o.emit(n+"before-start",[t],e);var a;e[m]&&e[m].dt&&(a=e[m].dt);var s=r.apply(this,t);return o.emit(n+"start",[t,a],s),s.then(function(t){return o.emit(n+"end",[null,t],s),t},function(t){throw o.emit(n+"end",[t],s),t})})}var o=t("ee").get("fetch"),i=t(32),a=t(31);e.exports=o;var s=window,c="fetch-",f=c+"body-",u=["arrayBuffer","blob","json","text","formData"],d=s.Request,p=s.Response,l=s.fetch,h="prototype",m="nr@context";d&&p&&l&&(a(u,function(t,e){r(d[h],e,f),r(p[h],e,f)}),r(s,"fetch",c),o.on(c+"end",function(t,e){var n=this;if(e){var r=e.headers.get("content-length");null!==r&&(n.rxSize=r),o.emit(c+"done",[null,e],n)}else o.emit(c+"done",[t],n)}))},{}],9:[function(t,e,n){var r=t("ee").get("history"),o=t("wrap-function")(r);e.exports=r;var i=window.history&&window.history.constructor&&window.history.constructor.prototype,a=window.history;i&&i.pushState&&i.replaceState&&(a=i),o.inPlace(a,["pushState","replaceState"],"-")},{}],10:[function(t,e,n){function r(t){function e(){f.emit("jsonp-end",[],l),t.removeEventListener("load",e,c(!1)),t.removeEventListener("error",n,c(!1))}function n(){f.emit("jsonp-error",[],l),f.emit("jsonp-end",[],l),t.removeEventListener("load",e,c(!1)),t.removeEventListener("error",n,c(!1))}var r=t&&"string"==typeof t.nodeName&&"script"===t.nodeName.toLowerCase();if(r){var o="function"==typeof t.addEventListener;if(o){var a=i(t.src);if(a){var d=s(a),p="function"==typeof d.parent[d.key];if(p){var l={};u.inPlace(d.parent,[d.key],"cb-",l),t.addEventListener("load",e,c(!1)),t.addEventListener("error",n,c(!1)),f.emit("new-jsonp",[t.src],l)}}}}}function o(){return"addEventListener"in window}function i(t){var e=t.match(d);return e?e[1]:null}function a(t,e){var n=t.match(l),r=n[1],o=n[3];return o?a(o,e[r]):e[r]}function s(t){var e=t.match(p);return e&&e.length>=3?{key:e[2],parent:a(e[1],window)}:{key:t,parent:window}}var c=t(23),f=t("ee").get("jsonp"),u=t("wrap-function")(f);if(e.exports=f,o()){var d=/[?&](?:callback|cb)=([^&#]+)/,p=/(.*)\.([^.]+)/,l=/^(\w+)(\.|$)(.*)$/,h=["appendChild","insertBefore","replaceChild"];Node&&Node.prototype&&Node.prototype.appendChild?u.inPlace(Node.prototype,h,"dom-"):(u.inPlace(HTMLElement.prototype,h,"dom-"),u.inPlace(HTMLHeadElement.prototype,h,"dom-"),u.inPlace(HTMLBodyElement.prototype,h,"dom-")),f.on("dom-start",function(t){r(t[0])})}},{}],11:[function(t,e,n){var r=t("ee").get("mutation"),o=t("wrap-function")(r),i=NREUM.o.MO;e.exports=r,i&&(window.MutationObserver=function(t){return this instanceof i?new i(o(t,"fn-")):i.apply(this,arguments)},MutationObserver.prototype=i.prototype)},{}],12:[function(t,e,n){function r(t){var e=i.context(),n=s(t,"executor-",e,null,!1),r=new f(n);return i.context(r).getCtx=function(){return e},r}var o=t("wrap-function"),i=t("ee").get("promise"),a=t("ee").getOrSetContext,s=o(i),c=t(31),f=NREUM.o.PR;e.exports=i,f&&(window.Promise=r,["all","race"].forEach(function(t){var e=f[t];f[t]=function(n){function r(t){return function(){i.emit("propagate",[null,!o],a,!1,!1),o=o||!t}}var o=!1;c(n,function(e,n){Promise.resolve(n).then(r("all"===t),r(!1))});var a=e.apply(f,arguments),s=f.resolve(a);return s}}),["resolve","reject"].forEach(function(t){var e=f[t];f[t]=function(t){var n=e.apply(f,arguments);return t!==n&&i.emit("propagate",[t,!0],n,!1,!1),n}}),f.prototype["catch"]=function(t){return this.then(null,t)},f.prototype=Object.create(f.prototype,{constructor:{value:r}}),c(Object.getOwnPropertyNames(f),function(t,e){try{r[e]=f[e]}catch(n){}}),o.wrapInPlace(f.prototype,"then",function(t){return function(){var e=this,n=o.argsToArray.apply(this,arguments),r=a(e);r.promise=e,n[0]=s(n[0],"cb-",r,null,!1),n[1]=s(n[1],"cb-",r,null,!1);var c=t.apply(this,n);return r.nextPromise=c,i.emit("propagate",[e,!0],c,!1,!1),c}}),i.on("executor-start",function(t){t[0]=s(t[0],"resolve-",this,null,!1),t[1]=s(t[1],"resolve-",this,null,!1)}),i.on("executor-err",function(t,e,n){t[1](n)}),i.on("cb-end",function(t,e,n){i.emit("propagate",[n,!0],this.nextPromise,!1,!1)}),i.on("propagate",function(t,e,n){this.getCtx&&!e||(this.getCtx=function(){if(t instanceof Promise)var e=i.context(t);return e&&e.getCtx?e.getCtx():this})}),r.toString=function(){return""+f})},{}],13:[function(t,e,n){var r=t("ee").get("raf"),o=t("wrap-function")(r),i="equestAnimationFrame";e.exports=r,o.inPlace(window,["r"+i,"mozR"+i,"webkitR"+i,"msR"+i],"raf-"),r.on("raf-start",function(t){t[0]=o(t[0],"fn-")})},{}],14:[function(t,e,n){function r(t,e,n){t[0]=a(t[0],"fn-",null,n)}function o(t,e,n){this.method=n,this.timerDuration=isNaN(t[1])?0:+t[1],t[0]=a(t[0],"fn-",this,n)}var i=t("ee").get("timer"),a=t("wrap-function")(i),s="setTimeout",c="setInterval",f="clearTimeout",u="-start",d="-";e.exports=i,a.inPlace(window,[s,"setImmediate"],s+d),a.inPlace(window,[c],c+d),a.inPlace(window,[f,"clearImmediate"],f+d),i.on(c+u,r),i.on(s+u,o)},{}],15:[function(t,e,n){function r(t,e){d.inPlace(e,["onreadystatechange"],"fn-",s)}function o(){var t=this,e=u.context(t);t.readyState>3&&!e.resolved&&(e.resolved=!0,u.emit("xhr-resolved",[],t)),d.inPlace(t,y,"fn-",s)}function i(t){x.push(t),m&&(E?E.then(a):w?w(a):(R=-R,O.data=R))}function a(){for(var t=0;t<x.length;t++)r([],x[t]);x.length&&(x=[])}function s(t,e){return e}function c(t,e){for(var n in t)e[n]=t[n];return e}t(7);var f=t("ee"),u=f.get("xhr"),d=t("wrap-function")(u),p=t(23),l=NREUM.o,h=l.XHR,m=l.MO,v=l.PR,w=l.SI,g="readystatechange",y=["onload","onerror","onabort","onloadstart","onloadend","onprogress","ontimeout"],x=[];e.exports=u;var b=window.XMLHttpRequest=function(t){var e=new h(t);try{u.emit("new-xhr",[e],e),e.addEventListener(g,o,p(!1))}catch(n){try{u.emit("internal-error",[n])}catch(r){}}return e};if(c(h,b),b.prototype=h.prototype,d.inPlace(b.prototype,["open","send"],"-xhr-",s),u.on("send-xhr-start",function(t,e){r(t,e),i(e)}),u.on("open-xhr-start",r),m){var E=v&&v.resolve();if(!w&&!v){var R=1,O=document.createTextNode(R);new m(a).observe(O,{characterData:!0})}}else f.on("fn-end",function(t){t[0]&&t[0].type===g||a()})},{}],16:[function(t,e,n){function r(t){if(!s(t))return null;var e=window.NREUM;if(!e.loader_config)return null;var n=(e.loader_config.accountID||"").toString()||null,r=(e.loader_config.agentID||"").toString()||null,f=(e.loader_config.trustKey||"").toString()||null;if(!n||!r)return null;var h=l.generateSpanId(),m=l.generateTraceId(),v=Date.now(),w={spanId:h,traceId:m,timestamp:v};return(t.sameOrigin||c(t)&&p())&&(w.traceContextParentHeader=o(h,m),w.traceContextStateHeader=i(h,v,n,r,f)),(t.sameOrigin&&!u()||!t.sameOrigin&&c(t)&&d())&&(w.newrelicHeader=a(h,m,v,n,r,f)),w}function o(t,e){return"00-"+e+"-"+t+"-01"}function i(t,e,n,r,o){var i=0,a="",s=1,c="",f="";return o+"@nr="+i+"-"+s+"-"+n+"-"+r+"-"+t+"-"+a+"-"+c+"-"+f+"-"+e}function a(t,e,n,r,o,i){var a="btoa"in window&&"function"==typeof window.btoa;if(!a)return null;var s={v:[0,1],d:{ty:"Browser",ac:r,ap:o,id:t,tr:e,ti:n}};return i&&r!==i&&(s.d.tk=i),btoa(JSON.stringify(s))}function s(t){return f()&&c(t)}function c(t){var e=!1,n={};if("init"in NREUM&&"distributed_tracing"in NREUM.init&&(n=NREUM.init.distributed_tracing),t.sameOrigin)e=!0;else if(n.allowed_origins instanceof Array)for(var r=0;r<n.allowed_origins.length;r++){var o=h(n.allowed_origins[r]);if(t.hostname===o.hostname&&t.protocol===o.protocol&&t.port===o.port){e=!0;break}}return e}function f(){return"init"in NREUM&&"distributed_tracing"in NREUM.init&&!!NREUM.init.distributed_tracing.enabled}function u(){return"init"in NREUM&&"distributed_tracing"in NREUM.init&&!!NREUM.init.distributed_tracing.exclude_newrelic_header}function d(){return"init"in NREUM&&"distributed_tracing"in NREUM.init&&NREUM.init.distributed_tracing.cors_use_newrelic_header!==!1}function p(){return"init"in NREUM&&"distributed_tracing"in NREUM.init&&!!NREUM.init.distributed_tracing.cors_use_tracecontext_headers}var l=t(28),h=t(18);e.exports={generateTracePayload:r,shouldGenerateTrace:s}},{}],17:[function(t,e,n){function r(t){var e=this.params,n=this.metrics;if(!this.ended){this.ended=!0;for(var r=0;r<p;r++)t.removeEventListener(d[r],this.listener,!1);return e.protocol&&"data"===e.protocol?void g("Ajax/DataUrl/Excluded"):void(e.aborted||(n.duration=a.now()-this.startTime,this.loadCaptureCalled||4!==t.readyState?null==e.status&&(e.status=0):i(this,t),n.cbTime=this.cbTime,s("xhr",[e,n,this.startTime,this.endTime,"xhr"],this)))}}function o(t,e){var n=c(e),r=t.params;r.hostname=n.hostname,r.port=n.port,r.protocol=n.protocol,r.host=n.hostname+":"+n.port,r.pathname=n.pathname,t.parsedOrigin=n,t.sameOrigin=n.sameOrigin}function i(t,e){t.params.status=e.status;var n=v(e,t.lastSize);if(n&&(t.metrics.rxSize=n),t.sameOrigin){var r=e.getResponseHeader("X-NewRelic-App-Data");r&&(t.params.cat=r.split(", ").pop())}t.loadCaptureCalled=!0}var a=t("loader");if(a.xhrWrappable&&!a.disabled){var s=t("handle"),c=t(18),f=t(16).generateTracePayload,u=t("ee"),d=["load","error","abort","timeout"],p=d.length,l=t("id"),h=t(24),m=t(22),v=t(19),w=t(23),g=t(25).recordSupportability,y=NREUM.o.REQ,x=window.XMLHttpRequest;a.features.xhr=!0,t(15),t(8),u.on("new-xhr",function(t){var e=this;e.totalCbs=0,e.called=0,e.cbTime=0,e.end=r,e.ended=!1,e.xhrGuids={},e.lastSize=null,e.loadCaptureCalled=!1,e.params=this.params||{},e.metrics=this.metrics||{},t.addEventListener("load",function(n){i(e,t)},w(!1)),h&&(h>34||h<10)||t.addEventListener("progress",function(t){e.lastSize=t.loaded},w(!1))}),u.on("open-xhr-start",function(t){this.params={method:t[0]},o(this,t[1]),this.metrics={}}),u.on("open-xhr-end",function(t,e){"loader_config"in NREUM&&"xpid"in NREUM.loader_config&&this.sameOrigin&&e.setRequestHeader("X-NewRelic-ID",NREUM.loader_config.xpid);var n=f(this.parsedOrigin);if(n){var r=!1;n.newrelicHeader&&(e.setRequestHeader("newrelic",n.newrelicHeader),r=!0),n.traceContextParentHeader&&(e.setRequestHeader("traceparent",n.traceContextParentHeader),n.traceContextStateHeader&&e.setRequestHeader("tracestate",n.traceContextStateHeader),r=!0),r&&(this.dt=n)}}),u.on("send-xhr-start",function(t,e){var n=this.metrics,r=t[0],o=this;if(n&&r){var i=m(r);i&&(n.txSize=i)}this.startTime=a.now(),this.listener=function(t){try{"abort"!==t.type||o.loadCaptureCalled||(o.params.aborted=!0),("load"!==t.type||o.called===o.totalCbs&&(o.onloadCalled||"function"!=typeof e.onload))&&o.end(e)}catch(n){try{u.emit("internal-error",[n])}catch(r){}}};for(var s=0;s<p;s++)e.addEventListener(d[s],this.listener,w(!1))}),u.on("xhr-cb-time",function(t,e,n){this.cbTime+=t,e?this.onloadCalled=!0:this.called+=1,this.called!==this.totalCbs||!this.onloadCalled&&"function"==typeof n.onload||this.end(n)}),u.on("xhr-load-added",function(t,e){var n=""+l(t)+!!e;this.xhrGuids&&!this.xhrGuids[n]&&(this.xhrGuids[n]=!0,this.totalCbs+=1)}),u.on("xhr-load-removed",function(t,e){var n=""+l(t)+!!e;this.xhrGuids&&this.xhrGuids[n]&&(delete this.xhrGuids[n],this.totalCbs-=1)}),u.on("xhr-resolved",function(){this.endTime=a.now()}),u.on("addEventListener-end",function(t,e){e instanceof x&&"load"===t[0]&&u.emit("xhr-load-added",[t[1],t[2]],e)}),u.on("removeEventListener-end",function(t,e){e instanceof x&&"load"===t[0]&&u.emit("xhr-load-removed",[t[1],t[2]],e)}),u.on("fn-start",function(t,e,n){e instanceof x&&("onload"===n&&(this.onload=!0),("load"===(t[0]&&t[0].type)||this.onload)&&(this.xhrCbStart=a.now()))}),u.on("fn-end",function(t,e){this.xhrCbStart&&u.emit("xhr-cb-time",[a.now()-this.xhrCbStart,this.onload,e],e)}),u.on("fetch-before-start",function(t){function e(t,e){var n=!1;return e.newrelicHeader&&(t.set("newrelic",e.newrelicHeader),n=!0),e.traceContextParentHeader&&(t.set("traceparent",e.traceContextParentHeader),e.traceContextStateHeader&&t.set("tracestate",e.traceContextStateHeader),n=!0),n}var n,r=t[1]||{};"string"==typeof t[0]?n=t[0]:t[0]&&t[0].url?n=t[0].url:window.URL&&t[0]&&t[0]instanceof URL&&(n=t[0].href),n&&(this.parsedOrigin=c(n),this.sameOrigin=this.parsedOrigin.sameOrigin);var o=f(this.parsedOrigin);if(o&&(o.newrelicHeader||o.traceContextParentHeader))if("string"==typeof t[0]||window.URL&&t[0]&&t[0]instanceof URL){var i={};for(var a in r)i[a]=r[a];i.headers=new Headers(r.headers||{}),e(i.headers,o)&&(this.dt=o),t.length>1?t[1]=i:t.push(i)}else t[0]&&t[0].headers&&e(t[0].headers,o)&&(this.dt=o)}),u.on("fetch-start",function(t,e){this.params={},this.metrics={},this.startTime=a.now(),this.dt=e,t.length>=1&&(this.target=t[0]),t.length>=2&&(this.opts=t[1]);var n,r=this.opts||{},i=this.target;if("string"==typeof i?n=i:"object"==typeof i&&i instanceof y?n=i.url:window.URL&&"object"==typeof i&&i instanceof URL&&(n=i.href),o(this,n),"data"!==this.params.protocol){var s=(""+(i&&i instanceof y&&i.method||r.method||"GET")).toUpperCase();this.params.method=s,this.txSize=m(r.body)||0}}),u.on("fetch-done",function(t,e){if(this.endTime=a.now(),this.params||(this.params={}),"data"===this.params.protocol)return void g("Ajax/DataUrl/Excluded");this.params.status=e?e.status:0;var n;"string"==typeof this.rxSize&&this.rxSize.length>0&&(n=+this.rxSize);var r={txSize:this.txSize,rxSize:n,duration:a.now()-this.startTime};s("xhr",[this.params,r,this.startTime,this.endTime,"fetch"],this)})}},{}],18:[function(t,e,n){var r={};e.exports=function(t){if(t in r)return r[t];if(0===(t||"").indexOf("data:"))return{protocol:"data"};var e=document.createElement("a"),n=window.location,o={};e.href=t,o.port=e.port;var i=e.href.split("://");!o.port&&i[1]&&(o.port=i[1].split("/")[0].split("@").pop().split(":")[1]),o.port&&"0"!==o.port||(o.port="https"===i[0]?"443":"80"),o.hostname=e.hostname||n.hostname,o.pathname=e.pathname,o.protocol=i[0],"/"!==o.pathname.charAt(0)&&(o.pathname="/"+o.pathname);var a=!e.protocol||":"===e.protocol||e.protocol===n.protocol,s=e.hostname===document.domain&&e.port===n.port;return o.sameOrigin=a&&(!e.hostname||s),"/"===o.pathname&&(r[t]=o),o}},{}],19:[function(t,e,n){function r(t,e){var n=t.responseType;return"json"===n&&null!==e?e:"arraybuffer"===n||"blob"===n||"json"===n?o(t.response):"text"===n||""===n||void 0===n?o(t.responseText):void 0}var o=t(22);e.exports=r},{}],20:[function(t,e,n){function r(){}function o(t,e,n,r){return function(){return u.recordSupportability("API/"+e+"/called"),i(t+e,[f.now()].concat(s(arguments)),n?null:this,r),n?void 0:this}}var i=t("handle"),a=t(31),s=t(32),c=t("ee").get("tracer"),f=t("loader"),u=t(25),d=NREUM;"undefined"==typeof window.newrelic&&(window.newrelic=d);var p=["setPageViewName","setCustomAttribute","setErrorHandler","finished","addToTrace","inlineHit","addRelease"],l="api-",h=l+"ixn-";a(p,function(t,e){d[e]=o(l,e,!0,"api")}),d.addPageAction=o(l,"addPageAction",!0),d.setCurrentRouteName=o(l,"routeName",!0),e.exports=newrelic,d.interaction=function(){return(new r).get()};var m=r.prototype={createTracer:function(t,e){var n={},r=this,o="function"==typeof e;return i(h+"tracer",[f.now(),t,n],r),function(){if(c.emit((o?"":"no-")+"fn-start",[f.now(),r,o],n),o)try{return e.apply(this,arguments)}catch(t){throw c.emit("fn-err",[arguments,this,t],n),t}finally{c.emit("fn-end",[f.now()],n)}}}};a("actionText,setName,setAttribute,save,ignore,onEnd,getContext,end,get".split(","),function(t,e){m[e]=o(h,e)}),newrelic.noticeError=function(t,e){"string"==typeof t&&(t=new Error(t)),u.recordSupportability("API/noticeError/called"),i("err",[t,f.now(),!1,e])}},{}],21:[function(t,e,n){function r(t){if(NREUM.init){for(var e=NREUM.init,n=t.split("."),r=0;r<n.length-1;r++)if(e=e[n[r]],"object"!=typeof e)return;return e=e[n[n.length-1]]}}e.exports={getConfiguration:r}},{}],22:[function(t,e,n){e.exports=function(t){if("string"==typeof t&&t.length)return t.length;if("object"==typeof t){if("undefined"!=typeof ArrayBuffer&&t instanceof ArrayBuffer&&t.byteLength)return t.byteLength;if("undefined"!=typeof Blob&&t instanceof Blob&&t.size)return t.size;if(!("undefined"!=typeof FormData&&t instanceof FormData))try{return JSON.stringify(t).length}catch(e){return}}}},{}],23:[function(t,e,n){var r=!1;try{var o=Object.defineProperty({},"passive",{get:function(){r=!0}});window.addEventListener("testPassive",null,o),window.removeEventListener("testPassive",null,o)}catch(i){}e.exports=function(t){return r?{passive:!0,capture:!!t}:!!t}},{}],24:[function(t,e,n){var r=0,o=navigator.userAgent.match(/Firefox[\/\s](\d+\.\d+)/);o&&(r=+o[1]),e.exports=r},{}],25:[function(t,e,n){function r(t,e){var n=[a,t,{name:t},e];return i("storeMetric",n,null,"api"),n}function o(t,e){var n=[s,t,{name:t},e];return i("storeEventMetrics",n,null,"api"),n}var i=t("handle"),a="sm",s="cm";e.exports={constants:{SUPPORTABILITY_METRIC:a,CUSTOM_METRIC:s},recordSupportability:r,recordCustom:o}},{}],26:[function(t,e,n){function r(){return s.exists&&performance.now?Math.round(performance.now()):(i=Math.max((new Date).getTime(),i))-a}function o(){return i}var i=(new Date).getTime(),a=i,s=t(33);e.exports=r,e.exports.offset=a,e.exports.getLastTimestamp=o},{}],27:[function(t,e,n){function r(t,e){var n=t.getEntries();n.forEach(function(t){"first-paint"===t.name?l("timing",["fp",Math.floor(t.startTime)]):"first-contentful-paint"===t.name&&l("timing",["fcp",Math.floor(t.startTime)])})}function o(t,e){var n=t.getEntries();if(n.length>0){var r=n[n.length-1];if(f&&f<r.startTime)return;var o=[r],i=a({});i&&o.push(i),l("lcp",o)}}function i(t){t.getEntries().forEach(function(t){t.hadRecentInput||l("cls",[t])})}function a(t){var e=navigator.connection||navigator.mozConnection||navigator.webkitConnection;if(e)return e.type&&(t["net-type"]=e.type),e.effectiveType&&(t["net-etype"]=e.effectiveType),e.rtt&&(t["net-rtt"]=e.rtt),e.downlink&&(t["net-dlink"]=e.downlink),t}function s(t){if(t instanceof w&&!y){var e=Math.round(t.timeStamp),n={type:t.type};a(n),e<=h.now()?n.fid=h.now()-e:e>h.offset&&e<=Date.now()?(e-=h.offset,n.fid=h.now()-e):e=h.now(),y=!0,l("timing",["fi",e,n])}}function c(t){"hidden"===t&&(f=h.now(),l("pageHide",[f]))}if(!("init"in NREUM&&"page_view_timing"in NREUM.init&&"enabled"in NREUM.init.page_view_timing&&NREUM.init.page_view_timing.enabled===!1)){var f,u,d,p,l=t("handle"),h=t("loader"),m=t(30),v=t(23),w=NREUM.o.EV;if("PerformanceObserver"in window&&"function"==typeof window.PerformanceObserver){u=new PerformanceObserver(r);try{u.observe({entryTypes:["paint"]})}catch(g){}d=new PerformanceObserver(o);try{d.observe({entryTypes:["largest-contentful-paint"]})}catch(g){}p=new PerformanceObserver(i);try{p.observe({type:"layout-shift",buffered:!0})}catch(g){}}if("addEventListener"in document){var y=!1,x=["click","keydown","mousedown","pointerdown","touchstart"];x.forEach(function(t){document.addEventListener(t,s,v(!1))})}m(c)}},{}],28:[function(t,e,n){function r(){function t(){return e?15&e[n++]:16*Math.random()|0}var e=null,n=0,r=window.crypto||window.msCrypto;r&&r.getRandomValues&&(e=r.getRandomValues(new Uint8Array(31)));for(var o,i="xxxxxxxx-xxxx-4xxx-yxxx-xxxxxxxxxxxx",a="",s=0;s<i.length;s++)o=i[s],"x"===o?a+=t().toString(16):"y"===o?(o=3&t()|8,a+=o.toString(16)):a+=o;return a}function o(){return a(16)}function i(){return a(32)}function a(t){function e(){return n?15&n[r++]:16*Math.random()|0}var n=null,r=0,o=window.crypto||window.msCrypto;o&&o.getRandomValues&&Uint8Array&&(n=o.getRandomValues(new Uint8Array(t)));for(var i=[],a=0;a<t;a++)i.push(e().toString(16));return i.join("")}e.exports={generateUuid:r,generateSpanId:o,generateTraceId:i}},{}],29:[function(t,e,n){function r(t,e){if(!o)return!1;if(t!==o)return!1;if(!e)return!0;if(!i)return!1;for(var n=i.split("."),r=e.split("."),a=0;a<r.length;a++)if(r[a]!==n[a])return!1;return!0}var o=null,i=null,a=/Version\/(\S+)\s+Safari/;if(navigator.userAgent){var s=navigator.userAgent,c=s.match(a);c&&s.indexOf("Chrome")===-1&&s.indexOf("Chromium")===-1&&(o="Safari",i=c[1])}e.exports={agent:o,version:i,match:r}},{}],30:[function(t,e,n){function r(t){function e(){t(s&&document[s]?document[s]:document[i]?"hidden":"visible")}"addEventListener"in document&&a&&document.addEventListener(a,e,o(!1))}var o=t(23);e.exports=r;var i,a,s;"undefined"!=typeof document.hidden?(i="hidden",a="visibilitychange",s="visibilityState"):"undefined"!=typeof document.msHidden?(i="msHidden",a="msvisibilitychange"):"undefined"!=typeof document.webkitHidden&&(i="webkitHidden",a="webkitvisibilitychange",s="webkitVisibilityState")},{}],31:[function(t,e,n){function r(t,e){var n=[],r="",i=0;for(r in t)o.call(t,r)&&(n[i]=e(r,t[r]),i+=1);return n}var o=Object.prototype.hasOwnProperty;e.exports=r},{}],32:[function(t,e,n){function r(t,e,n){e||(e=0),"undefined"==typeof n&&(n=t?t.length:0);for(var r=-1,o=n-e||0,i=Array(o<0?0:o);++r<o;)i[r]=t[e+r];return i}e.exports=r},{}],33:[function(t,e,n){e.exports={exists:"undefined"!=typeof window.performance&&window.performance.timing&&"undefined"!=typeof window.performance.timing.navigationStart}},{}],ee:[function(t,e,n){function r(){}function o(t){function e(t){return t&&t instanceof r?t:t?f(t,c,a):a()}function n(n,r,o,i,a){if(a!==!1&&(a=!0),!l.aborted||i){t&&a&&t(n,r,o);for(var s=e(o),c=m(n),f=c.length,u=0;u<f;u++)c[u].apply(s,r);var p=d[y[n]];return p&&p.push([x,n,r,s]),s}}function i(t,e){g[t]=m(t).concat(e)}function h(t,e){var n=g[t];if(n)for(var r=0;r<n.length;r++)n[r]===e&&n.splice(r,1)}function m(t){return g[t]||[]}function v(t){return p[t]=p[t]||o(n)}function w(t,e){l.aborted||u(t,function(t,n){e=e||"feature",y[n]=e,e in d||(d[e]=[])})}var g={},y={},x={on:i,addEventListener:i,removeEventListener:h,emit:n,get:v,listeners:m,context:e,buffer:w,abort:s,aborted:!1};return x}function i(t){return f(t,c,a)}function a(){return new r}function s(){(d.api||d.feature)&&(l.aborted=!0,d=l.backlog={})}var c="nr@context",f=t("gos"),u=t(31),d={},p={},l=e.exports=o();e.exports.getOrSetContext=i,l.backlog=d},{}],gos:[function(t,e,n){function r(t,e,n){if(o.call(t,e))return t[e];var r=n();if(Object.defineProperty&&Object.keys)try{return Object.defineProperty(t,e,{value:r,writable:!0,enumerable:!1}),r}catch(i){}return t[e]=r,r}var o=Object.prototype.hasOwnProperty;e.exports=r},{}],handle:[function(t,e,n){function r(t,e,n,r){o.buffer([t],r),o.emit(t,e,n)}var o=t("ee").get("handle");e.exports=r,r.ee=o},{}],id:[function(t,e,n){function r(t){var e=typeof t;return!t||"object"!==e&&"function"!==e?-1:t===window?0:a(t,i,function(){return o++})}var o=1,i="nr@id",a=t("gos");e.exports=r},{}],loader:[function(t,e,n){function r(){if(!T++){var t=O.info=NREUM.info,e=m.getElementsByTagName("script")[0];if(setTimeout(f.abort,3e4),!(t&&t.licenseKey&&t.applicationID&&e))return f.abort();c(E,function(e,n){t[e]||(t[e]=n)});var n=a();s("mark",["onload",n+O.offset],null,"api"),s("timing",["load",n]);var r=m.createElement("script");0===t.agent.indexOf("http://")||0===t.agent.indexOf("https://")?r.src=t.agent:r.src=l+"://"+t.agent,e.parentNode.insertBefore(r,e)}}function o(){"complete"===m.readyState&&i()}function i(){s("mark",["domContent",a()+O.offset],null,"api")}var a=t(26),s=t("handle"),c=t(31),f=t("ee"),u=t(29),d=t(21),p=t(23),l=d.getConfiguration("ssl")===!1?"http":"https",h=window,m=h.document,v="addEventListener",w="attachEvent",g=h.XMLHttpRequest,y=g&&g.prototype,x=!1;NREUM.o={ST:setTimeout,SI:h.setImmediate,CT:clearTimeout,XHR:g,REQ:h.Request,EV:h.Event,PR:h.Promise,MO:h.MutationObserver};var b=""+location,E={beacon:"bam.nr-data.net",errorBeacon:"bam.nr-data.net",agent:"js-agent.newrelic.com/nr-spa-1216.min.js"},R=g&&y&&y[v]&&!/CriOS/.test(navigator.userAgent),O=e.exports={offset:a.getLastTimestamp(),now:a,origin:b,features:{},xhrWrappable:R,userAgent:u,disabled:x};if(!x){t(20),t(27),m[v]?(m[v]("DOMContentLoaded",i,p(!1)),h[v]("load",r,p(!1))):(m[w]("onreadystatechange",o),h[w]("onload",r)),s("mark",["firstbyte",a.getLastTimestamp()],null,"api");var T=0}},{}],"wrap-function":[function(t,e,n){function r(t,e){function n(e,n,r,c,f){function nrWrapper(){var i,a,u,p;try{a=this,i=d(arguments),u="function"==typeof r?r(i,a):r||{}}catch(l){o([l,"",[i,a,c],u],t)}s(n+"start",[i,a,c],u,f);try{return p=e.apply(a,i)}catch(h){throw s(n+"err",[i,a,h],u,f),h}finally{s(n+"end",[i,a,p],u,f)}}return a(e)?e:(n||(n=""),nrWrapper[p]=e,i(e,nrWrapper,t),nrWrapper)}function r(t,e,r,o,i){r||(r="");var s,c,f,u="-"===r.charAt(0);for(f=0;f<e.length;f++)c=e[f],s=t[c],a(s)||(t[c]=n(s,u?c+r:r,o,c,i))}function s(n,r,i,a){if(!h||e){var s=h;h=!0;try{t.emit(n,r,i,e,a)}catch(c){o([c,n,r,i],t)}h=s}}return t||(t=u),n.inPlace=r,n.flag=p,n}function o(t,e){e||(e=u);try{e.emit("internal-error",t)}catch(n){}}function i(t,e,n){if(Object.defineProperty&&Object.keys)try{var r=Object.keys(t);return r.forEach(function(n){Object.defineProperty(e,n,{get:function(){return t[n]},set:function(e){return t[n]=e,e}})}),e}catch(i){o([i],n)}for(var a in t)l.call(t,a)&&(e[a]=t[a]);return e}function a(t){return!(t&&t instanceof Function&&t.apply&&!t[p])}function s(t,e){var n=e(t);return n[p]=t,i(t,n,u),n}function c(t,e,n){var r=t[e];t[e]=s(r,n)}function f(){for(var t=arguments.length,e=new Array(t),n=0;n<t;++n)e[n]=arguments[n];return e}var u=t("ee"),d=t(32),p="nr@original",l=Object.prototype.hasOwnProperty,h=!1;e.exports=r,e.exports.wrapFunction=s,e.exports.wrapInPlace=c,e.exports.argsToArray=f},{}]},{},["loader",2,17,5,3,4]);</script>
      <meta name="viewport" content="width=device-width, initial-scale=1.0">
    <meta name="HandheldFriendly" content="True">
      <link rel="canonical" href="https://www.tesco.com/groceries/en-GB/shop/food-cupboard">
    <title>Food Cupboard - Tesco Groceries</title>
      <meta name="description" content="">
        
        
        
        
        
        
        
        
    <link rel="apple-touch-icon" href="https://www.tesco.com/groceries/web-assets/touch-icons/tesco/apple-touch-icon-a0b98856c2.png">
    <link rel="apple-touch-icon" sizes="76x76" href="https://www.tesco.com/groceries/web-assets/touch-icons/tesco/apple-touch-icon-76x76-6a0a051e9b.png">
    <link rel="apple-touch-icon" sizes="120x120" href="https://www.tesco.com/groceries/web-assets/touch-icons/tesco/apple-touch-icon-120x120-067b01d70a.png">
    <link rel="apple-touch-icon" sizes="152x152" href="https://www.tesco.com/groceries/web-assets/touch-icons/tesco/apple-touch-icon-152x152-ec8cd92916.png">
    <link rel="apple-touch-icon" sizes="180x180" href="https://www.tesco.com/groceries/web-assets/touch-icons/tesco/apple-touch-icon-180x180-102f6d85ce.png">
    <link rel="apple-touch-icon" sizes="192x192" href="https://www.tesco.com/groceries/web-assets/touch-icons/tesco/apple-touch-icon-192x192-e354b2aa0f.png">
    <link id="favicon" rel="shortcut icon" type="image/png" href="https://www.tesco.com/groceries/web-assets/touch-icons/tesco/favicon-9636e8991a.png">
    <!--[if gt IE 9]><!-->
      <link href="./tesco_html_brand_food_cupboard_files/UK-c73a126b71.css" rel="stylesheet" type="text/css" media="all">
    <!--<![endif]-->
      <link rel="preconnect" href="https://img.tesco.com/">
      <link rel="preconnect" href="https://digitalcontent.api.tesco.com/">
      <script type="application/ld+json">[{"@context":"http://schema.org","@type":"Corporation","url":"https://www.tesco.com/groceries","contactPoint":[{"@type":"ContactPoint","telephone":"+44-0800 323 4040","areaServed":"UK","contactType":"customer service","availableLanguage":"English","contactOption":"TollFree"}]},{"@context":"http://schema.org","@type":"WebSite","url":"https://www.tesco.com/groceries","name":"Tesco Groceries"},{"@context":"http://schema.org/","@type":"ItemList","itemListElement":[{"@type":"ListItem","position":1,"url":"https://www.tesco.com/groceries/en-GB/products/312098280"},{"@type":"ListItem","position":2,"url":"https://www.tesco.com/groceries/en-GB/products/252004443"},{"@type":"ListItem","position":3,"url":"https://www.tesco.com/groceries/en-GB/products/300992005"},{"@type":"ListItem","position":4,"url":"https://www.tesco.com/groceries/en-GB/products/254875174"},{"@type":"ListItem","position":5,"url":"https://www.tesco.com/groceries/en-GB/products/258147391"},{"@type":"ListItem","position":6,"url":"https://www.tesco.com/groceries/en-GB/products/275205504"},{"@type":"ListItem","position":7,"url":"https://www.tesco.com/groceries/en-GB/products/252261477"},{"@type":"ListItem","position":8,"url":"https://www.tesco.com/groceries/en-GB/products/303887546"},{"@type":"ListItem","position":9,"url":"https://www.tesco.com/groceries/en-GB/products/295709926"},{"@type":"ListItem","position":10,"url":"https://www.tesco.com/groceries/en-GB/products/262490576"},{"@type":"ListItem","position":11,"url":"https://www.tesco.com/groceries/en-GB/products/303671726"},{"@type":"ListItem","position":12,"url":"https://www.tesco.com/groceries/en-GB/products/309470281"},{"@type":"ListItem","position":13,"url":"https://www.tesco.com/groceries/en-GB/products/252528422"},{"@type":"ListItem","position":14,"url":"https://www.tesco.com/groceries/en-GB/products/250412245"},{"@type":"ListItem","position":15,"url":"https://www.tesco.com/groceries/en-GB/products/300661949"},{"@type":"ListItem","position":16,"url":"https://www.tesco.com/groceries/en-GB/products/258083897"},{"@type":"ListItem","position":17,"url":"https://www.tesco.com/groceries/en-GB/products/254881356"},{"@type":"ListItem","position":18,"url":"https://www.tesco.com/groceries/en-GB/products/266712758"},{"@type":"ListItem","position":19,"url":"https://www.tesco.com/groceries/en-GB/products/309169039"},{"@type":"ListItem","position":20,"url":"https://www.tesco.com/groceries/en-GB/products/251825089"},{"@type":"ListItem","position":21,"url":"https://www.tesco.com/groceries/en-GB/products/251825037"},{"@type":"ListItem","position":22,"url":"https://www.tesco.com/groceries/en-GB/products/310182373"},{"@type":"ListItem","position":23,"url":"https://www.tesco.com/groceries/en-GB/products/302307699"},{"@type":"ListItem","position":24,"url":"https://www.tesco.com/groceries/en-GB/products/295229307"},{"@type":"ListItem","position":25,"url":"https://www.tesco.com/groceries/en-GB/products/300522845"},{"@type":"ListItem","position":26,"url":"https://www.tesco.com/groceries/en-GB/products/254879475"},{"@type":"ListItem","position":27,"url":"https://www.tesco.com/groceries/en-GB/products/254876305"},{"@type":"ListItem","position":28,"url":"https://www.tesco.com/groceries/en-GB/products/254924572"},{"@type":"ListItem","position":29,"url":"https://www.tesco.com/groceries/en-GB/products/300876915"},{"@type":"ListItem","position":30,"url":"https://www.tesco.com/groceries/en-GB/products/290329100"},{"@type":"ListItem","position":31,"url":"https://www.tesco.com/groceries/en-GB/products/251679518"},{"@type":"ListItem","position":32,"url":"https://www.tesco.com/groceries/en-GB/products/257004208"},{"@type":"ListItem","position":33,"url":"https://www.tesco.com/groceries/en-GB/products/310093518"},{"@type":"ListItem","position":34,"url":"https://www.tesco.com/groceries/en-GB/products/258510116"},{"@type":"ListItem","position":35,"url":"https://www.tesco.com/groceries/en-GB/products/300808531"},{"@type":"ListItem","position":36,"url":"https://www.tesco.com/groceries/en-GB/products/299768716"},{"@type":"ListItem","position":37,"url":"https://www.tesco.com/groceries/en-GB/products/309203408"},{"@type":"ListItem","position":38,"url":"https://www.tesco.com/groceries/en-GB/products/297844134"},{"@type":"ListItem","position":39,"url":"https://www.tesco.com/groceries/en-GB/products/299598986"},{"@type":"ListItem","position":40,"url":"https://www.tesco.com/groceries/en-GB/products/282512389"},{"@type":"ListItem","position":41,"url":"https://www.tesco.com/groceries/en-GB/products/251680648"},{"@type":"ListItem","position":42,"url":"https://www.tesco.com/groceries/en-GB/products/293749766"},{"@type":"ListItem","position":43,"url":"https://www.tesco.com/groceries/en-GB/products/299669062"},{"@type":"ListItem","position":44,"url":"https://www.tesco.com/groceries/en-GB/products/297844111"},{"@type":"ListItem","position":45,"url":"https://www.tesco.com/groceries/en-GB/products/258215420"},{"@type":"ListItem","position":46,"url":"https://www.tesco.com/groceries/en-GB/products/300535536"},{"@type":"ListItem","position":47,"url":"https://www.tesco.com/groceries/en-GB/products/300917389"},{"@type":"ListItem","position":48,"url":"https://www.tesco.com/groceries/en-GB/products/307745622"}]},{"@context":"http://schema.org/","@type":"BreadcrumbList","itemListElement":[{"@type":"ListItem","position":1,"item":{"@id":"/groceries/en-GB/","name":"Home"}}]}]</script>
    <script id="config" type="application/json">{"registration":{"enableProgressBar":true,"enableSigninButton":false,"enableUtilityHeader":true,"step1Redirect":"\u002Fregister\u002Fsetup","step1Title":"auth:registration-step1","submitButtomTextStep1":"auth:next","accountLockedLink":"\u002F","accountLockedLinkTextKey":"auth:account-locked.back-to-homepage"},"auth":{"enableMobileLogin":false,"registerButton":"common:register"},"sessionCookiesToClear":["OAuth.AccessToken","OAuth.RefreshToken","OAuth.TokensExpiryTime","ighs-refresh"],"productDetails":{"enableHeaderWrapperAndMiniTrolley":true,"enableTaxonomy":true,"enableBreadcrumbs":true,"enableFooter":true,"useDigitalContentProductImages":false},"homePageLink":{"en-GB":"\u002Fgroceries\u002Fen-GB","cs-CZ":"\u002Fgroceries\u002Fcs-CZ","sk-SK":"\u002Fgroceries\u002Fsk-SK","hu-HU":"\u002Fgroceries\u002Fhu-HU"},"jsWhitelist":[],"list-items-per-page":24,"max-list-items-per-page":48,"browserMap":{"akamai":{"Chrome Lite":"chrome","IEMobile":"ie","Microsoft\u002FIE Mobile WP7":"ie","Microsoft\u002FIE Mobile WinMo":"ie","Microsoft\u002FPocket IE":"ie","Safari":"safari","Chrome":"chrome","Chrome Mobile":"chrome","Chrome Mobile iOS":"chrome","Mobile Safari":"safari","Mobile Safari UIWebView":"safari","IE":"ie","IE Mobile":"ie","Edge":"ie","Edge Mobile":"ie","Firefox":"firefox","Firefox Mobile":"firefox","Firefox iOS":"firefox"},"npm":{"Chrome":"chrome","Chrome Mobile":"chrome","Chrome Mobile iOS":"chrome","Safari":"safari","Mobile Safari":"safari","Mobile Safari UIWebView":"safari","IE":"ie","IE Mobile":"ie","Edge":"ie","Edge Mobile":"ie","Firefox":"firefox","Firefox Mobile":"firefox","Firefox iOS":"firefox"}},"displayShowMoreLess":false,"displayDeliveryTabDescription":false,"displayAsGuidePrice":true,"maps":{"provider":"Bing","key":"AsmhrPuia8p5xdMee4PT0Xzp4DNvHF3gyyBUCdfMfIopjHfCHCfLKLRtpBmdFPPS","clientId":"AsmhrPuia8p5xdMee4PT0Xzp4DNvHF3gyyBUCdfMfIopjHfCHCfLKLRtpBmdFPPS","interactiveAPI":"https:\u002F\u002Fwww.bing.com\u002Fmaps\u002Fsdk\u002Fmapcontrol","staticAPI":"https:\u002F\u002Fdev.virtualearth.net\u002FREST\u002Fv1\u002FImagery\u002FMap\u002FRoad\u002F","cspDirective":{"provider":["https:\u002F\u002F*.bing.com"],"map":["https:\u002F\u002F*.virtualearth.net"]}},"deliveryInstructionsMaxCharacters":200,"allowAllCharsInInstructions":true,"categoryDelimiter":",","facetsAllowingMultipleSelections":["shelf","brand"],"customAgeRestriction":18,"pickerNotesInputLimit":55,"hideCookiePolicyHeader":false,"defaultBulkBuyLimit":24,"defaultProductQuantity":1,"inputMaxLength":2,"inputMaxValue":99,"minBasketValue":40,"minBasketValuePromo":25,"minBasketSurcharge":4,"inputProductQuantityFormat":"^[0-9]{1,2}$","default-sort-option":"relevance","showBillingAddress":false,"billingAddressFormat":["addressLine1","addressLine2","addressLine3","addressLine4","addressLine5"],"appBanner":{"bannerEnabled":true},"trolleyOrderSummary":{"fullSummaryInAmend":true,"showSavings":false},"showSideBasketSavings":false,"paymentGatewayUrl":"https:\u002F\u002Fcustomerpayment.tesco.com\u002F","changeAddressUrl":"\u002Fslots\u002Fchange-address?_method=POST","updateSlotUrl":"\u002Fslots\u002Fcurrent?_method=PUT","futureExpiryYears":12,"payment":{"processor":"ighs","bank3dsCallbackUrl":"\u002Fcheckout\u002F3ds\u002Fprocess","showShortExpiryYear":false,"saveCard":{"enabled":false},"padExpiryMonth":false,"cookieRefresh":{"enabled":false},"includeXIDin3DS":true,"additional3dsParams":["msgId","xid"]},"paymentFieldNames":{"cardholderName":"CreditCard.CardholderName","cardNumber":"CreditCard.CardNumber","cardSecurityCode":"CreditCard.CardSecurityCode","expiryMonth":"CreditCard.ExpMonth","expiryYear":"CreditCard.ExpYear"},"baseCardFormat":"(\\d{16})","productListing":{"maxPageNumber":9999},"isCardPaymentFirst":true,"search":{"enableCancelButton":false},"PSD2Enabled":true,"checkout":{"showSignoutAndContinueActions":true,"showGuidePriceInfo":false,"confirmation":{"showSimpleFooter":false},"steps":[{"page":"review-trolley","path":"\u002Ftrolley","title":"checkout:common.review-your-trolley"},{"page":"order-summary","path":"\u002Fcheckout\u002Forder-summary","title":"checkout:order-summary.title"},{"page":"payment-options","path":"\u002Fcheckout\u002Fpayment-options","title":"checkout:common.payment-options"},{"page":"order-confirmation","path":"\u002Fcheckout\u002Fconfirmation","title":"checkout:common.order-confirmation"}],"show-terms-and-conditions":false,"enableInAmendMode":true,"disallowInAmendMode":true,"enableCreditCardHelp":true,"enableChangeOfCardInAmendMode":false,"enableAmendOrder":true,"enableAmendOffers":true,"enableAmendDelivery":true,"enableContinueShopping":true,"enableViewConfirmedOrder":true,"enableCancelChanges":true,"enableAddAddressModal":true,"enableSubmittingSpinner":true,"showBaglessBanner":false,"showBagOptions":true,"showBagMessage":true,"showBaglessMessage":false,"optionWithoutBagsFirst":true,"showBaglessPostLiveMessaging":false,"showPackagingDetails":false,"invalidTrolleyErrors":{"slotExpiredInAmend":{"external":false,"url":"\u002Fslots"},"invalidSlot":{"external":false,"url":"\u002Fslots"},"noItemsInBasket":{"external":false,"url":"\u002F"},"allItemsUnavailable":{"external":false,"url":"\u002Ftrolley"}},"papersOnCollectionParagraphs":["checkout:order-confirmation.papers-on-collection-text1","checkout:order-confirmation.papers-on-collection-text2","checkout:order-confirmation.papers-on-collection-text3"]},"ratingsAndReviews":{"pageInfo":{"defaultPageSize":10}},"addressModalTabIconBrowserTypes":{"chrome":"chrome","safari":"safari","ie":"ie"},"supportedCards":[{"type":"maestro","pattern":"^(5018|5020|5038|6304|6759|676[1-3])","format":"(\\d{16})","length":16,"cvcLength":[3],"luhn":true,"icon":"icon-card-maestro"},{"type":"mastercard","pattern":"^5[1-5]\\d{14}$|^2(?:2(?:2[1-9]|[3-9]\\d)|[3-6]\\d\\d|7(?:[01]\\d|20))\\d{12}$","format":"(\\d{16})","length":16,"cvcLength":[3],"luhn":true,"icon":"icon-card-mastercard"},{"type":"visa-electron","pattern":"^(4026|417500|4405|4508|4844|4913|4917)","format":"(\\d{16})","length":16,"cvcLength":[3],"luhn":true,"icon":"icon-card-visa-electron"},{"type":"visa","pattern":"^4","format":"(\\d{16})","length":16,"cvcLength":[3],"luhn":true,"icon":"icon-card-visa"}],"footer":{"cardLogos":[{"type":"visa","name":"Visa"},{"type":"mastercard","name":"Mastercard"}],"threeDSLogos":[{"type":"verified_by_visa","title":"common:verified-by-visa","name":"Verified By Visa"},{"type":"mastercard_securecode","title":"common:mastercard-securecode","name":"Mastercard Securecode"}],"data":[{"title":"footer:here-to-help","links":[{"text":"footer:guide-price","href":"help:guidePrice"},{"text":"footer:safe-shopping","href":"links:safeShopping"},{"text":"footer:terms-and-conditions","href":"links:termsConditions"},{"text":"footer:privacy-cookies","href":"links:privacyCookie"}]},{"title":"footer:about","links":[{"text":"footer:where-we-deliver","href":"serviceAvailabilityUrl"},{"text":"footer:service-charge","href":"links:serviceCharge"},{"text":"footer:payment-options","href":"links:paymentOptions"},{"text":"footer:corporate","data":"config","href":"links:corporate","target":"_blank","icon":"link-blue","alignIcon":"right"},{"text":"footer:clubcard","href":"links:clubCard","target":"_blank","icon":"link-blue","alignIcon":"right"}]},{"title":"footer:first-time-shopping","links":[{"text":"footer:how-to-shop","href":"links:howToShop"},{"text":"footer:registration","href":"links:registration"},{"text":"footer:booking-a-delivery","href":"links:bookDelivery"},{"text":"footer:favourites","href":"links:favourites"},{"text":"footer:vat-invoice","href":"links:vat-invoice"}]},{"title":"footer:contact-us","open":true,"links":[{"text":"contactEmail","data":"config","href":"emailUrl","icon":"email"},{"text":"contact","data":"config","href":"phoneURL","icon":"phone-blue"},{"text":"footer:store-locator","href":"links:store-locator","target":"_blank","icon":"storefinder-blue"}]}]},"minutesBeforeSlotExpiryWarning":30,"propositionalMessageEnabled":false,"eventsPageEnabled":true,"defaultDcsDomain":"digitalcontent.api.tesco.com","slotExpiryThresholdMinutes":15,"dfp":{"enabled":false,"adUnitPath":"","defaultSizes":["fluid",[918,110]],"libUrl":"https:\u002F\u002Fsecurepubads.g.doubleclick.net\u002Ftag\u002Fjs\u002Fgpt.js","limitedAdsUrl":"https:\u002F\u002Fpagead2.googlesyndication.com\u002Ftag\u002Fjs\u002Fgpt.js","sizeMappings":[[[0,531],["fluid",[300,250],[375,258],[375,110]]],[[532,723],["fluid",[532,110]]],[[724,917],["fluid",[724,110]]],[[918,50000],["fluid",[918,110]]]]},"useMango":{"productPage":false},"orderSummary":{"showCollectionInstructions":true},"showProductUnavailableMessages":true,"coupons":{"showTermsAndInst":false,"useLocaleForErrors":false,"enableRemove":true,"enableSelect":false,"enableHeadings":false},"bypassOptimizelyAndUseFirstNonDefaultVariant":false,"bypassOptimizelyAndUseDefaultVariant":false,"GDPRCompliance":false,"forceFallbackHomePageData":false,"showLineItemSubstitutionPreference":false,"eventsPage":true,"cookiePreferences":false,"showManageCookiesButton":true,"showRejectCookiesButton":false,"showPostcodeSearch":false,"showSearchByPostcode":false,"sendSlotsDefaultPostcode":true,"linkToMartini":false,"usualsEnabled":false,"showOrderTypeChangeWarning":false,"bagChargesEnabled":true,"dfpProductList":true,"greenClubcardPointsEnabled":false,"showPickerNotes":false,"showShelfLifeInfo":false,"promotionWarnings":false,"showPromotionStartDate":false,"showReconstructedOfferMsg":false,"enableLifestyleAndDietaryProductFilters":false,"enableChangeSlotOnbasketTileInAmendmode":false,"favSpecialOffers":false,"enableFavOffers":false,"lazyLoadFavPromotedOffers":false,"feedbackLinks":false,"foresee":false,"optimizelyEnabled":true,"enableFavoritesFilters":false,"debugExperiments":false,"enableAddAllButton":true,"enableBrowserWarning":false,"enableCMSValueTile":true,"enableRatingsReviewsListing":false,"enableRatingsReviewsSubmission":false,"enableRatingsReviewsNicknames":false,"enableVatInvoice":false,"enableSubstitutionPreferences":false,"renderSubstitutionContentAccordion":false,"alcoholConfirmation":false,"multiSearchEnabled":false,"enableUpdatesLink":true,"enableWismo":false,"sendEmailAddressForWhitelisting":false,"enableLoginUsingMobileNumber":false,"enableAmendModeModal":false,"showFDOXMessaging":false,"testDFPBanners":false,"includeFulfilmentOptions":false,"enableGoogleTM":true,"enableNewCheckoutRecommendationsTile":false,"showDidyouKnowOrders":true,"enabledIndexableBrandPages":false,"showPriceInfoAmendContextCard":false,"showPromotionsByDepartment":true,"showCCPriceLogoInSquare":false,"enableMfeBasket":false,"showOnlinePriceInfo":false,"bagMessageAndLinkEnabled":true,"registrationConsentRequired":true,"marketingLabelText":"auth:marketing-label-text","changePaymentDetailsEnabled":false,"contextCardLinkEnabled":true,"responsive":{"smallMax":599,"mediumSmallMin":600,"mediumSmallMax":767,"mediumMin":768,"mediumMax":991,"largeMin":992,"largeMax":1199,"extraLargeMin":1200},"bigNav":{"groceries":{"label":"groceries","url":"\u002Fshop","chevron":true,"activate":"toggleNavMenu"},"myProducts":{"label":"my-favourites","url":"\u002Ffavorites","requiresAuthentication":true},"promotions":{"label":"promotions","url":"\u002Fpromotions"},"events":{"label":"events-page","url":"\u002Fevents","configurable":"eventsPageEnabled","feature":"eventsPage","cmsNav":true}},"gtmLibUrl":"https:\u002F\u002Fwww.googletagmanager.com\u002Fgtm.js?id=GTM-MGZTXQJ","waitForAsyncPage":"3000;","favorites":{"default-sort-option":"relevance"},"optimizely":{"timeout":500,"host":"cdn.optimizely.com","siteId":"IGHS"},"fulfilmentCard":{"giabVariantEnabled":false},"showUtilityHeader":true,"lightDelivery":{"defaultStoreCatchmentRadiusInMeters":8000},"fulfilmentOptions":{"options":[],"availableShoppingMethods":["delivery","collection"],"groupedShoppingMethods":[{"category":"GHS_DELIVERY","methods":["delivery"]},{"category":"GHS_COLLECT","methods":["collection"]}]},"showVeganMessaging":false,"showIsolationDeliveryInfoLink":false,"hasFixedCollectionPoints":false,"shouldShowCookieBanner":true,"showToleranceValue":false,"apmTool":"newrelic","sentry":{"dsn":"https:\u002F\u002Fd91803bdddbe4692bd77944a91093022@o505202.ingest.sentry.io\u002F5597199"},"showNewAmendBar":false,"showMiniTrolleyFavsCTA":false,"myOrdersDDL":false,"fetchGetFulfilmentOptionOnHomePage":false,"displayClubcardDetails":false,"opinionLab":{"refererUrls":{"wismo":"wismo.tesco.com","ondemandwismo":"ondemandwismo.tesco.com","favorites":"myfavourites.tesco.com","specialOffers":"specialoffers.tesco.com"}},"promoByDepartmentTypeCheck":false,"useDCSv3":false,"TAP":{"PPE":{"path":"\u002Fuserinteraction\u002Fv1\u002Fevents\u002Froute\u002Fcustonline-qa","querystring":""},"connector":true},"shouldIncrementPromotionEndDate":false,"prideLogoDisplay":false,"blackLogoDisplay":false,"thirdPartyDelivery":{"termsAndConditionsUrl":"https:\u002F\u002Fwww.tesco.com\u002Fhelp\u002Fterms-and-conditions\u002Fgrocery\u002F"},"regularPriceDisplay":false,"newFavNavEnabled":false,"lastOrderEnabled":false,"slotPageFavCTA":false,"trolleyPageFavCTA":false,"showPriceOnUnavailableTile":false,"showFavSpecialOfferFilter":false,"showFavUnavailableFilter":false,"defaultSortOptions":["relevance","title-ascending","title-descending","price-ascending","price-descending"],"showOneCheckoutOrderConfirmation":false,"useWebViewLayout":false,"showOneCheckoutOrderSummary":false,"SITES":{"UK":{"default":{"footer":{"corporate":"Tesco.com","copyright":"Tesco.com $copyrightYear All rights reserved","data":[{"title":"footer:here-to-help","links":[{"text":"footer:my-account","href":"links:myAccount","externalSecureDomain":true},{"text":"footer:my-orders","href":"links:myOrders"},{"text":"footer:help","href":"links:help"},{"text":"footer:product-recall","href":"links:productRecall"},{"text":"footer:privacy-centre","href":"links:privacyCentre"}]},{"title":"footer:about","links":[{"text":"footer:accessibility","href":"links:accessibility"},{"text":"footer:sitemap","href":"links:sitemap"},{"text":"footer:privacy-cookies","href":"links:privacyCookies"},{"text":"footer:general-terms","href":"links:termsConditions"},{"text":"footer:product-terms","href":"links:productTerms"},{"text":"footer:coupon-terms","href":"links:couponTerms"}]},{"title":"footer:ways-to-save","links":[{"text":"footer:delivery-saver","href":"links:deliverySaver"},{"text":"footer:clubcard","href":"links:clubcard","icon":"link-blue"},{"text":"footer:click-collect","href":"links:clickCollect"},{"text":"footer:clubcard-prices","href":"links:clubcardPrices"}]},{"title":"footer:contact-us","links":[{"text":"footer:corporate","data":"config","href":"links:corporate","icon":"link-blue"},{"text":"footer:store-locator","href":"links:storeLocator","icon":"storefinder-blue"},{"text":"contact","data":"config","href":"phoneURL","icon":"phone-blue"},{"text":"contact2","data":"config","href":"phoneURL2","icon":"phone-blue"},{"text":"common:feedback","href":"links:feedback","icon":"feedback-blue"}]}],"cardLogos":[{"type":"visa","name":"Visa"},{"type":"mastercard","name":"Mastercard"},{"type":"american-express","name":"American Express"}],"threeDSLogos":[{"type":"verified_by_visa","title":"common:verified-by-visa","name":"Verified By Visa"},{"type":"mastercard_securecode","title":"common:mastercard-securecode","name":"Mastercard Securecode"},{"type":"american_express_safekey","title":"common:amex-safekey","name":"American Express Safekey"}],"additionalFooterLogos":[]},"help":{"eCoupons":{"en-GB":"https:\u002F\u002Fwww.tesco.com\u002Fhelp\u002Fgroceries-faq\u002F#clubcard-vouchers-and-ecoupons"},"eCouponTerms":{"en-GB":"https:\u002F\u002Fwww.tesco.com\u002Fhelp\u002Fterms-and-conditions\u002F#ecoupons"},"homeDelivery":{"en-GB":"https:\u002F\u002Fwww.tesco.com\u002Fgroceries\u002Fen-GB\u002Fhelp?my-delivery#my-delivery"},"clickCollect":{"en-GB":"https:\u002F\u002Fwww.tesco.com\u002Fhelp\u002Fgroceries-faq\u002F"},"cardTypesAccepted":{"en-GB":"https:\u002F\u002Fwww.tesco.com\u002Fgroceries\u002Fen-GB\u002Fhelp?payment-and-checkout#payment-and-checkout"},"guidePrice":{"en-GB":"https:\u002F\u002Fwww.tesco.com\u002Fhelp\u002Fgroceries-faq\u002F#what_is_a_guide_price"},"onlineShopping":{"en-GB":"https:\u002F\u002Fwww.tesco.com\u002Fgroceries\u002Fen-GB\u002Fhelp?how-to-shop#how-to-shop"},"myAccount":{"en-GB":"https:\u002F\u002Fwww.tesco.com\u002Fgroceries\u002Fen-GB\u002Fhelp?my-account#my-account"},"bagOptions":{"en-GB":"https:\u002F\u002Fwww.tesco.com\u002Fhelp\u002Fgroceries-faq\u002F#bagless_delivery"},"showClickCollect":false},"links":{"help":{"en-GB":"https:\u002F\u002Fwww.tesco.com\u002Fgroceries\u002Fen-GB\u002Fhelp\u002F"},"contact-us":"https:\u002F\u002Fwww.tesco.com\u002Fhelp\u002Fcontact\u002F","productRecall":"https:\u002F\u002Fwww.tesco.com\u002Fproductrecall\u002F","accessibility":"https:\u002F\u002Fwww.tesco.com\u002Fhelp\u002Faccessibility\u002F","sitemap":"https:\u002F\u002Fwww.tesco.com\u002Fhelp\u002Fsite-map\u002F","privacyCookies":{"en-GB":"https:\u002F\u002Fwww.tesco.com\u002Fhelp\u002Fprivacy-and-cookies\u002Fprivacy-centre\u002Fprivacy-policy-information\u002Fprivacy-policy\u002F"},"termsConditions":{"en-GB":"https:\u002F\u002Fwww.tesco.com\u002Fhelp\u002Fterms-and-conditions\u002F"},"termsConditionsRnRs":{"en-GB":"https:\u002F\u002Fwww.tesco.com\u002Fhelp\u002Fterms-and-conditions\u002F#Ratings"},"termsConditionsDietary":{"en-GB":"https:\u002F\u002Fwww.tesco.com\u002Fhelp\u002Fterms-and-conditions\u002F#Dietary"},"productTerms":{"en-GB":"https:\u002F\u002Fwww.tesco.com\u002Fhelp\u002Fterms-and-conditions\u002Fgrocery\u002F"},"privacyCentre":{"en-GB":"https:\u002F\u002Fwww.tesco.com\u002Fhelp\u002Fprivacy-and-cookies\u002Fprivacy-centre\u002F"},"deliveryOptionDeliverySaver":"https:\u002F\u002Fwww.tesco.com\u002Fdeliverysaver\u002F?icid=Delivery_Options_delivery_Saver\"","deliverySaver":"https:\u002F\u002Fwww.tesco.com\u002Fdeliverysaver\u002F?=&icid=Grocerywebfooter_DeliverySaver","clubcard":"https:\u002F\u002Fsecure.tesco.com\u002Fclubcard\u002F","clubcardMyAccount":"https:\u002F\u002Fsecure.tesco.com\u002FClubcard\u002FMyAccount\u002FHome\u002FHome","clickCollect":"https:\u002F\u002Fwww.tesco.com\u002Fgroceries\u002Fen-GB\u002Fzone\u002Ftesco-delivery","clubcardPrices":"https:\u002F\u002Fwww.tesco.com\u002Fgroceries\u002Fen-gb\u002Fbuylists\u002Fclubcard-prices\u002Ftop-picks","couponTerms":"https:\u002F\u002Fwww.tesco.com\u002Fhelp\u002Fterms-and-conditions\u002F#coupons","corporate":"https:\u002F\u002Fwww.tesco.com","storeLocator":"https:\u002F\u002Fwww.tesco.com\u002Fstore-locator\u002Fuk\u002F","feedback":"#!","myAccount":"\u002Faccount\u002Fen-GB\u002Fmanage","myOrders":"\u002Forders","deliveryHelp":{"en-GB":"https:\u002F\u002Fwww.tesco.com\u002Fgroceries\u002Fhelp\u002F?rel=help"},"basketSurchargeInfo":"https:\u002F\u002Fwww.tesco.com\u002Fhelp\u002Fgroceries-faq\u002F#minimum_order_value_home","carrierBagSurchargeInfo":"https:\u002F\u002Fwww.tesco.com\u002Fhelp\u002Fgroceries-faq\u002F#choose_bagless_delivery","deliveryCollectionCost":"https:\u002F\u002Fwww.tesco.com\u002Fhelp\u002Fgroceries-faq\u002F#how_much_does_delivery_or_collection_cost","amendOrderHelp":{"en-GB":"https:\u002F\u002Fwww.tesco.com\u002Fhelp\u002Fgroceries-faq\u002F#amend_the_number_products"},"cancelOrderHelp":{"en-GB":"https:\u002F\u002Fwww.tesco.com\u002Fhelp\u002Fgroceries-faq\u002F#cancel_my_order"},"collectionTab":"https:\u002F\u002Fwww.tesco.com\u002Fhelp\u002Fgroceries-faq\u002F?sc_cmp=CC_FAQ","homeDeliveryTab":"https:\u002F\u002Fwww.tesco.com\u002Fhelp\u002Fgroceries-faq\u002F#how_do_you_deliver","moreAboutGoingBagless":"https:\u002F\u002Fwww.tesco.com\u002Fhelp\u002Fgroceries-faq\u002F#bagless_trial","unmannedClickAndCollectStoreFaq":"https:\u002F\u002Fwww.tesco.com\u002Fgroceries\u002Fen-GB\u002Fzone\u002Fclick-and-collect-lockers","appDownload":{"url":{"Android":{"mobile":"https:\u002F\u002Fplay.google.com\u002Fstore\u002Fapps\u002Fdetails?id=com.tesco.grocery.view","tablet":"https:\u002F\u002Fplay.google.com\u002Fstore\u002Fapps\u002Fdetails?id=com.tesco.tablet"},"iOS":{"mobile":"https:\u002F\u002Fapps.apple.com\u002Fgb\u002Fapp\u002Ftesco-groceries\u002Fid389581236","tablet":"https:\u002F\u002Fapps.apple.com\u002Fgb\u002Fapp\u002Ftesco-groceries\u002Fid389581236"}},"appId":{"Android":{"mobile":"com.tesco.grocery.view","tablet":"com.tesco.tablet"},"iOS":{"mobile":"389581236","tablet":"389581236"}}},"manageCookiePreferences":{"en-GB":"https:\u002F\u002Fwww.tesco.com\u002Fhelp\u002Fen-GB\u002Fmanage-cookie-preferences"},"setCookiePreferences":{"en-GB":"https:\u002F\u002Fwww.tesco.com\u002Fhelp\u002Fen-GB\u002Fset-cookie-preferences"},"moreAboutOnDemand":"https:\u002F\u002Fwww.tesco.com\u002Fhelp\u002Fgroceries-faq\u002F?sc_cmp=CC_FAQ","aboutMarketplace":"#"},"mvt":{"campaigns":[null]},"navigation":{"en-GB":[{"categoryTitle":"layout:main-nav.groceries","links":[{"url":"\u002Ffavorites","text":"layout:main-nav.favorites","newTab":false,"leftIcon":"favorite-heart-icon","rightIcon":"","requiresAuthentication":true},{"url":"\u002Fslots","text":"layout:main-nav.book-a-slot","newTab":false,"leftIcon":"icon-bookaslot-01","rightIcon":"","requiresAuthentication":true},{"url":"\u002Forders","text":"layout:main-nav.my-orders","newTab":false,"leftIcon":"icon-my_orders-01","rightIcon":"","requiresAuthentication":true},{"url":"\u002Fevents","text":"navigation:events-page","newTab":false,"leftIcon":"icon-icon-events","rightIcon":"","feature":"eventsPage","cmsNav":true},{"url":"\u002Fpromotions","text":"layout:main-nav.special-offers","newTab":false,"leftIcon":"icon-promotion-nav","rightIcon":""},{"url":"\u002Faccount\u002Fen-GB\u002Fmanage","text":"layout:main-nav.my-account","newTab":false,"leftIcon":"icon-my-account","rightIcon":"","useExternalSecure":true},{"url":"https:\u002F\u002Fwww.tesco.com\u002FDeliverySaver\u002F","text":"layout:main-nav.delivery-saver","newTab":true,"leftIcon":"icon-delivery-saver","rightIcon":"icon-link"},{"url":"#","text":"layout:main-nav.download-app","newTab":false,"leftIcon":"icon-download-app","rightIcon":"","dynamicAppUrl":true}]},{"categoryTitle":"layout:main-nav.more-from_tesco","links":[{"url":"https:\u002F\u002Fsecure.tesco.com\u002Fclubcard\u002F","text":"layout:main-nav.clubcard-account","newTab":true,"leftIcon":"icon-clubcard-01","rightIcon":"icon-link"},{"url":"https:\u002F\u002Frealfood.tesco.com","text":"layout:main-nav.real-food","newTab":true,"leftIcon":"icon-real-food","rightIcon":"icon-link"},{"url":"https:\u002F\u002Fwww.tesco.com\u002Fstore-locator\u002Fuk\u002F?stop_mobi=yes","text":"footer:store-locator","newTab":true,"leftIcon":"icon-storefinder-blue","rightIcon":""},{"url":"https:\u002F\u002Fwww.tesco.com\u002Fdirect","text":"layout:main-nav.tesco-direct","newTab":true,"leftIcon":"icon-tesco-direct","rightIcon":"icon-link"},{"url":"https:\u002F\u002Fwww.tesco.com\u002Fdirect\u002Fclothing\u002F","text":"layout:main-nav.fandf","newTab":true,"leftIcon":"icon-f-and-f","rightIcon":"icon-link"}]},{"categoryTitle":"layout:main-nav.about-this-site","links":[{"url":"#!","text":"layout:main-nav.feedback","newTab":false,"leftIcon":"icon-feedback-blue","rightIcon":"","feedbackLink":true},{"url":"https:\u002F\u002Fwww.tesco.com\u002Fgroceries\u002Fen-GB\u002Fhelp","text":"common:help","newTab":false,"leftIcon":"icon-help-01","rightIcon":""},{"url":"https:\u002F\u002Fwww.tesco.com\u002Fhelp\u002Fcontact\u002F","text":"common:pages.contact","newTab":false,"leftIcon":"icon-email-large","rightIcon":""}]}]},"registration":{"addressFields":[{"name":"county-district","label":"auth:address-fields.county-district","type":"select","locationType":["County","District"]},{"name":"municipality","label":"auth:address-fields.municipality","type":"select","locationType":"Municipality"},{"name":"city-quarter","label":"auth:address-fields.city-quarter","type":"select","locationType":["Municipality Part","Quarter"]},{"name":"street","label":"auth:address-fields.street","type":"select","locationType":"Street"},{"name":"house-number","label":"auth:address-fields.house-number","type":"select","locationType":"Address"},{"name":"freetext1","label":"auth:address-fields.flat-number-optional","type":"input","maxLength":6}],"configs":{"nameTitleOptions":false,"firstName":true,"lastName":true,"phoneNumber":[{"rule":"phone-number-five-digits","translation":"auth:validation.phone-number-min-length","arg":5},{"rule":"phone-number-format","translation":"auth:validation.phone-number-format"},{"rule":"required","translation":"auth:validation.phone-number-required"}],"altPhoneNumber":[{"rule":"phone-number-five-digits","translation":"auth:validation.phone-number-min-length","arg":5},{"rule":"phone-number-format","translation":"auth:validation.phone-number-format"}],"phoneNumberAllowedCharacters":"[0-9]"}},"REGION":"UK","3dsecure":true,"brand":"tesco","siteSearch":false,"callCentreSupportedLanguageNames":"English","LANGUAGES":["en-GB"],"timezone":"Europe\u002FLondon","mustHaveAcceptedCookieNoticeSince":"2018-05-16T00:00:00+00:00","hideCookiePolicyHeader":true,"sharedLogin":true,"contact":"0800 323 4040","phoneURL":"tel:08003234040","contact2":"0330 123 4040","phoneURL2":"tel:03301234040","internationalCode":"+44-","categoryDelimiter":",","facetsAllowingMultipleSelections":["brand"],"transferApiCookies":["OAuth.AccessToken","UUID"],"currency":{"symbolPosition":"left","spaceBetweenSymbolAndValue":false,"compactMode":true,"symbol":"£","unitSymbol":"p","decimalMark":".","decimalPlaces":2,"thousandsSeparator":",","isoCode":"GBP"},"format":{"month":"MMM"},"showBillingAddress":true,"collectionAlwaysAvailable":true,"LANGUAGESWITCH":false,"useExternalAuthentication":true,"externalSecureDomain":"https:\u002F\u002Fsecure.tesco.com","externalLoginUrl":"\u002Faccount\u002Flogin\u002Fen-GB","externalRegistrationUrl":"\u002Faccount\u002Fen-GB\u002Fregister?newReg=true","externalRegistrationConfirmationPageUrl":"\u002Faccount\u002Fen-GB\u002Fregister\u002Fconfirm?success=true","externalLogoutUrl":"\u002Faccount\u002Flogin\u002Fen-GB\u002Flogout?from=","useExternalMyAccount":true,"externalMyAccountUrl":"\u002Faccount\u002Fen-GB\u002Fmanage","externalAddressBookUrl":"\u002Faccount\u002Fen-GB\u002Fmanage\u002Faddress-book","externalAddAddressUrl":"\u002Faccount\u002Fen-GB\u002Fmanage\u002Faddress-book\u002Fadd-address","externalEditAddressUrl":"\u002Faccount\u002Fen-GB\u002Fmanage\u002Faddress-book\u002Fchange-address","externalAuthCookies":["OAuth.AccessToken"],"displayShowMoreLess":true,"displayDeliveryTabDescription":false,"loyaltyCardNumberLength":18,"loyaltyCardPrefix":"63400952","serviceAvailableAreas":"London, ...","trolleyOrderSummary":{"fullSummaryInAmend":false,"showSavings":true},"creditCardsSupport":["visa","visa-debit","mastercard","american-express","maestro","tesco-debit","tesco-credit","visa-electron-not-supported"],"threeDSecureSupport":["american_express_safekey","verified_by_visa","mastercard_securecode"],"supportedCards":[{"type":"maestro","pattern":"^(5018|5020|5038|6304|6759|676[1-3])","format":"(\\d{16})","length":16,"cvcLength":[3],"luhn":true,"icon":"icon-card-maestro"},{"type":"mastercard","pattern":"^5[1-5]\\d{14}$|^2(?:2(?:2[1-9]|[3-9]\\d)|[3-6]\\d\\d|7(?:[01]\\d|20))\\d{12}$","format":"(\\d{16})","length":16,"cvcLength":[3],"luhn":true,"icon":"icon-card-mastercard"},{"type":"amex","pattern":"^3[47]","format":"(\\d{15})","length":15,"cvcLength":[4],"luhn":true,"icon":"icon-card-american-express"},{"type":"visa-electron","pattern":"^(4026|417500|4405|4508|4844|4913|4917)","format":"(\\d{16})","length":16,"cvcLength":[3],"luhn":true,"icon":"icon-card-visa-electron-not-supported"},{"type":"visa","pattern":"^4","format":"(\\d{16})","length":16,"cvcLength":[3],"luhn":true,"icon":"icon-card-visa"},{"type":"savedCard","pattern":"^\\*","format":"(\\*{12}\\d{4})","length":16,"luhn":false}],"customInstructions":false,"showInstructions":true,"allowAllCharsInInstructions":false,"paymentGatewayUrl":"\u002Fgroceries\u002Fghspay\u002FvalidatePayment\u002F?Lego=true","showOrderTypeChangeWarning":true,"showHomeAmendOrderContextCard":true,"showFirstSlotColAsToday":true,"showSecondSlotColAsTomorrow":true,"paymentErrorCodes":["CheckoutStatusError","DeAuthenticateError","DeliverySlotUnavailable","FailedToCreateOrder","FieldValidationError","InvalidCardLength","InvalidPAResResponse","InvalidPaymentCard","InvalidPaymentCardNumber","IssueNumberValidation","NoBasketItem","PaymentCardAuthorisationFailed","PaymentCardExpired","PaymentCardNotFound","PaymentReservationFailed","ReservationExpired","SecurityCodeValidation","UnableToCancelDeliverySlot","UnableToConfirmDeliverySlot","UnableToGetDeliverySlotDetails"],"payment":{"processor":"ghspayapp","bank3dsCallbackUrl":"\u002Fcheckout\u002F3ds\u002Fprocess-uk","showShortExpiryYear":true,"padExpiryMonth":true,"process3dsUrl":"\u002Fgroceries\u002Fghspay\u002FProcessAuthentication\u002F?Lego=true","threeDSecureRedirectUrl":"\u002Fcheckout\u002F3ds","successRedirectUrl":"\u002Fcheckout\u002Fprocess-order-confirmation","failureRedirectUrl":"\u002Fcheckout\u002Fpayment-options","cookieRefresh":{"enabled":false},"saveCard":{"enabled":true,"fieldName":"issaveselected"},"includeXIDin3DS":false,"additional3dsParams":["basketid","xid"]},"paymentFieldNames":{"cardholderName":"nameonthecard","cardNumber":"cardnumber","cardSecurityCode":"securitycode","expiryMonth":"expirymonth","expiryYear":"expiryyear"},"isCardPaymentFirst":false,"showAmendCheckoutButton":true,"showAmendOrderBarMenu":false,"showAmendOrderBarSaveButton":false,"showAmendOrderPage":true,"showPostcodeSearch":true,"showSearchByPostcode":true,"allowAmendSlot":true,"showAboutOurChargesLink":true,"showMinBasketChargeHelpLink":true,"orderSummary":{"showCollectionInstructions":false},"amendCutoff15MinsEarlier":true,"sameDaySlotSurcharge":2,"checkout":{"show-terms-and-conditions":true,"disallowInAmendMode":false,"showBaglessBanner":false,"showBagOptions":true,"showBaglessMessage":true,"offersType":"promotionType","donationInfo":{"link":"https:\u002F\u002Fdonate.redcross.org.uk\u002Fappeal\u002Fukraine-crisis-appeal?utm_campaign=Ukraine%20Crisis%20Appeal&utm_source=Unknown&utm_medium=Unknown&utm_content=Donate%20Landing_Donate%20-%20DEC%20Ukraine%20Humanitarian%20Appeal&utm_term=175154_Tescos%20Customers&c_name=Ukraine%20Crisis%20Appeal&c_source=Unknown&c_medium=Unknown&c_creative=Donate%20Landing_Donate%20-%20DEC%20Ukraine%20Humanitarian%20Appeal&c_code=175154&adg=Tescos%20Customers"},"haveYouForgottenStep":{"enabled":true},"steps":[{"page":"review-trolley","path":"\u002Ftrolley","title":"checkout:common.review-your-trolley"},{"page":"recommendations","isConditional":true,"path":"\u002Fcheckout\u002Frecommendations","title":"checkout:common.recommendations"},{"page":"have-you-forgotten","isConditional":true,"path":"\u002Fcheckout\u002Fhave-you-forgotten","title":"checkout:common.have-you-forgotten"},{"page":"order-summary","path":"\u002Fcheckout\u002Forder-summary","title":"checkout:order-summary.title"},{"page":"payment-options","path":"\u002Fcheckout\u002Fpayment-options","title":"checkout:common.payment-options"},{"page":"order-confirmation","path":"\u002Fcheckout\u002Fconfirmation","title":"checkout:common.order-confirmation"}]},"showSideBasketMessaging":true,"showSideBasketSavings":true,"showProductMessage":true,"enableBrowserWarning":true,"enableChangeOfCardInAmendMode":true,"promotionWarnings":true,"showPromotionStartDate":true,"showReconstructedOfferMsg":true,"enableChangeSlotOnbasketTileInAmendmode":true,"PSD2Enabled":false,"coupons":{"showTermsAndInst":true,"useLocaleForErrors":true,"enableRemove":false,"enableSelect":true,"enableHeadings":true,"errorCodes":["campaignlimitreached","campaignmonetorylimitreached","couponexpired","couponinvalidforcustomer","couponinvalidforstore","couponnotyetvalid","couponusagelimitreached","errorinsmartcouponservice","failed","invalidcouponcode","itemexists","misseddeliveryslot","missedquantity","norecords","notexist","redeemed","redemptionlimitreached","reserved","service-unavailable","undefined","excessdeduction","unfitable","unfittable"]},"useMango":{"productPage":true},"promotionsByDepartment":{"localData":true,"file":"promotions-by-department.json"},"displayNewFulfilmentUI":true,"bypassOptimizelyAndUseFirstNonDefaultVariant":false,"bypassOptimizelyAndUseDefaultVariant":false,"GDPRCompliance":true,"useEmailWhitelist":true,"showSlotsHub":true,"feedbackLinks":true,"foresee":true,"showLineItemSubstitutionPreference":true,"showPickerNotes":true,"useNewMyOrdersDesign":true,"showExtendedTrolleySummary":true,"showViewBasketInOpenOrder":true,"linkToMartini":true,"cookiePreferences":true,"showGroupAndSlotTitle":true,"useUpdatedServiceChargeLabels":true,"sameDayClickAndCollectEnabled":true,"propositionalMessageEnabled":true,"showSameDayMultipleDeliveryWarning":true,"usualsEnabled":true,"ajaxUnbookSlotEnabled":true,"allowMultipleAddresses":true,"bagMessageAndLinkEnabled":true,"changePaymentDetailsEnabled":true,"greenClubcardPointsEnabled":true,"showShelfLifeInfo":true,"favouritesWhyNotTry":true,"enableCheckoutJourneyModals":false,"enableSubstitutionPreferences":true,"renderSubstitutionContentAccordion":true,"favSpecialOffers":true,"enableFavOffers":true,"lazyLoadFavPromotedOffers":true,"enableLifestyleAndDietaryProductFilters":true,"enableFavoritesFilters":true,"enableMissedOfferTrackingInAnalytics":true,"multiSearchEnabled":true,"enableRatingsReviewsListing":true,"enableRatingsReviewsSubmission":true,"enableWismo":true,"hasFixedCollectionPoints":true,"enableNewCheckoutRecommendationsTile":true,"enableMfeBasket":true,"search":{"suggestionsUrl":"https:\u002F\u002Fsearch.api.tesco.com\u002Fsuggestion\u002F?distchannel=ghs&limit=10&query=","enableCancelButton":true},"dfp":{"enabled":true,"adUnitPath":"\u002F8326\u002Fgrocery\u002F","limitedAdsEnabled":true,"testAdUnitPath":"\u002F8326\u002Fbeta-grocery\u002F"},"martiniCookiesToRemoveOnLogout":["APC","BranchNumber","BTCCMS","CID","CustomerId","gpv_p15","OAuth.AccessToken","Orderid","PS","PSSC","PSyncHint","RegistrationSource","servicecharge","sessionTest","slotdateendtime","slotdatestarttime","SSVars","t","TWT","u","UIMode","UUID","v"],"isoCurrencyCode":"GBP","addByAdjustment":true,"bigNav":{"groceries":{"label":"groceries","url":"\u002Fshop","chevron":true,"activate":"toggleNavMenu"},"myProducts":{"label":"my-favourites","url":"\u002Ffavorites","requiresAuthentication":true},"recipes":{"label":"recipes","externalUrl":"https:\u002F\u002Frealfood.tesco.com\u002F","url":"\u002Fzone\u002Frecipes"},"promotions":{"label":"promotions","url":"\u002Fpromotions"},"events":{"label":"events-page","url":"\u002Fevents","configurable":"eventsPageEnabled","feature":"eventsPage","cmsNav":true},"deliverySaver":{"label":"delivery-saver","externalUrl":"https:\u002F\u002Fwww.tesco.com\u002FDeliverySaver\u002F"}},"recommenders":{"enabled":true,"product_details":{"strategy":"ubt","variant":"20","moduleType":"p","panelType":"t","pageId":"product_details","analyticsEventType":"product-details"},"search":{"strategy":"variant","variant":"search","moduleType":"sr","panelType":"t","pageId":"searchPLP"},"empty_search":{"strategy":"ts","variant":"6","moduleType":"sr","panelType":"t","pageId":"searchPLP"},"category":{"strategy":"ubt","variant":"20-3","panelType":"t","pageId":"browsePLP"},"home_page":{"strategy":"ts","variant":"6","moduleType":"h","panelType":"t","pageId":"home"},"promotions":{"strategy":"ubt","variant":"20-3","moduleType":"so","panelType":"t","pageId":"promotionsPLP"},"favorites":{"strategy":"ubt","variant":"20","moduleType":"f","panelType":"t","pageId":"favoritesPLP"},"buylist":{"strategy":"ubt","variant":"20","moduleType":"bl","panelType":"t","pageId":"buylistPLP"},"full-basket":{"strategy":"ts","variant":"6","moduleType":"bl","panelType":"t","pageId":"trolleyFullPLP"},"checkout":{"strategy":"morpheus","variant":"rt1-----yml","moduleType":"csl","panelType":"t","pageId":"reviewBasket"},"promotions1183":{"strategy":"variant","variant":"checkout","pageId":"recommendations","panelType":"t","moduleType":"csl","analyticsEventType":"special-offers"}},"optimizely":{"siteId":"GHS"},"ratingsReviews":{"ratingText":{"overCharLimit":2000,"minCharLimit":10},"ratingTitle":{"overCharLimit":50}},"paymentUI":{"enabled":true,"gatewayUrl":"\u002Fpayment","externalDomain":"https:\u002F\u002Fpayment-ppe.tesco.com","consumerId":"ghs-uk","successRedirectUrl":"\u002Fcheckout\u002Fprocess-order-confirmation","storeMigration":false,"paymentReferenceEnterprise":false},"productDetails":{"useDigitalContentProductImages":true},"showDeliveryAddressInAccordion":true,"showVeganMessaging":true,"showCollectLinkForUnavailableHDSlot":true,"slotsHubPage":{"notificationMessage":{"delivery":false,"collection":false,"ondemand":true,"ondemandcollection":true},"showLegalInfo":true,"subscriptIcons":{"delivery":"^","collection":"†","ondemand":"","ondemandcollection":""},"lineNumber":{"delivery":[1,2],"collection":[1,2,3],"ondemand":[1,2,3],"ondemandcollection":[1,2,3]}},"ondemand":{"minutesBeforeSlotExpiryWarning":5},"showNewAmendBar":true,"showMiniTrolleyFavsCTA":true,"wismoOrderDeliveredDisplayInMinutes":15,"myOrdersDDL":true,"includeFulfilmentOptions":true,"fetchGetFulfilmentOptionOnHomePage":false,"displayClubcardDetails":true,"getLoyaltyQueryTimeout":700,"promoByDepartmentTypeCheck":true,"useDCSv3":true,"regularPriceDisplay":true,"newFavNavEnabled":true,"lastOrderEnabled":true,"slotPageFavCTA":true,"trolleyPageFavCTA":true,"showPriceOnUnavailableTile":true,"showFavSpecialOfferFilter":true,"showFavUnavailableFilter":true,"defaultSortOptions":["relevance","price-ascending","price-descending"],"showOneCheckoutOrderConfirmation":true,"showCheckoutBannerTexts":true,"blackLogoDisplay":false,"showOneCheckoutOrderSummary":true},"ghsapp-uk":{"productDetails":{"enableHeaderWrapperAndMiniTrolley":false,"enableTaxonomy":false,"enableBreadcrumbs":false,"enableFooter":false,"renderOnlyProductBlocksAndTerms":true},"checkout":{"showSignoutAndContinueActions":false,"confirmation":{"showSimpleFooter":true},"haveYouForgottenStep":{"enabled":false},"steps":[{"page":"order-summary","path":"\u002Fcheckout\u002Forder-summary","title":"checkout:order-summary.title"},{"page":"payment-options","path":"\u002Fcheckout\u002Fpayment-options","title":"checkout:common.payment-options"},{"page":"order-confirmation","path":"\u002Fcheckout\u002Fconfirmation","title":"checkout:common.order-confirmation"}],"enableCreditCardHelp":false,"enableAmendOrder":false,"enableAmendDelivery":false,"enableContinueShopping":false,"enableViewConfirmedOrder":false,"enableCancelChanges":false,"enableAddAddressModal":false,"enableSubmittingSpinner":false,"invalidTrolleyErrors":{"slotExpiredInAmend":{"external":true,"url":"tesco-ghs-app:\u002F\u002Fbookaslot?source=checkout"},"invalidSlot":{"external":true,"url":"tesco-ghs-app:\u002F\u002Fbookaslot?source=checkout"},"noItemsInBasket":{"external":true,"url":"tesco-ghs-app:\u002F\u002Fhome?source=checkout"},"allItemsUnavailable":{"external":true,"url":"tesco-ghs-app:\u002F\u002Fbasket?source=checkout"}}},"showInstructions":false,"externalLoginUrl":"\u002Faccount\u002Flogin\u002Fen-GB?consumer=app","externalAddAddressUrl":"\u002Fregister\u002FaddressBook.aspx","dfp":{"enabled":false},"enableRatingsReviewsListing":false,"paymentUI":{"consumerId":"ghsapp-uk"}},"ghsnativeapp-uk":{"checkout":{"showSignoutAndContinueActions":false,"confirmation":{"showSimpleFooter":true},"haveYouForgottenStep":{"enabled":false},"steps":[{"page":"order-summary","path":"\u002Fcheckout\u002Forder-summary","title":"checkout:order-summary.title"},{"page":"payment-options","path":"\u002Fcheckout\u002Fpayment-options","title":"checkout:common.payment-options"},{"page":"order-confirmation","path":"\u002Fcheckout\u002Fconfirmation","title":"checkout:common.order-confirmation"}],"enableCreditCardHelp":false,"enableAmendOrder":false,"enableAmendDelivery":false,"enableContinueShopping":false,"enableViewConfirmedOrder":false,"enableCancelChanges":false,"enableAddAddressModal":false,"enableSubmittingSpinner":false,"invalidTrolleyErrors":{"slotExpiredInAmend":{"external":true,"url":"tesco-ghs-app:\u002F\u002Fbookaslot?source=checkout"},"invalidSlot":{"external":true,"url":"tesco-ghs-app:\u002F\u002Fbookaslot?source=checkout"},"noItemsInBasket":{"external":true,"url":"tesco-ghs-app:\u002F\u002Fhome?source=checkout"},"allItemsUnavailable":{"external":true,"url":"tesco-ghs-app:\u002F\u002Fbasket?source=checkout"}}},"showInstructions":false,"externalLoginUrl":"\u002Faccount\u002Flogin\u002Fen-GB?consumer=app","externalAddAddressUrl":"\u002Fregister\u002FaddressBook.aspx","homePageLink":{"en-GB":"tesco-ghs-app:\u002F\u002Fhome"},"dfp":{"enabled":false},"enableRatingsReviewsListing":false,"paymentUI":{"consumerId":"ghsnativeapp-uk"},"showUtilityHeader":false},"webview-android-app":{"useWebViewLayout":true,"hideBreadCrumb":true,"enableRatingsReviewsSubmission":false,"product":{"disableRestOfShelfLink":true,"disablePDPLink":true,"disablePromotionLink":true}},"webview-ios-app":{"useWebViewLayout":true,"hideBreadCrumb":true,"enableRatingsReviewsSubmission":false,"product":{"disableRestOfShelfLink":true,"disablePDPLink":true,"disablePromotionLink":true}}}}}</script>
        <link href="./tesco_html_brand_food_cupboard_files/UK-554ab7b42e.en-GB.js.download" rel="preload" as="script">
        <link href="./tesco_html_brand_food_cupboard_files/static-vendor.bundle.07a529d39fa55b5a4b98.js.download" rel="preload" as="script">
        <link href="./tesco_html_brand_food_cupboard_files/static-common.bundle.926c5e26d972ffce7b3f.js.download" rel="preload" as="script">
          <link href="./tesco_html_brand_food_cupboard_files/static-home.bundle.a487dcec2e34f1f1438c.js.download" rel="preload" as="script">
    <script type="application/json" id="cookiePreferences">
      {"displayInterrupt":false,"experience":false,"advertising":false}
    </script>
    <script type="text/javascript">var usingAppJS=true;"use strict";!function(e,t,n){var r=[],o=[],i={_version:"3.5.0",_config:{classPrefix:"",enableClasses:!0,enableJSClass:!0,usePrefixes:!0},_q:[],on:function(e,t){var n=this;setTimeout(function(){t(n[e])},0)},addTest:function(e,t,n){o.push({name:e,fn:t,options:n})},addAsyncTest:function(e){o.push({name:null,fn:e})}},s=function(){};s.prototype=i,s=new s;var a=i._config.usePrefixes?" -webkit- -moz- -o- -ms- ".split(" "):["",""];function l(e,t){return typeof e===t}i._prefixes=a;var u=t.documentElement,c="svg"===u.nodeName.toLowerCase();function f(e){var t=u.className,n=s._config.classPrefix||"";if(c&&(t=t.baseVal),usingAppJS){var r=new RegExp("(^|\\s)"+n+"no-js(\\s|$)");t=t.replace(r,"$1"+n+"js$2")}s._config.enableClasses&&(t+=" "+n+e.join(" "+n),c?u.className.baseVal=t:u.className=t)}c||function(e,t){var n,r,o=e.html5||{},i=/^<|^(?:button|map|select|textarea|object|iframe|option|optgroup)$/i,s=/^(?:a|b|code|div|fieldset|h1|h2|h3|h4|h5|h6|i|label|li|ol|p|q|span|strong|style|table|tbody|td|th|tr|ul)$/i,a="_html5shiv",l=0,u={};function c(){var e=m.elements;return"string"==typeof e?e.split(" "):e}function f(e){var t=u[e[a]];return t||(t={},l++,e[a]=l,u[l]=t),t}function d(e,n,o){return n||(n=t),r?n.createElement(e):(o||(o=f(n)),!(a=o.cache[e]?o.cache[e].cloneNode():s.test(e)?(o.cache[e]=o.createElem(e)).cloneNode():o.createElem(e)).canHaveChildren||i.test(e)||a.tagUrn?a:o.frag.appendChild(a));var a}function p(e){e||(e=t);var o=f(e);return!m.shivCSS||n||o.hasCSS||(o.hasCSS=!!function(e,t){var n=e.createElement("p"),r=e.getElementsByTagName("head")[0]||e.documentElement;return n.innerHTML="x<style>"+t+"</style>",r.insertBefore(n.lastChild,r.firstChild)}(e,"article,aside,dialog,figcaption,figure,footer,header,hgroup,main,nav,section{display:block}mark{background:#FF0;color:#000}template{display:none}")),r||function(e,t){t.cache||(t.cache={},t.createElem=e.createElement,t.createFrag=e.createDocumentFragment,t.frag=t.createFrag()),e.createElement=function(n){return m.shivMethods?d(n,e,t):t.createElem(n)},e.createDocumentFragment=Function("h,f","return function(){var n=f.cloneNode(),c=n.createElement;h.shivMethods&&("+c().join().replace(/[\w\-:]+/g,function(e){return t.createElem(e),t.frag.createElement(e),'c("'+e+'")'})+");return n}")(m,t.frag)}(e,o),e}!function(){try{var e=t.createElement("a");e.innerHTML="<xyz></xyz>",n="hidden"in e,r=1==e.childNodes.length||function(){t.createElement("a");var e=t.createDocumentFragment();return void 0===e.cloneNode||void 0===e.createDocumentFragment||void 0===e.createElement}()}catch(e){n=!0,r=!0}}();var m={elements:o.elements||"abbr article aside audio bdi canvas data datalist details dialog figcaption figure footer header hgroup main mark meter nav output picture progress section summary template time video",version:"3.7.3",shivCSS:!1!==o.shivCSS,supportsUnknownElements:r,shivMethods:!1!==o.shivMethods,type:"default",shivDocument:p,createElement:d,createDocumentFragment:function(e,n){if(e||(e=t),r)return e.createDocumentFragment();for(var o=(n=n||f(e)).frag.cloneNode(),i=0,s=c(),a=s.length;i<a;i++)o.createElement(s[i]);return o},addElements:function(e,t){var n=m.elements;"string"!=typeof n&&(n=n.join(" ")),"string"!=typeof e&&(e=e.join(" ")),m.elements=n+" "+e,p(t)}};e.html5=m,p(t),"object"==typeof module&&module.exports&&(module.exports=m)}(void 0!==e?e:this,t);var d,p,m=i._config.usePrefixes?"Moz O ms Webkit".toLowerCase().split(" "):[];function h(e,t){if("object"==typeof e)for(var n in e)d(e,n)&&h(n,e[n]);else{var r=(e=e.toLowerCase()).split("."),o=s[r[0]];if(2==r.length&&(o=o[r[1]]),void 0!==o)return s;t="function"==typeof t?t():t,1==r.length?s[r[0]]=t:(!s[r[0]]||s[r[0]]instanceof Boolean||(s[r[0]]=new Boolean(s[r[0]])),s[r[0]][r[1]]=t),f([(t&&0!=t?"":"no-")+r.join("-")]),s._trigger(e,t)}return s}i._domPrefixes=m,d=l(p={}.hasOwnProperty,"undefined")||l(p.call,"undefined")?function(e,t){return t in e&&l(e.constructor.prototype[t],"undefined")}:function(e,t){return p.call(e,t)},i._l={},i.on=function(e,t){this._l[e]||(this._l[e]=[]),this._l[e].push(t),s.hasOwnProperty(e)&&setTimeout(function(){s._trigger(e,s[e])},0)},i._trigger=function(e,t){if(this._l[e]){var n=this._l[e];setTimeout(function(){var e;for(e=0;e<n.length;e++)(0,n[e])(t)},0),delete this._l[e]}},s._q.push(function(){i.addTest=h});var v="CSS"in e&&"supports"in e.CSS,g="supportsCSS"in e;function y(){return"function"!=typeof t.createElement?t.createElement(arguments[0]):c?t.createElementNS.call(t,"http://www.w3.org/2000/svg",arguments[0]):t.createElement.apply(t,arguments)}function C(e,n,r,o){var i,s,a,l,f="modernizr",d=y("div"),p=function(){var e=t.body;return e||((e=y(c?"svg":"body")).fake=!0),e}();if(parseInt(r,10))for(;r--;)(a=y("div")).id=o?o[r]:f+(r+1),d.appendChild(a);return(i=y("style")).type="text/css",i.id="s"+f,(p.fake?p:d).appendChild(i),p.appendChild(d),i.styleSheet?i.styleSheet.cssText=e:i.appendChild(t.createTextNode(e)),d.id=f,p.fake&&(p.style.background="",p.style.overflow="hidden",l=u.style.overflow,u.style.overflow="hidden",u.appendChild(p)),s=n(d,e),p.fake?(p.parentNode.removeChild(p),u.style.overflow=l,u.offsetHeight):d.parentNode.removeChild(d),!!s}s.addTest("supports",v||g);var S,b=(S=e.matchMedia||e.msMatchMedia)?function(e){var t=S(e);return t&&t.matches||!1}:function(t){var n=!1;return C("@media "+t+" { #modernizr { position: absolute; } }",function(t){n="absolute"==(e.getComputedStyle?e.getComputedStyle(t,null):t.currentStyle).position}),n};i.mq=b;var x=i.testStyles=C;s.addTest("touchevents",function(){var n;if("ontouchstart"in e||e.DocumentTouch&&t instanceof DocumentTouch)n=!0;else{var r=["@media (",a.join("touch-enabled),("),"heartz",")","{#modernizr{top:9px;position:absolute}}"].join("");x(r,function(e){n=9===e.offsetTop})}return n});var w=i._config.usePrefixes?"Moz O ms Webkit".split(" "):[];function E(e,t){return function(){return e.apply(t,arguments)}}i._cssomPrefixes=w;var _={elem:y("modernizr")};s._q.push(function(){delete _.elem});var T={style:_.elem.style};function z(e){return e.replace(/([A-Z])/g,function(e,t){return"-"+t.toLowerCase()}).replace(/^ms-/,"-ms-")}function P(t,r){var o=t.length;if("CSS"in e&&"supports"in e.CSS){for(;o--;)if(e.CSS.supports(z(t[o]),r))return!0;return!1}if("CSSSupportsRule"in e){for(var i=[];o--;)i.push("("+z(t[o])+":"+r+")");return C("@supports ("+(i=i.join(" or "))+") { #modernizr { position: absolute; } }",function(t){return"absolute"==function(t,n,r){var o;if("getComputedStyle"in e){o=getComputedStyle.call(e,t,n);var i=e.console;null!==o?r&&(o=o.getPropertyValue(r)):i&&i[i.error?"error":"log"].call(i,"getComputedStyle returning null, its possible modernizr test results are inaccurate")}else o=!n&&t.currentStyle&&t.currentStyle[r];return o}(t,null,"position")})}return n}function j(e,t,r,o){if(o=!l(o,"undefined")&&o,!l(r,"undefined")){var i=P(e,r);if(!l(i,"undefined"))return i}for(var s,a,u,c,f,d=["modernizr","tspan","samp"];!T.style&&d.length;)s=!0,T.modElem=y(d.shift()),T.style=T.modElem.style;function p(){s&&(delete T.style,delete T.modElem)}for(u=e.length,a=0;a<u;a++)if(c=e[a],f=T.style[c],~(""+c).indexOf("-")&&(c=c.replace(/([a-z])-([a-z])/g,function(e,t,n){return t+n.toUpperCase()}).replace(/^-/,"")),T.style[c]!==n){if(o||l(r,"undefined"))return p(),"pfx"!=t||c;try{T.style[c]=r}catch(e){}if(T.style[c]!=f)return p(),"pfx"!=t||c}return p(),!1}s._q.unshift(function(){delete T.style});i.testProp=function(e,t,r){return j([e],n,t,r)};function k(e,t,n,r,o){var i=e.charAt(0).toUpperCase()+e.slice(1),s=(e+" "+w.join(i+" ")+i).split(" ");return l(t,"string")||l(t,"undefined")?j(s,t,r,o):function(e,t,n){var r;for(var o in e)if(e[o]in t)return!1===n?e[o]:l(r=t[e[o]],"function")?E(r,n||t):r;return!1}(s=(e+" "+m.join(i+" ")+i).split(" "),t,n)}function N(e,t,r){return k(e,n,n,t,r)}i.testAllProps=k,i.testAllProps=N,s.addTest("flexbox",N("flexBasis","1px",!0)),s.addTest("flexboxlegacy",N("boxDirection","reverse",!0)),s.addTest("csstransforms",function(){return-1===navigator.userAgent.indexOf("Android 2.")&&N("transform","scale(1)",!0)}),s.addTest("csstransforms3d",function(){var e=!!N("perspective","1px",!0),t=s._config.usePrefixes;if(e&&(!t||"webkitPerspective"in u.style)){var n;s.supports?n="@supports (perspective: 1px)":(n="@media (transform-3d)",t&&(n+=",(-webkit-transform-3d)")),x("#modernizr{width:0;height:0}"+(n+="{#modernizr{width:7px;height:18px;margin:0;padding:0;border:0}}"),function(t){e=7===t.offsetWidth&&18===t.offsetHeight})}return e}),s.addTest("csstransitions",N("transition","all",!0)),function(){var e,t,n,i,a,u;for(var c in o)if(o.hasOwnProperty(c)){if(e=[],(t=o[c]).name&&(e.push(t.name.toLowerCase()),t.options&&t.options.aliases&&t.options.aliases.length))for(n=0;n<t.options.aliases.length;n++)e.push(t.options.aliases[n].toLowerCase());for(i=l(t.fn,"function")?t.fn():t.fn,a=0;a<e.length;a++)1===(u=e[a].split(".")).length?s[u[0]]=i:(!s[u[0]]||s[u[0]]instanceof Boolean||(s[u[0]]=new Boolean(s[u[0]])),s[u[0]][u[1]]=i),r.push((i?"":"no-")+u.join("-"))}}(),f(r),delete i.addTest,delete i.addAsyncTest;for(var M=0;M<s._q.length;M++)s._q[M]();e.Modernizr=s}(window,document);"use strict";Modernizr.addTest("ios8",function(){return!!(navigator.appVersion||"").match(/OS 8_(\d+)_?(\d+)? like Mac OS X/)}),Modernizr.addTest("ie",function(){return!!(navigator.appVersion||"").match(/(MSIE|Trident)/)});!function(t,e){for(var n in e)t[n]=e[n]}(window,function(t){var e={};function n(r){if(e[r])return e[r].exports;var o=e[r]={i:r,l:!1,exports:{}};return t[r].call(o.exports,o,o.exports,n),o.l=!0,o.exports}return n.m=t,n.c=e,n.d=function(t,e,r){n.o(t,e)||Object.defineProperty(t,e,{enumerable:!0,get:r})},n.r=function(t){"undefined"!=typeof Symbol&&Symbol.toStringTag&&Object.defineProperty(t,Symbol.toStringTag,{value:"Module"}),Object.defineProperty(t,"__esModule",{value:!0})},n.t=function(t,e){if(1&e&&(t=n(t)),8&e)return t;if(4&e&&"object"==typeof t&&t&&t.__esModule)return t;var r=Object.create(null);if(n.r(r),Object.defineProperty(r,"default",{enumerable:!0,value:t}),2&e&&"string"!=typeof t)for(var o in t)n.d(r,o,function(e){return t[e]}.bind(null,o));return r},n.n=function(t){var e=t&&t.__esModule?function(){return t.default}:function(){return t};return n.d(e,"a",e),e},n.o=function(t,e){return Object.prototype.hasOwnProperty.call(t,e)},n.p="",n(n.s=37)}([function(t,e){var n=t.exports="undefined"!=typeof window&&window.Math==Math?window:"undefined"!=typeof self&&self.Math==Math?self:Function("return this")();"number"==typeof __g&&(__g=n)},function(t,e){t.exports=function(t){return"object"==typeof t?null!==t:"function"==typeof t}},function(t,e,n){var r=n(10)("wks"),o=n(11),i=n(0).Symbol,u="function"==typeof i;(t.exports=function(t){return r[t]||(r[t]=u&&i[t]||(u?i:o)("Symbol."+t))}).store=r},function(t,e,n){var r=n(1);t.exports=function(t){if(!r(t))throw TypeError(t+" is not an object!");return t}},function(t,e){t.exports=function(t){try{return!!t()}catch(t){return!0}}},function(t,e){var n=t.exports={version:"2.6.11"};"number"==typeof __e&&(__e=n)},function(t,e,n){"use strict";var r,o,i=n(25),u=RegExp.prototype.exec,c=String.prototype.replace,a=u,l=(r=/a/,o=/b*/g,u.call(r,"a"),u.call(o,"a"),0!==r.lastIndex||0!==o.lastIndex),f=void 0!==/()??/.exec("")[1];(l||f)&&(a=function(t){var e,n,r,o,a=this;return f&&(n=new RegExp("^"+a.source+"$(?!\\s)",i.call(a))),l&&(e=a.lastIndex),r=u.call(a,t),l&&r&&(a.lastIndex=a.global?r.index+r[0].length:e),f&&r&&r.length>1&&c.call(r[0],n,function(){for(o=1;o<arguments.length-2;o++)void 0===arguments[o]&&(r[o]=void 0)}),r}),t.exports=a},function(t,e,n){var r=n(29),o=n(33);t.exports=n(8)?function(t,e,n){return r.f(t,e,o(1,n))}:function(t,e,n){return t[e]=n,t}},function(t,e,n){t.exports=!n(4)(function(){return 7!=Object.defineProperty({},"a",{get:function(){return 7}}).a})},function(t,e){var n={}.toString;t.exports=function(t){return n.call(t).slice(8,-1)}},function(t,e,n){var r=n(5),o=n(0),i=o["__core-js_shared__"]||(o["__core-js_shared__"]={});(t.exports=function(t,e){return i[t]||(i[t]=void 0!==e?e:{})})("versions",[]).push({version:r.version,mode:n(18)?"pure":"global",copyright:"© 2019 Denis Pushkarev (zloirock.ru)"})},function(t,e){var n=0,r=Math.random();t.exports=function(t){return"Symbol(".concat(void 0===t?"":t,")_",(++n+r).toString(36))}},function(t,e){t.exports=function(t){if("function"!=typeof t)throw TypeError(t+" is not a function!");return t}},function(t,e){var n=Math.ceil,r=Math.floor;t.exports=function(t){return isNaN(t=+t)?0:(t>0?r:n)(t)}},function(t,e){t.exports=function(t){if(null==t)throw TypeError("Can't call method on  "+t);return t}},function(t,e,n){var r=n(0),o=n(7),i=n(34),u=n(11)("src"),c=n(35),a=(""+c).split("toString");n(5).inspectSource=function(t){return c.call(t)},(t.exports=function(t,e,n,c){var l="function"==typeof n;l&&(i(n,"name")||o(n,"name",e)),t[e]!==n&&(l&&(i(n,u)||o(n,u,t[e]?""+t[e]:a.join(String(e)))),t===r?t[e]=n:c?t[e]?t[e]=n:o(t,e,n):(delete t[e],o(t,e,n)))})(Function.prototype,"toString",function(){return"function"==typeof this&&this[u]||c.call(this)})},function(t,e,n){"use strict";var r=n(17),o=n(3),i=n(19),u=n(20),c=n(22),a=n(23),l=n(6),f=n(4),s=Math.min,p=[].push,d=!f(function(){RegExp(4294967295,"y")});n(26)("split",2,function(t,e,n,f){var v;return v="c"=="abbc".split(/(b)*/)[1]||4!="test".split(/(?:)/,-1).length||2!="ab".split(/(?:ab)*/).length||4!=".".split(/(.?)(.?)/).length||".".split(/()()/).length>1||"".split(/.?/).length?function(t,e){var o=String(this);if(void 0===t&&0===e)return[];if(!r(t))return n.call(o,t,e);for(var i,u,c,a=[],f=(t.ignoreCase?"i":"")+(t.multiline?"m":"")+(t.unicode?"u":"")+(t.sticky?"y":""),s=0,d=void 0===e?4294967295:e>>>0,v=new RegExp(t.source,f+"g");(i=l.call(v,o))&&!((u=v.lastIndex)>s&&(a.push(o.slice(s,i.index)),i.length>1&&i.index<o.length&&p.apply(a,i.slice(1)),c=i[0].length,s=u,a.length>=d));)v.lastIndex===i.index&&v.lastIndex++;return s===o.length?!c&&v.test("")||a.push(""):a.push(o.slice(s)),a.length>d?a.slice(0,d):a}:"0".split(void 0,0).length?function(t,e){return void 0===t&&0===e?[]:n.call(this,t,e)}:n,[function(n,r){var o=t(this),i=null==n?void 0:n[e];return void 0!==i?i.call(n,o,r):v.call(String(o),n,r)},function(t,e){var r=f(v,t,this,e,v!==n);if(r.done)return r.value;var l=o(t),p=String(this),g=i(l,RegExp),h=l.unicode,y=(l.ignoreCase?"i":"")+(l.multiline?"m":"")+(l.unicode?"u":"")+(d?"y":"g"),x=new g(d?l:"^(?:"+l.source+")",y),m=void 0===e?4294967295:e>>>0;if(0===m)return[];if(0===p.length)return null===a(x,p)?[p]:[];for(var b=0,E=0,S=[];E<p.length;){x.lastIndex=d?E:0;var w,_=a(x,d?p:p.slice(E));if(null===_||(w=s(c(x.lastIndex+(d?0:E)),p.length))===b)E=u(p,E,h);else{if(S.push(p.slice(b,E)),S.length===m)return S;for(var j=1;j<=_.length-1;j++)if(S.push(_[j]),S.length===m)return S;E=b=w}}return S.push(p.slice(b)),S}]})},function(t,e,n){var r=n(1),o=n(9),i=n(2)("match");t.exports=function(t){var e;return r(t)&&(void 0!==(e=t[i])?!!e:"RegExp"==o(t))}},function(t,e){t.exports=!1},function(t,e,n){var r=n(3),o=n(12),i=n(2)("species");t.exports=function(t,e){var n,u=r(t).constructor;return void 0===u||null==(n=r(u)[i])?e:o(n)}},function(t,e,n){"use strict";var r=n(21)(!0);t.exports=function(t,e,n){return e+(n?r(t,e).length:1)}},function(t,e,n){var r=n(13),o=n(14);t.exports=function(t){return function(e,n){var i,u,c=String(o(e)),a=r(n),l=c.length;return a<0||a>=l?t?"":void 0:(i=c.charCodeAt(a))<55296||i>56319||a+1===l||(u=c.charCodeAt(a+1))<56320||u>57343?t?c.charAt(a):i:t?c.slice(a,a+2):u-56320+(i-55296<<10)+65536}}},function(t,e,n){var r=n(13),o=Math.min;t.exports=function(t){return t>0?o(r(t),9007199254740991):0}},function(t,e,n){"use strict";var r=n(24),o=RegExp.prototype.exec;t.exports=function(t,e){var n=t.exec;if("function"==typeof n){var i=n.call(t,e);if("object"!=typeof i)throw new TypeError("RegExp exec method returned something other than an Object or null");return i}if("RegExp"!==r(t))throw new TypeError("RegExp#exec called on incompatible receiver");return o.call(t,e)}},function(t,e,n){var r=n(9),o=n(2)("toStringTag"),i="Arguments"==r(function(){return arguments}());t.exports=function(t){var e,n,u;return void 0===t?"Undefined":null===t?"Null":"string"==typeof(n=function(t,e){try{return t[e]}catch(t){}}(e=Object(t),o))?n:i?r(e):"Object"==(u=r(e))&&"function"==typeof e.callee?"Arguments":u}},function(t,e,n){"use strict";var r=n(3);t.exports=function(){var t=r(this),e="";return t.global&&(e+="g"),t.ignoreCase&&(e+="i"),t.multiline&&(e+="m"),t.unicode&&(e+="u"),t.sticky&&(e+="y"),e}},function(t,e,n){"use strict";n(27);var r=n(15),o=n(7),i=n(4),u=n(14),c=n(2),a=n(6),l=c("species"),f=!i(function(){var t=/./;return t.exec=function(){var t=[];return t.groups={a:"7"},t},"7"!=="".replace(t,"$<a>")}),s=function(){var t=/(?:)/,e=t.exec;t.exec=function(){return e.apply(this,arguments)};var n="ab".split(t);return 2===n.length&&"a"===n[0]&&"b"===n[1]}();t.exports=function(t,e,n){var p=c(t),d=!i(function(){var e={};return e[p]=function(){return 7},7!=""[t](e)}),v=d?!i(function(){var e=!1,n=/a/;return n.exec=function(){return e=!0,null},"split"===t&&(n.constructor={},n.constructor[l]=function(){return n}),n[p](""),!e}):void 0;if(!d||!v||"replace"===t&&!f||"split"===t&&!s){var g=/./[p],h=n(u,p,""[t],function(t,e,n,r,o){return e.exec===a?d&&!o?{done:!0,value:g.call(e,n,r)}:{done:!0,value:t.call(n,e,r)}:{done:!1}}),y=h[0],x=h[1];r(String.prototype,t,y),o(RegExp.prototype,p,2==e?function(t,e){return x.call(t,this,e)}:function(t){return x.call(t,this)})}}},function(t,e,n){"use strict";var r=n(6);n(28)({target:"RegExp",proto:!0,forced:r!==/./.exec},{exec:r})},function(t,e,n){var r=n(0),o=n(5),i=n(7),u=n(15),c=n(36),a=function(t,e,n){var l,f,s,p,d=t&a.F,v=t&a.G,g=t&a.S,h=t&a.P,y=t&a.B,x=v?r:g?r[e]||(r[e]={}):(r[e]||{}).prototype,m=v?o:o[e]||(o[e]={}),b=m.prototype||(m.prototype={});for(l in v&&(n=e),n)s=((f=!d&&x&&void 0!==x[l])?x:n)[l],p=y&&f?c(s,r):h&&"function"==typeof s?c(Function.call,s):s,x&&u(x,l,s,t&a.U),m[l]!=s&&i(m,l,p),h&&b[l]!=s&&(b[l]=s)};r.core=o,a.F=1,a.G=2,a.S=4,a.P=8,a.B=16,a.W=32,a.U=64,a.R=128,t.exports=a},function(t,e,n){var r=n(3),o=n(30),i=n(32),u=Object.defineProperty;e.f=n(8)?Object.defineProperty:function(t,e,n){if(r(t),e=i(e,!0),r(n),o)try{return u(t,e,n)}catch(t){}if("get"in n||"set"in n)throw TypeError("Accessors not supported!");return"value"in n&&(t[e]=n.value),t}},function(t,e,n){t.exports=!n(8)&&!n(4)(function(){return 7!=Object.defineProperty(n(31)("div"),"a",{get:function(){return 7}}).a})},function(t,e,n){var r=n(1),o=n(0).document,i=r(o)&&r(o.createElement);t.exports=function(t){return i?o.createElement(t):{}}},function(t,e,n){var r=n(1);t.exports=function(t,e){if(!r(t))return t;var n,o;if(e&&"function"==typeof(n=t.toString)&&!r(o=n.call(t)))return o;if("function"==typeof(n=t.valueOf)&&!r(o=n.call(t)))return o;if(!e&&"function"==typeof(n=t.toString)&&!r(o=n.call(t)))return o;throw TypeError("Can't convert object to primitive value")}},function(t,e){t.exports=function(t,e){return{enumerable:!(1&t),configurable:!(2&t),writable:!(4&t),value:e}}},function(t,e){var n={}.hasOwnProperty;t.exports=function(t,e){return n.call(t,e)}},function(t,e,n){t.exports=n(10)("native-function-to-string",Function.toString)},function(t,e,n){var r=n(12);t.exports=function(t,e,n){if(r(t),void 0===e)return t;switch(n){case 1:return function(n){return t.call(e,n)};case 2:return function(n,r){return t.call(e,n,r)};case 3:return function(n,r,o){return t.call(e,n,r,o)}}return function(){return t.apply(e,arguments)}}},function(t,e,n){"use strict";n.r(e),n(16);var r=function(t){var e=t.split("/").pop(),n=function(t){var e;return"function"==typeof window.Event?e=new Event(t):document.createEvent&&(e=document.createEvent("Event")).initEvent(t,!0,!0),e}("".concat(e,":loaded"));window.dispatchEvent(n)},o=function(t,e){for(;t[e[0]];){var n=e.shift();t[n].executed||(t[n].callback(),t[n].executed=!0,r(n))}},i=function(){return"currentScript"in document},u=function t(e,n,i,u){var c=(e.target||e.srcElement).getAttribute("src");n[c].removeEventListener("load",t),n[c].setAttribute("data-loaded","true"),i[c]||(i[c]={executed:!0},r(c)),delete n[c],o(i,u)},c=function(t,e,n,r){var o=function(){var t=document.createElement("script");return t.setAttribute("data-loaded","false"),t.type="text/javascript",t.charset="utf-8",t.async=i(),t}();return o.addEventListener("load",function(t){u(t,e,n,r)}),e[t]=o,o.src=t,e[t]};function a(t){var e=t.target||t.srcElement;e.setAttribute("media","all"),e.removeEventListener("load",a)}var l=function(){var t=document.getElementById("deferred-styles");if(t){var e=document.createElement("div");e.innerHTML=t.textContent;for(var n=e.getElementsByTagName("link"),r=0;r<n.length;r+=1)n[r].setAttribute("media","gertcha"),n[r].addEventListener("load",a);document.body.appendChild(e),t.parentElement.removeChild(t)}};n.d(e,"addDependencyQueue",function(){return g}),n.d(e,"_init",function(){return x}),n.d(e,"hasCurrentScript",function(){return i});var f={},s=[],p={},d=document.getElementsByTagName("head")[0];function v(t){var e=document.currentScript||v.currentScript;if(e){var n=e&&e.getAttribute("src");f[n]||(f[n]={callback:t,executed:!1}),o(f,s)}}function g(t){for(var e=0,n=t.length;e<n;e+=1){var r=t[e];if(!f[r]&&!p[r]){s.push(r);var o=c(r,p,f,s);d.appendChild(o)}}}function h(t){for(var e=0;e<t.length;e+=1)t[e]&&g(JSON.parse(t[e].innerHTML))}function y(){h(document.body.querySelectorAll("script[data-dependencies=deferred]")),requestAnimationFrame(l)}function x(){"loading"===document.readyState?document.addEventListener("DOMContentLoaded",y):y()}i()||Object.defineProperty(v,"currentScript",{get:function(){return d.querySelectorAll("script[data-loaded=false]")[0]}}),h(d.querySelectorAll("script[data-dependencies=immediate]")),window.addEventListener("load",function(){h(document.body.querySelectorAll("script[data-dependencies=late]"))}),x(),window.gertcha=v,v.addDependencyQueue=g,e.default=v}]));window.dataLayer = [{'cookiePreferences': JSON.parse(document.getElementById('cookiePreferences').innerText),'env':'container-prd','gtm.start':Date.now(),'event':'gtm.js'}];</script>
  <style data-styled="active" data-styled-version="5.3.3"></style>
<script data-loaded="true" type="text/javascript" charset="utf-8" async="" src="./tesco_html_brand_food_cupboard_files/UK-554ab7b42e.en-GB.js.download"></script><script data-loaded="true" type="text/javascript" charset="utf-8" async="" src="./tesco_html_brand_food_cupboard_files/static-vendor.bundle.07a529d39fa55b5a4b98.js.download"></script><script data-loaded="true" type="text/javascript" charset="utf-8" async="" src="./tesco_html_brand_food_cupboard_files/static-common.bundle.926c5e26d972ffce7b3f.js.download"></script><script data-loaded="true" type="text/javascript" charset="utf-8" async="" src="./tesco_html_brand_food_cupboard_files/static-home.bundle.a487dcec2e34f1f1438c.js.download"></script><script data-loaded="true" type="text/javascript" charset="utf-8" async="" src="./tesco_html_brand_food_cupboard_files/gtm.js.download"></script><script data-loaded="true" type="text/javascript" charset="utf-8" async="" src="./tesco_html_brand_food_cupboard_files/gpt.js.download"></script><meta http-equiv="origin-trial" content="Az6AfRvI8mo7yiW5fLfj04W21t0ig6aMsGYpIqMTaX60H+b0DkO1uDr+7BrzMcimWzv/X7SXR8jI+uvbV0IJlwYAAACFeyJvcmlnaW4iOiJodHRwczovL2RvdWJsZWNsaWNrLm5ldDo0NDMiLCJmZWF0dXJlIjoiUHJpdmFjeVNhbmRib3hBZHNBUElzIiwiZXhwaXJ5IjoxNjgwNjUyNzk5LCJpc1N1YmRvbWFpbiI6dHJ1ZSwiaXNUaGlyZFBhcnR5Ijp0cnVlfQ=="><meta http-equiv="origin-trial" content="A+USTya+tNvDPaxUgJooz+LaVk5hPoAxpLvSxjogX4Mk8awCTQ9iop6zJ9d5ldgU7WmHqBlnQB41LHHRFxoaBwoAAACLeyJvcmlnaW4iOiJodHRwczovL2dvb2dsZXN5bmRpY2F0aW9uLmNvbTo0NDMiLCJmZWF0dXJlIjoiUHJpdmFjeVNhbmRib3hBZHNBUElzIiwiZXhwaXJ5IjoxNjgwNjUyNzk5LCJpc1N1YmRvbWFpbiI6dHJ1ZSwiaXNUaGlyZFBhcnR5Ijp0cnVlfQ=="><meta http-equiv="origin-trial" content="A7FovoGr67TUBYbnY+Z0IKoJbbmRmB8fCyirUGHavNDtD91CiGyHHSA2hDG9r9T3NjUKFi6egL3RbgTwhhcVDwUAAACLeyJvcmlnaW4iOiJodHRwczovL2dvb2dsZXRhZ3NlcnZpY2VzLmNvbTo0NDMiLCJmZWF0dXJlIjoiUHJpdmFjeVNhbmRib3hBZHNBUElzIiwiZXhwaXJ5IjoxNjgwNjUyNzk5LCJpc1N1YmRvbWFpbiI6dHJ1ZSwiaXNUaGlyZFBhcnR5Ijp0cnVlfQ=="><script src="./tesco_html_brand_food_cupboard_files/pubads_impl_2022111501.js.download" nonce="" async=""></script><script id="gtagScr" src="./tesco_html_brand_food_cupboard_files/js"></script><script charset="utf-8" src="./tesco_html_brand_food_cupboard_files/dynamic-categories.bundle.5a23f8dba2adf509e32b.js.download"></script><meta name="robots" content="index"></head>
<body id="data-attributes" data-language="en-GB" data-page="spa.js" data-app-name="prd" data-assets="{&quot;\u002Fimages\u002FHP_newuser_1.png&quot;:&quot;\u002Fimages\u002FHP_newuser_1-49fe2a5008.png&quot;,&quot;\u002Fimages\u002FHP_newuser_2.png&quot;:&quot;\u002Fimages\u002FHP_newuser_2-8954c4520e.png&quot;,&quot;\u002Fimages\u002FHP_newuser_3.png&quot;:&quot;\u002Fimages\u002FHP_newuser_3-96bc33ae4d.png&quot;,&quot;\u002Fimages\u002FHP_newuser_browse.png&quot;:&quot;\u002Fimages\u002FHP_newuser_browse-16d489042d.png&quot;,&quot;\u002Fimages\u002FHP_newuser_div.png&quot;:&quot;\u002Fimages\u002FHP_newuser_div-524b95e70d.png&quot;,&quot;\u002Fimages\u002FHP_newuser_pay.png&quot;:&quot;\u002Fimages\u002FHP_newuser_pay-577f94bf07.png&quot;,&quot;\u002Fimages\u002FHP_newuser_slot.png&quot;:&quot;\u002Fimages\u002FHP_newuser_slot-635faa26be.png&quot;,&quot;\u002Fimages\u002Fapple_contextcards.png&quot;:&quot;\u002Fimages\u002Fapple_contextcards-505ee64a75.png&quot;,&quot;\u002Fimages\u002Fbarbecue.jpg&quot;:&quot;\u002Fimages\u002Fbarbecue-3dfdb51489.jpg&quot;,&quot;\u002Fimages\u002Fbasket_icon.png&quot;:&quot;\u002Fimages\u002Fbasket_icon-32a5b5366f.png&quot;,&quot;\u002Fimages\u002Fbasket_icon.svg&quot;:&quot;\u002Fimages\u002Fbasket_icon-d551d82ae9.svg&quot;,&quot;\u002Fimages\u002Fboil.jpg&quot;:&quot;\u002Fimages\u002Fboil-bb437ff173.jpg&quot;,&quot;\u002Fimages\u002Fboil_bag.jpg&quot;:&quot;\u002Fimages\u002Fboil_bag-cb1abb96a9.jpg&quot;,&quot;\u002Fimages\u002Fbook_collection.png&quot;:&quot;\u002Fimages\u002Fbook_collection-27c9b8a110.png&quot;,&quot;\u002Fimages\u002Fbroken_eggs.png&quot;:&quot;\u002Fimages\u002Fbroken_eggs-261bc9a1d5.png&quot;,&quot;\u002Fimages\u002Fcherries.jpg&quot;:&quot;\u002Fimages\u002Fcherries-a9aa59cd06.jpg&quot;,&quot;\u002Fimages\u002Fcoffee_1.jpg&quot;:&quot;\u002Fimages\u002Fcoffee_1-2aabb3766a.jpg&quot;,&quot;\u002Fimages\u002Fcoffee_2.jpg&quot;:&quot;\u002Fimages\u002Fcoffee_2-8446fc55d2.jpg&quot;,&quot;\u002Fimages\u002Fcoffee_3.jpg&quot;:&quot;\u002Fimages\u002Fcoffee_3-185849a734.jpg&quot;,&quot;\u002Fimages\u002Fcoffee_4.jpg&quot;:&quot;\u002Fimages\u002Fcoffee_4-45ee1672ac.jpg&quot;,&quot;\u002Fimages\u002Fcoffee_5.jpg&quot;:&quot;\u002Fimages\u002Fcoffee_5-610a6325be.jpg&quot;,&quot;\u002Fimages\u002Fcogs.png&quot;:&quot;\u002Fimages\u002Fcogs-57335b794c.png&quot;,&quot;\u002Fimages\u002Fcollection_header.png&quot;:&quot;\u002Fimages\u002Fcollection_header-7f3c9dd017.png&quot;,&quot;\u002Fimages\u002Fcollection_step1.jpg&quot;:&quot;\u002Fimages\u002Fcollection_step1-8b062e06d3.jpg&quot;,&quot;\u002Fimages\u002Fcollection_step2.jpg&quot;:&quot;\u002Fimages\u002Fcollection_step2-35aa5b664f.jpg&quot;,&quot;\u002Fimages\u002Fcollection_step3.jpg&quot;:&quot;\u002Fimages\u002Fcollection_step3-001c9c3a84.jpg&quot;,&quot;\u002Fimages\u002Fcollection_step4.jpg&quot;:&quot;\u002Fimages\u002Fcollection_step4-1b3c493b88.jpg&quot;,&quot;\u002Fimages\u002Fdbd-registered.png&quot;:&quot;\u002Fimages\u002Fdbd-registered-1b8c83e84f.png&quot;,&quot;\u002Fimages\u002Fdeep_fry.jpg&quot;:&quot;\u002Fimages\u002Fdeep_fry-59e4d19c3b.jpg&quot;,&quot;\u002Fimages\u002Fdefault-image.png&quot;:&quot;\u002Fimages\u002Fdefault-image-c2ed3e2419.png&quot;,&quot;\u002Fimages\u002Fdefrost.jpg&quot;:&quot;\u002Fimages\u002Fdefrost-755e6e640f.jpg&quot;,&quot;\u002Fimages\u002Fdelivery_header.png&quot;:&quot;\u002Fimages\u002Fdelivery_header-18b6f2faef.png&quot;,&quot;\u002Fimages\u002Fdirect-marketing.png&quot;:&quot;\u002Fimages\u002Fdirect-marketing-074cdccbb0.png&quot;,&quot;\u002Fimages\u002Fdolphin_friendly.jpg&quot;:&quot;\u002Fimages\u002Fdolphin_friendly-124c28bb1a.jpg&quot;,&quot;\u002Fimages\u002Feuro-promo-bubble.png&quot;:&quot;\u002Fimages\u002Feuro-promo-bubble-cc0b9919eb.png&quot;,&quot;\u002Fimages\u002Fgiab_book_collection.png&quot;:&quot;\u002Fimages\u002Fgiab_book_collection-27c9b8a110.png&quot;,&quot;\u002Fimages\u002Fgradient.png&quot;:&quot;\u002Fimages\u002Fgradient-197811737f.png&quot;,&quot;\u002Fimages\u002Fgreen-point.png&quot;:&quot;\u002Fimages\u002Fgreen-point-cf3ca5d09d.png&quot;,&quot;\u002Fimages\u002Fgreen-point_grey-bg.png&quot;:&quot;\u002Fimages\u002Fgreen-point_grey-bg-c861ebb31d.png&quot;,&quot;\u002Fimages\u002Fgrey-point.png&quot;:&quot;\u002Fimages\u002Fgrey-point-bd795b8979.png&quot;,&quot;\u002Fimages\u002Fgrey-point_grey-bg.png&quot;:&quot;\u002Fimages\u002Fgrey-point_grey-bg-31f632b2a8.png&quot;,&quot;\u002Fimages\u002Fgrill.jpg&quot;:&quot;\u002Fimages\u002Fgrill-0daa649260.jpg&quot;,&quot;\u002Fimages\u002Fheader-banner.jpg&quot;:&quot;\u002Fimages\u002Fheader-banner-6c69dbe105.jpg&quot;,&quot;\u002Fimages\u002Fhob.jpg&quot;:&quot;\u002Fimages\u002Fhob-a173911a57.jpg&quot;,&quot;\u002Fimages\u002Fhot_curry.jpg&quot;:&quot;\u002Fimages\u002Fhot_curry-f7593b9696.jpg&quot;,&quot;\u002Fimages\u002Fimage_tomato.png&quot;:&quot;\u002Fimages\u002Fimage_tomato-97d2cff0c0.png&quot;,&quot;\u002Fimages\u002Fimage_tomato@2x.png&quot;:&quot;\u002Fimages\u002Fimage_tomato@2x-0e16be613d.png&quot;,&quot;\u002Fimages\u002Finspirational-content\u002Ftray-bake.jpg&quot;:&quot;\u002Fimages\u002Finspirational-content\u002Ftray-bake-b63acc2dd0.jpg&quot;,&quot;\u002Fimages\u002Fkosher.jpg&quot;:&quot;\u002Fimages\u002Fkosher-ab0a67484e.jpg&quot;,&quot;\u002Fimages\u002Flogo-authorised-seller-medicines.jpg&quot;:&quot;\u002Fimages\u002Flogo-authorised-seller-medicines-73c1865e7c.jpg&quot;,&quot;\u002Fimages\u002Flow_fat.jpg&quot;:&quot;\u002Fimages\u002Flow_fat-c0b589aa82.jpg&quot;,&quot;\u002Fimages\u002Flow_gi.jpg&quot;:&quot;\u002Fimages\u002Flow_gi-0af81a4e2f.jpg&quot;,&quot;\u002Fimages\u002Flow_salt.jpg&quot;:&quot;\u002Fimages\u002Flow_salt-0ac4aeb027.jpg&quot;,&quot;\u002Fimages\u002Flow_saturates.jpg&quot;:&quot;\u002Fimages\u002Flow_saturates-443bfdad24.jpg&quot;,&quot;\u002Fimages\u002Fmanvan.png&quot;:&quot;\u002Fimages\u002Fmanvan-33ee5bc635.png&quot;,&quot;\u002Fimages\u002Fmature_cheese.jpg&quot;:&quot;\u002Fimages\u002Fmature_cheese-111779e7a3.jpg&quot;,&quot;\u002Fimages\u002Fmedicine.png&quot;:&quot;\u002Fimages\u002Fmedicine-1d03ae5ff9.png&quot;,&quot;\u002Fimages\u002Fmedium_cheese.jpg&quot;:&quot;\u002Fimages\u002Fmedium_cheese-b8727ad0e7.jpg&quot;,&quot;\u002Fimages\u002Fmedium_curry.jpg&quot;:&quot;\u002Fimages\u002Fmedium_curry-730c7027c8.jpg&quot;,&quot;\u002Fimages\u002Fmedium_gi.jpg&quot;:&quot;\u002Fimages\u002Fmedium_gi-4920aae03e.jpg&quot;,&quot;\u002Fimages\u002Fmicrowave.jpg&quot;:&quot;\u002Fimages\u002Fmicrowave-6cace97efc.jpg&quot;,&quot;\u002Fimages\u002Fmicrowave_bag.jpg&quot;:&quot;\u002Fimages\u002Fmicrowave_bag-4b61fb6e06.jpg&quot;,&quot;\u002Fimages\u002Fmicrowave_tray.jpg&quot;:&quot;\u002Fimages\u002Fmicrowave_tray-95a85d5c00.jpg&quot;,&quot;\u002Fimages\u002Fmild_cheese.jpg&quot;:&quot;\u002Fimages\u002Fmild_cheese-69c5c5542a.jpg&quot;,&quot;\u002Fimages\u002Fmild_curry.jpg&quot;:&quot;\u002Fimages\u002Fmild_curry-5943fbf8c7.jpg&quot;,&quot;\u002Fimages\u002Fmsc.jpg&quot;:&quot;\u002Fimages\u002Fmsc-bfcfc05378.jpg&quot;,&quot;\u002Fimages\u002Fno-image.jpg&quot;:&quot;\u002Fimages\u002Fno-image-af90cc3673.jpg&quot;,&quot;\u002Fimages\u002Forange-point.png&quot;:&quot;\u002Fimages\u002Forange-point-785bafd1d7.png&quot;,&quot;\u002Fimages\u002Forange-point_grey-bg.png&quot;:&quot;\u002Fimages\u002Forange-point_grey-bg-5c3d4e6b0a.png&quot;,&quot;\u002Fimages\u002Fout-of-catchment\u002Fblurred-desktop.jpg&quot;:&quot;\u002Fimages\u002Fout-of-catchment\u002Fblurred-desktop-6ff2f8ba47.jpg&quot;,&quot;\u002Fimages\u002Fout-of-catchment\u002Fblurred-mobile.jpg&quot;:&quot;\u002Fimages\u002Fout-of-catchment\u002Fblurred-mobile-63b83d8d0d.jpg&quot;,&quot;\u002Fimages\u002Fout-of-catchment\u002Fblurred-tablet.jpg&quot;:&quot;\u002Fimages\u002Fout-of-catchment\u002Fblurred-tablet-6f19611880.jpg&quot;,&quot;\u002Fimages\u002Foven.jpg&quot;:&quot;\u002Fimages\u002Foven-62af8dda97.jpg&quot;,&quot;\u002Fimages\u002Foven_frozen.jpg&quot;:&quot;\u002Fimages\u002Foven_frozen-11933107c8.jpg&quot;,&quot;\u002Fimages\u002Fperfect_cook_timer.jpg&quot;:&quot;\u002Fimages\u002Fperfect_cook_timer-08584d05eb.jpg&quot;,&quot;\u002Fimages\u002Fred_tractor.jpg&quot;:&quot;\u002Fimages\u002Fred_tractor-f62d366f99.jpg&quot;,&quot;\u002Fimages\u002Freduced_fat.jpg&quot;:&quot;\u002Fimages\u002Freduced_fat-a495f24be0.jpg&quot;,&quot;\u002Fimages\u002Freduced_salt.jpg&quot;:&quot;\u002Fimages\u002Freduced_salt-74d228ddbd.jpg&quot;,&quot;\u002Fimages\u002Freduced_saturates.jpg&quot;:&quot;\u002Fimages\u002Freduced_saturates-17ed36057e.jpg&quot;,&quot;\u002Fimages\u002Fsadphone.png&quot;:&quot;\u002Fimages\u002Fsadphone-bcfc997261.png&quot;,&quot;\u002Fimages\u002Fsamples\u002FTH-live-chat.png&quot;:&quot;\u002Fimages\u002Fsamples\u002FTH-live-chat-eb75bdacbb.png&quot;,&quot;\u002Fimages\u002Fsamples\u002Fbaby.jpg&quot;:&quot;\u002Fimages\u002Fsamples\u002Fbaby-e9d81c8545.jpg&quot;,&quot;\u002Fimages\u002Fsamples\u002Fbest-sellers.jpg&quot;:&quot;\u002Fimages\u002Fsamples\u002Fbest-sellers-d43a871886.jpg&quot;,&quot;\u002Fimages\u002Fsamples\u002Fbroccoli.jpg&quot;:&quot;\u002Fimages\u002Fsamples\u002Fbroccoli-fd53f37acb.jpg&quot;,&quot;\u002Fimages\u002Fsamples\u002Fclubcard-icon.png&quot;:&quot;\u002Fimages\u002Fsamples\u002Fclubcard-icon-6d0af67bae.png&quot;,&quot;\u002Fimages\u002Fsamples\u002Fdelivery.jpg&quot;:&quot;\u002Fimages\u002Fsamples\u002Fdelivery-d7f137b380.jpg&quot;,&quot;\u002Fimages\u002Fsamples\u002Fdrinks-large.jpg&quot;:&quot;\u002Fimages\u002Fsamples\u002Fdrinks-large-0e6b8dd8b8.jpg&quot;,&quot;\u002Fimages\u002Fsamples\u002Ffood-cupboard.jpg&quot;:&quot;\u002Fimages\u002Fsamples\u002Ffood-cupboard-db40bca55f.jpg&quot;,&quot;\u002Fimages\u002Fsamples\u002Ffresh-food.jpg&quot;:&quot;\u002Fimages\u002Fsamples\u002Ffresh-food-27d4db8d8c.jpg&quot;,&quot;\u002Fimages\u002Fsamples\u002Fguide-price.png&quot;:&quot;\u002Fimages\u002Fsamples\u002Fguide-price-e2bfd5d7ff.png&quot;,&quot;\u002Fimages\u002Fsamples\u002Fhealth-and-beauty.jpg&quot;:&quot;\u002Fimages\u002Fsamples\u002Fhealth-and-beauty-a0f002bb40.jpg&quot;,&quot;\u002Fimages\u002Fsamples\u002Fhealth-beauty-large.jpg&quot;:&quot;\u002Fimages\u002Fsamples\u002Fhealth-beauty-large-3d3ada94fd.jpg&quot;,&quot;\u002Fimages\u002Fsamples\u002Fhousehold.jpg&quot;:&quot;\u002Fimages\u002Fsamples\u002Fhousehold-bb49fd8eeb.jpg&quot;,&quot;\u002Fimages\u002Fsamples\u002Ficon-clickcollect.png&quot;:&quot;\u002Fimages\u002Fsamples\u002Ficon-clickcollect-5a9bf98524.png&quot;,&quot;\u002Fimages\u002Fsamples\u002Ficon-clickcollect.svg&quot;:&quot;\u002Fimages\u002Fsamples\u002Ficon-clickcollect-ebc1a8c432.svg&quot;,&quot;\u002Fimages\u002Fsamples\u002Fimage-unavailable-placeholder-300316.jpg&quot;:&quot;\u002Fimages\u002Fsamples\u002Fimage-unavailable-placeholder-300316-f5410830e5.jpg&quot;,&quot;\u002Fimages\u002Fsamples\u002Fimage-unavailable-placeholder-example.png&quot;:&quot;\u002Fimages\u002Fsamples\u002Fimage-unavailable-placeholder-example-2e0c3ec0c4.png&quot;,&quot;\u002Fimages\u002Fsamples\u002Flabel-icon-red.png&quot;:&quot;\u002Fimages\u002Fsamples\u002Flabel-icon-red-d68988b4e0.png&quot;,&quot;\u002Fimages\u002Fsamples\u002Flabel-icon.png&quot;:&quot;\u002Fimages\u002Fsamples\u002Flabel-icon-83ae1f30a5.png&quot;,&quot;\u002Fimages\u002Fsamples\u002Fman-with-basket.png&quot;:&quot;\u002Fimages\u002Fsamples\u002Fman-with-basket-8c8cccc39f.png&quot;,&quot;\u002Fimages\u002Fsamples\u002Forganic.jpg&quot;:&quot;\u002Fimages\u002Fsamples\u002Forganic-e63bae251c.jpg&quot;,&quot;\u002Fimages\u002Fsamples\u002Fpets.jpg&quot;:&quot;\u002Fimages\u002Fsamples\u002Fpets-e5182b3b78.jpg&quot;,&quot;\u002Fimages\u002Fsamples\u002Fpicnic.jpg&quot;:&quot;\u002Fimages\u002Fsamples\u002Fpicnic-3e487bcda8.jpg&quot;,&quot;\u002Fimages\u002Fsamples\u002Fping.png&quot;:&quot;\u002Fimages\u002Fsamples\u002Fping-ccfcd5b1ef.png&quot;,&quot;\u002Fimages\u002Fsamples\u002Fproducts.png&quot;:&quot;\u002Fimages\u002Fsamples\u002Fproducts-e08b0479a8.png&quot;,&quot;\u002Fimages\u002Fsamples\u002Fpromotions-large-tomatoes.jpg&quot;:&quot;\u002Fimages\u002Fsamples\u002Fpromotions-large-tomatoes-7986a30124.jpg&quot;,&quot;\u002Fimages\u002Fsamples\u002Fready-meals.jpg&quot;:&quot;\u002Fimages\u002Fsamples\u002Fready-meals-4a029e41c8.jpg&quot;,&quot;\u002Fimages\u002Fsamples\u002Fslider\u002FFreshMeat.jpg&quot;:&quot;\u002Fimages\u002Fsamples\u002Fslider\u002FFreshMeat-ad0a01af37.jpg&quot;,&quot;\u002Fimages\u002Fsamples\u002Fslider\u002FReadyMeal.jpg&quot;:&quot;\u002Fimages\u002Fsamples\u002Fslider\u002FReadyMeal-21043b14c8.jpg&quot;,&quot;\u002Fimages\u002Fsamples\u002Fslider\u002FYogurt.jpg&quot;:&quot;\u002Fimages\u002Fsamples\u002Fslider\u002FYogurt-7653a41d7d.jpg&quot;,&quot;\u002Fimages\u002Fsamples\u002Fslider\u002Fsalad.jpg&quot;:&quot;\u002Fimages\u002Fsamples\u002Fslider\u002Fsalad-021375c93c.jpg&quot;,&quot;\u002Fimages\u002Fsamples\u002Ftesco-brand.jpg&quot;:&quot;\u002Fimages\u002Fsamples\u002Ftesco-brand-59608c38d1.jpg&quot;,&quot;\u002Fimages\u002Fsamples\u002Ftruck-tesco-logo.png&quot;:&quot;\u002Fimages\u002Fsamples\u002Ftruck-tesco-logo-0302f48739.png&quot;,&quot;\u002Fimages\u002Fsamples\u002Fyellow_arrow_down.png&quot;:&quot;\u002Fimages\u002Fsamples\u002Fyellow_arrow_down-2e71d59753.png&quot;,&quot;\u002Fimages\u002Fshallow_fry.jpg&quot;:&quot;\u002Fimages\u002Fshallow_fry-b9e26b3bcf.jpg&quot;,&quot;\u002Fimages\u002Fsimmer.jpg&quot;:&quot;\u002Fimages\u002Fsimmer-79caa9fee4.jpg&quot;,&quot;\u002Fimages\u002Fslots-hub\u002Fapple_@2x.png&quot;:&quot;\u002Fimages\u002Fslots-hub\u002Fapple_@2x-673aebfddc.png&quot;,&quot;\u002Fimages\u002Fslots-hub\u002Fapple_normal.png&quot;:&quot;\u002Fimages\u002Fslots-hub\u002Fapple_normal-c2db227686.png&quot;,&quot;\u002Fimages\u002Fslots-hub\u002Fcollection_@2x.png&quot;:&quot;\u002Fimages\u002Fslots-hub\u002Fcollection_@2x-1e807b1ee0.png&quot;,&quot;\u002Fimages\u002Fslots-hub\u002Fcollection_normal.png&quot;:&quot;\u002Fimages\u002Fslots-hub\u002Fcollection_normal-26a196d0b5.png&quot;,&quot;\u002Fimages\u002Fslots-hub\u002Fdelivery_normal.png&quot;:&quot;\u002Fimages\u002Fslots-hub\u002Fdelivery_normal-a249611624.png&quot;,&quot;\u002Fimages\u002Fslots-hub\u002Fdelivery_van@2x.png&quot;:&quot;\u002Fimages\u002Fslots-hub\u002Fdelivery_van@2x-a47060a442.png&quot;,&quot;\u002Fimages\u002Fslots-hub\u002Ffree_trial.png&quot;:&quot;\u002Fimages\u002Fslots-hub\u002Ffree_trial-4209f25f2a.png&quot;,&quot;\u002Fimages\u002Fslots-hub\u002Ffree_trial_2x.png&quot;:&quot;\u002Fimages\u002Fslots-hub\u002Ffree_trial_2x-2ae4d3804c.png&quot;,&quot;\u002Fimages\u002Fslots-hub\u002Fie\u002Fdelivery_van@2x.png&quot;:&quot;\u002Fimages\u002Fslots-hub\u002Fie\u002Fdelivery_van@2x-6e7bf3e7ba.png&quot;,&quot;\u002Fimages\u002Fslots-hub\u002Fmotorcycle@2x.png&quot;:&quot;\u002Fimages\u002Fslots-hub\u002Fmotorcycle@2x-7eccc617aa.png&quot;,&quot;\u002Fimages\u002Fslots-hub\u002Fondemand-whoosh@2x.png&quot;:&quot;\u002Fimages\u002Fslots-hub\u002Fondemand-whoosh@2x-567b31e8e8.png&quot;,&quot;\u002Fimages\u002Fslots-hub\u002Fondemandcollection-whoosh@2x.png&quot;:&quot;\u002Fimages\u002Fslots-hub\u002Fondemandcollection-whoosh@2x-7e0ef87982.png&quot;,&quot;\u002Fimages\u002Fslots-hub\u002Fprice-free.png&quot;:&quot;\u002Fimages\u002Fslots-hub\u002Fprice-free-18ebd82c03.png&quot;,&quot;\u002Fimages\u002Fslots-hub\u002Fprice-from.png&quot;:&quot;\u002Fimages\u002Fslots-hub\u002Fprice-from-5e4a19c30f.png&quot;,&quot;\u002Fimages\u002Fsteam.jpg&quot;:&quot;\u002Fimages\u002Fsteam-734da45ed2.jpg&quot;,&quot;\u002Fimages\u002Fstir_fry.jpg&quot;:&quot;\u002Fimages\u002Fstir_fry-d490111a66.jpg&quot;,&quot;\u002Fimages\u002Fsuitable_for_home_freezing.jpg&quot;:&quot;\u002Fimages\u002Fsuitable_for_home_freezing-7278624a1a.jpg&quot;,&quot;\u002Fimages\u002Ftea_1.jpg&quot;:&quot;\u002Fimages\u002Ftea_1-f4e695c3b4.jpg&quot;,&quot;\u002Fimages\u002Ftea_2.jpg&quot;:&quot;\u002Fimages\u002Ftea_2-bbdc4c8abe.jpg&quot;,&quot;\u002Fimages\u002Ftea_3.jpg&quot;:&quot;\u002Fimages\u002Ftea_3-724adb9c61.jpg&quot;,&quot;\u002Fimages\u002Ftea_4.jpg&quot;:&quot;\u002Fimages\u002Ftea_4-c32f58cd7f.jpg&quot;,&quot;\u002Fimages\u002Ftea_5.jpg&quot;:&quot;\u002Fimages\u002Ftea_5-5b68628c35.jpg&quot;,&quot;\u002Fimages\u002Ftesco_logo.png&quot;:&quot;\u002Fimages\u002Ftesco_logo-7fdd0f8480.png&quot;,&quot;\u002Fimages\u002Ftoast.jpg&quot;:&quot;\u002Fimages\u002Ftoast-1a28be72db.jpg&quot;,&quot;\u002Fimages\u002Fvegan.jpg&quot;:&quot;\u002Fimages\u002Fvegan-7bf83082ad.jpg&quot;,&quot;\u002Fimages\u002Fvegetarian.jpg&quot;:&quot;\u002Fimages\u002Fvegetarian-8abf6db5ad.jpg&quot;,&quot;\u002Fimages\u002Fwaiting-room.jpg&quot;:&quot;\u002Fimages\u002Fwaiting-room-2e019bd025.jpg&quot;,&quot;\u002Fimages\u002Fwine_1.jpg&quot;:&quot;\u002Fimages\u002Fwine_1-65cb457a59.jpg&quot;,&quot;\u002Fimages\u002Fwine_2.jpg&quot;:&quot;\u002Fimages\u002Fwine_2-3bba8cd58a.jpg&quot;,&quot;\u002Fimages\u002Fwine_3.jpg&quot;:&quot;\u002Fimages\u002Fwine_3-69cf95bf91.jpg&quot;,&quot;\u002Fimages\u002Fwine_4.jpg&quot;:&quot;\u002Fimages\u002Fwine_4-3c04211129.jpg&quot;,&quot;\u002Fimages\u002Fwine_5.jpg&quot;:&quot;\u002Fimages\u002Fwine_5-d497b4f04e.jpg&quot;,&quot;\u002Fimages\u002Fwine_6.jpg&quot;:&quot;\u002Fimages\u002Fwine_6-182b494026.jpg&quot;,&quot;\u002Fimages\u002Fwine_7.jpg&quot;:&quot;\u002Fimages\u002Fwine_7-49b82728f3.jpg&quot;,&quot;\u002Fimages\u002Fwine_8.jpg&quot;:&quot;\u002Fimages\u002Fwine_8-01de558a33.jpg&quot;,&quot;\u002Fimages\u002Fwine_a.jpg&quot;:&quot;\u002Fimages\u002Fwine_a-981caeb691.jpg&quot;,&quot;\u002Fimages\u002Fwine_b.jpg&quot;:&quot;\u002Fimages\u002Fwine_b-31be5a1750.jpg&quot;,&quot;\u002Fimages\u002Fwine_c.jpg&quot;:&quot;\u002Fimages\u002Fwine_c-031a0b27eb.jpg&quot;,&quot;\u002Fimages\u002Fwine_d.jpg&quot;:&quot;\u002Fimages\u002Fwine_d-2488cb3701.jpg&quot;,&quot;\u002Fimages\u002Fwine_e.jpg&quot;:&quot;\u002Fimages\u002Fwine_e-613120eb78.jpg&quot;,&quot;\u002Fimages\u002Fxmas-buylist-modal\u002FChristmas-Food-Phase3-sides.jpg&quot;:&quot;\u002Fimages\u002Fxmas-buylist-modal\u002FChristmas-Food-Phase3-sides-a085cb55cb.jpg&quot;,&quot;\u002Fimages\u002Fxmas-buylist-modal\u002FChristmas-Food-Phase3-turkey.jpg&quot;:&quot;\u002Fimages\u002Fxmas-buylist-modal\u002FChristmas-Food-Phase3-turkey-dec4d2643f.jpg&quot;,&quot;\u002Fimages\u002Fxmas-buylist-modal\u002FCracklingGammonJointMapleBourbonGlaze.jpg&quot;:&quot;\u002Fimages\u002Fxmas-buylist-modal\u002FCracklingGammonJointMapleBourbonGlaze-7e260b6c21.jpg&quot;,&quot;\u002Fimages\u002Fxmas-buylist-modal\u002FFinestChocolateOrangeGingerCake_Option_3.jpg&quot;:&quot;\u002Fimages\u002Fxmas-buylist-modal\u002FFinestChocolateOrangeGingerCake_Option_3-520a64c607.jpg&quot;,&quot;\u002Fimages\u002Fxmas-buylist-modal\u002FFinestChristmasDinnerfor2.jpg&quot;:&quot;\u002Fimages\u002Fxmas-buylist-modal\u002FFinestChristmasDinnerfor2-01a3b10f08.jpg&quot;,&quot;\u002Fimages\u002Fxmas-buylist-modal\u002FTesco_Easy_Carve_Lamb_Shoulder_with_Wild_Garlic.jpg&quot;:&quot;\u002Fimages\u002Fxmas-buylist-modal\u002FTesco_Easy_Carve_Lamb_Shoulder_with_Wild_Garlic-ea6767c6e2.jpg&quot;,&quot;\u002Fscripts\u002Fforesee-config.js&quot;:&quot;\u002Fscripts\u002Fforesee-config-5f1688d2fc.js&quot;,&quot;\u002Fstyles\u002Ficons\u002Fsprites\u002Fpng\u002Fpayment-icons.png&quot;:&quot;\u002Fstyles\u002Ficons\u002Fsprites\u002Fpng\u002Fpayment-icons-afc1809efb.png&quot;,&quot;\u002Fstyles\u002Ficons\u002Fsprites\u002Fsvg\u002Fhazardous-icons.svg&quot;:&quot;\u002Fstyles\u002Ficons\u002Fsprites\u002Fsvg\u002Fhazardous-icons-f8a76d4f0d.svg&quot;}" data-device="{&quot;userAgent&quot;:&quot;Mozilla\u002F5.0 (Windows NT 10.0; Win64; x64) AppleWebKit\u002F537.36 (KHTML, like Gecko) Chrome\u002F107.0.0.0 Safari\u002F537.36&quot;,&quot;cutsMustard&quot;:true,&quot;showBrowserWarning&quot;:false,&quot;isStockAndroid&quot;:false,&quot;isOldAndroid&quot;:false,&quot;deviceType&quot;:&quot;desktop&quot;,&quot;browserType&quot;:&quot;Chrome&quot;,&quot;operatingSystem&quot;:&quot;Windows&quot;,&quot;operatingSystemMajorVersion&quot;:10,&quot;osName&quot;:&quot;Windows&quot;,&quot;osMajorVersion&quot;:&quot;10&quot;,&quot;browserVersion&quot;:&quot;107&quot;}" data-csrf-token="92xA6FXg-W2XHhQLLDKqjWuqmpStG0svGR_s" data-environment="container" data-features="{&quot;includeFulfilmentOptions&quot;:true,&quot;bypassOptimizelyAndUseFirstNonDefaultVariant&quot;:false,&quot;bypassOptimizelyAndUseDefaultVariant&quot;:false,&quot;GDPRCompliance&quot;:true,&quot;forceFallbackHomePageData&quot;:false,&quot;showSlotsHub&quot;:true,&quot;eventsPage&quot;:true,&quot;feedbackLinks&quot;:true,&quot;foresee&quot;:true,&quot;multiSearchEnabled&quot;:true,&quot;optimizelyEnabled&quot;:true,&quot;debugExperiments&quot;:false,&quot;useEmailWhitelist&quot;:true,&quot;useUpdatedServiceChargeLabels&quot;:true,&quot;allowMultipleAddresses&quot;:true,&quot;dfpProductList&quot;:true,&quot;showShelfLifeInfo&quot;:true,&quot;showPickerNotes&quot;:true,&quot;showLineItemSubstitutionPreference&quot;:true,&quot;enableSubstitutionPreferences&quot;:true,&quot;enableLifestyleAndDietaryProductFilters&quot;:true,&quot;enableRatingsReviewsSubmission&quot;:true,&quot;enableRatingsReviewsListing&quot;:true,&quot;enableVatInvoice&quot;:false,&quot;displayNewFulfilmentUI&quot;:true,&quot;enableWismo&quot;:true,&quot;enableLoginUsingMobileNumber&quot;:false,&quot;showFDOXMessaging&quot;:false,&quot;testDFPBanners&quot;:false,&quot;allowAmendSlot&quot;:true}" data-grocery-domain="www.tesco.com" data-base-path="groceries" data-icons-svg="/groceries/web-assets/styles/icons/data.svg/UK-9c7463c43f.css" data-logged-in-action="" data-region="UK" data-consumer="default" data-external-secure-domain="https://secure.tesco.com" data-timezone="Europe/London" data-user-details="{&quot;isAuthenticated&quot;:false,&quot;isRegistered&quot;:false,&quot;isFirstTimeBuyer&quot;:false,&quot;segments&quot;:[],&quot;atrc&quot;:&quot;f2bd100c-2ff5-43c4-b661-c566f00a1f75&quot;,&quot;storeId&quot;:&quot;3060&quot;,&quot;trkid&quot;:&quot;2ad4ceeb-2df5-436e-9960-9a539674b6aa&quot;}" class="">
<div id="content"><div><div class="content-wrapper  "><div id="sticky-bar-wrapper" class="styled__StickyBarWrapper-m9pl68-0 lirHUY sticky-bar-container"><div id="sticky-bar-cookie-wrapper" class="styled__StickyBarCookieWrapper-m9pl68-1 jQHqgy sticky-bar-ddl"><span></span></div></div><div class="header-wrapper"><nav id="skip-links" aria-label="Skip links"><div role="presentation"><ul class="base-components__BaseList-sc-1mosoyj-2 styled__List-dbleqk-0 hbeGIw kdUHwa styled__SkipToContentStyled-s7psqt-0 kzLKLf skip-to-content beans-skip-to-content__list"><li class="styled__ListItem-dbleqk-1 fhDYUg beans-skip-to-content__list-item"><a class="styled__Anchor-sc-1xbujuz-0 cwkdVr styled__StyledLink-dbleqk-2 jlOzJT beans-skip-to-content__link beans-link__anchor" href="https://www.tesco.com/groceries/en-GB/shop/food-cupboard/all#main"><span class="styled__Text-sc-1xbujuz-1 ldbwMG beans-link__text">Skip to main content</span></a></li><li class="styled__ListItem-dbleqk-1 fhDYUg beans-skip-to-content__list-item"><a class="styled__Anchor-sc-1xbujuz-0 cwkdVr styled__StyledLink-dbleqk-2 jlOzJT beans-skip-to-content__link beans-link__anchor" href="https://www.tesco.com/groceries/en-GB/shop/food-cupboard/all#search-input"><span class="styled__Text-sc-1xbujuz-1 ldbwMG beans-link__text">Skip to search</span></a></li><li class="styled__ListItem-dbleqk-1 fhDYUg beans-skip-to-content__list-item"><a class="styled__Anchor-sc-1xbujuz-0 cwkdVr styled__StyledLink-dbleqk-2 jlOzJT beans-skip-to-content__link beans-link__anchor" href="https://www.tesco.com/groceries/en-GB/shop/food-cupboard/all#mini-trolley"><span class="styled__Text-sc-1xbujuz-1 ldbwMG beans-link__text">Skip to basket</span></a></li></ul></div></nav><nav aria-label="Account links" class="base-components__RootElement-sc-1mosoyj-1 styled__Container-nyybm8-0 kochV fGFLqh utility-header__StyledAppBar-iaq4c3-0 kbJIun utility-bar utility-bar-sticky beans-appbar__container" role="navigation"><div class="base-components__RootElement-sc-1mosoyj-1 styled-slwnqq-0 jptQqM klNHKd styled__StyledGrid-nyybm8-1 biNYOO beans-appbar__grid beans-grid__container"><div class="base-components__RootElement-sc-1mosoyj-1 styled-erqp9a-0 jptQqM eXOEcI styled__StyledRow-nyybm8-2 lmlFRV beans-appbar__row beans-grid__row"><div class="base-components__RootElement-sc-1mosoyj-1 styled-sc-1p7y193-0 jptQqM dToEom styled__StyledColumn-nyybm8-3 odkLa beans-appbar__column beans-grid__column"><ul aria-orientation="horizontal" class="base-components__BaseList-sc-1mosoyj-2 styled__UnorderedList-sc-1jzfemx-0 hbeGIw lfYWQr beans-appbar__menu-list beans-menu__menu-list" direction="leftToRight" orientation="horizontal" role="menubar" tabindex="-1"><li class="styled__ListItem-sc-7fugv7-0 jBBTTu beans-appbar__menu-item beans-menu__menu-item" orientation="horizontal" role="menuitem"><a class="styled__Anchor-sc-1xbujuz-0 bDhkHK beans-menu__menu-item-node beans-link__anchor" role="button" href="https://secure.tesco.com/account/en-GB/register?newReg=true&amp;from=https%3A%2F%2Fwww.tesco.com%2Fgroceries%2F%3Ficid%3Ddchp_groceriesshopgroceries" id="utility-header-registration-link" aria-current="false" aria-haspopup="false"><span class="styled__Text-sc-1xbujuz-1 ldbwMG beans-link__text">Register</span></a></li><li class="styled__ListItem-sc-7fugv7-0 jBBTTu beans-appbar__menu-item beans-menu__menu-item" orientation="horizontal" role="menuitem"><a class="styled__Anchor-sc-1xbujuz-0 bDhkHK beans-menu__menu-item-node beans-link__anchor" role="button" href="https://www.tesco.com/account/login/en-GB?from=https%3A%2F%2Fwww.tesco.com%2Fgroceries%2F%3Ficid%3Ddchp_groceriesshopgroceries" id="utility-header-login-link" aria-current="false" aria-haspopup="false"><span class="styled__Text-sc-1xbujuz-1 ldbwMG beans-link__text">Sign in</span></a></li><li class="styled__ListItem-sc-7fugv7-0 jBBTTu beans-appbar__menu-item beans-menu__menu-item" orientation="horizontal" role="menuitem" rel="help noopener"><a class="styled__Anchor-sc-1xbujuz-0 bDhkHK beans-menu__menu-item-node beans-link__anchor" role="button" href="https://www.tesco.com/help/contact/" id="utility-header-contact-us-link" rel="help noopener" aria-current="false" aria-haspopup="false"><span class="styled__Text-sc-1xbujuz-1 ldbwMG beans-link__text">Contact us</span></a></li><li class="styled__ListItem-sc-7fugv7-0 jBBTTu beans-appbar__menu-item beans-menu__menu-item" orientation="horizontal" role="menuitem" target="_blank" rel="help noopener"><a class="styled__Anchor-sc-1xbujuz-0 bDhkHK beans-menu__menu-item-node beans-link__anchor" role="button" href="https://www.tesco.com/groceries/en-GB/help/" id="utility-header-help-link" target="_blank" rel="help noopener" aria-current="false" aria-haspopup="false"><span class="styled__Text-sc-1xbujuz-1 ldbwMG beans-link__text">Help</span></a></li></ul></div></div></div></nav><div class="brand-header-wrapper"><header class="brand-header brand-header--sticky brand-header--with-search brand-header--multi-search-enabled"><div class="brand-header__main-column"><div class="brand-header__main"><div class="brand-header__nav-button"><a aria-controls="nav" aria-haspopup="true" aria-expanded="false" role="button" data-auto="burger-menu-icon" class="icon-burger_menu_icon" href="https://www.tesco.com/groceries/en-GB/shop/food-cupboard/all#nav"><span class="visually-hidden">Open navigation</span></a></div><div class="brand-header__logo"><a href="https://www.tesco.com/groceries/en-GB/" class="brand-logo-link  pull-left" title="Go to homepage"><svg class="beans-dynamic-logo__logo beans-tesco-logo__svg" preserveAspectRatio="xMinYMax meet" viewBox="0 0 121 35" xmlns="http://www.w3.org/2000/svg"><title>Tesco Home</title><defs><path d="M.218 6.389h23.973V.366H.218v6.023z" id="tesco-logo-a"></path><path d="M.376 6.389h23.973V.366H.376z" id="tesco-logo-c"></path><path d="M.11 6.389h23.972V.366H.11v6.023z" id="tesco-logo-e"></path><path d="M.267 6.389H24.24V.366H.267v6.023z" id="tesco-logo-g"></path><path d="M0 6.389h23.973V.366H0v6.023z" id="tesco-logo-i"></path></defs><g fill="none" fill-rule="evenodd"><path d="M84.647 0c2.538 0 4.735.31 6.5.777v5.405c-1.734-1.77-3.776-2.889-6.47-2.889-4.92 0-8.201 3.449-8.201 8.047 0 4.598 3.28 8.046 8.202 8.046 2.693 0 4.735-1.118 6.469-2.889v5.406c-1.765.466-3.962.807-6.5.807-8.512 0-14.671-4.256-14.671-11.37 0-7.115 6.16-11.34 14.67-11.34zM60.474 8.823c4.24.59 7.768 2.082 7.768 6.71 0 5.438-5.138 7.177-10.678 7.147-3.869-.032-7.15-.404-9.564-1.368v-4.877c3.436 2.237 6.964 2.951 9.564 2.951 2.693 0 5.17-.652 5.17-2.702s-2.291-2.548-6.996-3.263C51.683 12.8 48 11.06 47.968 7.052 47.939 1.647 53.046 0 57.936 0c3.158 0 6.222.373 9.038 1.305v5.25c-2.352-2.081-5.85-3.262-9.285-3.262-2.322 0-4.52.746-4.52 2.486 0 2.174 3.25 2.485 7.306 3.044zM37.136 18.92c2.507 0 6.685-.59 8.326-2.05v5.343H27.665c.866-1.025 1.02-1.709 1.02-3.79V4.256c0-2.081-.154-2.765-1.02-3.79h16.868V5.81c-1.64-1.46-5.819-2.05-8.326-2.05h-1.98v5.778h1.454c1.424 0 3.621-.062 5.076-.59v4.287c-1.455-.528-3.652-.59-5.076-.59h-1.455v6.275h2.91zM.984.466h24.42V5.81c-1.733-1.46-5.416-2.05-9.346-2.05v14.57c0 2.175.185 2.765 1.021 3.883h-7.77c.837-1.118 1.022-1.709 1.022-3.883V3.76c-3.93 0-7.614.59-9.347 2.05V.466zM106.48 19.386c-4.426 0-7.304-3.666-7.304-8.046 0-4.412 2.878-8.047 7.305-8.047 4.425 0 7.304 3.635 7.304 8.047 0 4.38-2.879 8.046-7.304 8.046m0-19.386C97.69 0 92.676 5.126 92.676 11.34c0 6.182 5.014 11.34 13.805 11.34 8.79 0 13.804-5.158 13.804-11.34 0-6.214-5.014-11.34-13.804-11.34" fill="#ee1c2e"></path><g transform="translate(95.9 27.755)"><mask fill="#fff" id="tesco-logo-b"><use xlink:href="#tesco-logo-a"></use></mask><path d="M9.37.366h14.747a.08.08 0 0 1 .04.01l.004.001a.055.055 0 0 1 .01.008c.028.028.03.085-.013.126a.153.153 0 0 1-.037.025l-.026.012c-1.713.784-4.008 3.173-4.008 3.173-1.715 1.636-3.001 2.668-5.744 2.668H.283C.24 6.39.22 6.35.217 6.31c0 0 0 .002 0 0a.09.09 0 0 1 .03-.066.422.422 0 0 1 .044-.032C1.835 5.346 4.14 2.948 4.14 2.948 5.084 1.828 6.969.366 9.37.366" fill="#00539f" mask="url(#tesco-logo-b)"></path></g><g transform="translate(71.713 27.755)"><mask fill="#fff" id="tesco-logo-d"><use xlink:href="#tesco-logo-c"></use></mask><path d="M9.527.366h14.748a.08.08 0 0 1 .04.01l.003.001a.055.055 0 0 1 .01.008c.029.028.031.085-.013.126a.153.153 0 0 1-.036.025l-.026.012c-1.714.784-4.008 3.173-4.008 3.173C18.529 5.357 17.244 6.39 14.5 6.39H.44c-.04 0-.062-.039-.064-.08 0 0 0 .002 0 0a.09.09 0 0 1 .03-.066.422.422 0 0 1 .044-.032c1.543-.865 3.847-3.263 3.847-3.263.944-1.12 2.83-2.582 5.23-2.582" fill="#00539f" mask="url(#tesco-logo-d)"></path></g><g transform="translate(47.95 27.755)"><mask fill="#fff" id="tesco-logo-f"><use xlink:href="#tesco-logo-e"></use></mask><path d="M9.26.366h14.748a.08.08 0 0 1 .04.01l.004.001a.055.055 0 0 1 .01.008c.028.028.03.085-.013.126a.153.153 0 0 1-.036.025l-.027.012c-1.713.784-4.008 3.173-4.008 3.173-1.715 1.636-3.001 2.668-5.744 2.668H.174c-.042 0-.063-.039-.065-.08 0 0 0 .002 0 0a.09.09 0 0 1 .03-.066.471.471 0 0 1 .044-.032c1.543-.865 3.848-3.263 3.848-3.263C4.975 1.828 6.86.366 9.261.366" fill="#00539f" mask="url(#tesco-logo-f)"></path></g><g transform="translate(23.763 27.755)"><mask fill="#fff" id="tesco-logo-h"><use xlink:href="#tesco-logo-g"></use></mask><path d="M9.418.366h14.747a.08.08 0 0 1 .04.01l.004.001a.055.055 0 0 1 .01.008c.029.028.031.085-.013.126a.153.153 0 0 1-.036.025l-.026.012c-1.714.784-4.008 3.173-4.008 3.173-1.716 1.636-3.002 2.668-5.745 2.668H.331c-.04 0-.062-.039-.064-.08 0 0 0 .002 0 0a.09.09 0 0 1 .03-.066.422.422 0 0 1 .044-.032c1.543-.865 3.847-3.263 3.847-3.263.944-1.12 2.83-2.582 5.23-2.582" fill="#00539f" mask="url(#tesco-logo-h)"></path></g><g transform="translate(0 27.755)"><mask fill="#fff" id="tesco-logo-j"><use xlink:href="#tesco-logo-i"></use></mask><path d="M9.152.366h14.747a.08.08 0 0 1 .04.01l.004.001a.055.055 0 0 1 .01.008c.028.028.03.085-.013.126a.153.153 0 0 1-.036.025l-.027.012c-1.713.784-4.008 3.173-4.008 3.173-1.715 1.636-3.001 2.668-5.744 2.668H.065C.022 6.39.001 6.35 0 6.31c0 0 0 .002 0 0a.09.09 0 0 1 .03-.066.422.422 0 0 1 .044-.032c1.543-.865 3.848-3.263 3.848-3.263C4.866 1.828 6.75.366 9.152.366" fill="#00539f" mask="url(#tesco-logo-j)"></path></g></g></svg><span class="visually-hidden">Go to homepage</span></a></div><div class="brand-header__guide-price"><button aria-expanded="true" name="hide search" title="hide search" class="brand-header__search-toggle icon-search noselect"></button><a href="https://www.tesco.com/account/login/en-GB?from=https%3A%2F%2Fwww.tesco.com%2Fgroceries%2Fen-GB%2Ftrolley" rel="nofollow" title="Basket"><div class="header-guide-price" data-product-count="0"><div class="header-guide-price--container main-container"><span class="icon-cart"><span class="visually-hidden">Basket</span></span></div><div class="header-guide-price--container status-container"><span class="header-guide-price--spinner"><span class="visually-hidden"></span></span></div></div></a></div></div><div class="brand-header__search" id="brand-header-toggleable"><div class="search-bar search-bar--multi-search-enabled"><form action="https://www.tesco.com/groceries/en-GB/search" method="get" novalidate="" role="search" id="search-form"><label class="obscure" for="search-input">Search</label><input autocapitalize="off" autocomplete="off" autocorrect="off" class="search-bar__input" data-auto="search-input" id="search-input" name="query" placeholder="Search" spellcheck="false" type="search" value=""><button type="submit" class="search-bar__submit icon-search-white">Search</button><span class="icon-search-faded"></span><input name="_csrf" type="hidden" value="92xA6FXg-W2XHhQLLDKqjWuqmpStG0svGR_s"></form><a href="https://www.tesco.com/groceries/en-GB/multi-search" class="search-bar__multi-search-link link--chevron" data-auto="multisearch-link">Search with a list of items&nbsp;<span class="icon icon-chevron_right"></span></a></div></div><div class="brand-header__navigation"><nav class="navigation" data-auto="navigation" aria-label="Grocery navigation"><ul class="navigation__nav-items" role="menubar" aria-label="Primary navigation"><li class="nav-item" role="none"><a href="https://www.tesco.com/groceries/en-GB/shop" class="nav-item__link nav-item__link--active" data-auto="nav-item-link" role="menuitem">Groceries<span class="nav-item__chevron"></span></a></li><li class="nav-item" role="none"><a href="https://www.tesco.com/account/login/en-GB?from=https%3A%2F%2Fwww.tesco.com%2Fgroceries%2Fen-GB%2Ffavorites" class="nav-item__link" data-auto="nav-item-link" role="menuitem">My Favourites</a></li><li class="nav-item" role="none"><a href="https://realfood.tesco.com/" class="nav-item__link" data-auto="nav-item-link" role="menuitem" target="_blank">Recipes</a></li><li class="nav-item" role="none"><a href="https://www.tesco.com/groceries/en-GB/promotions" class="nav-item__link" data-auto="nav-item-link" role="menuitem">Special Offers</a></li><li class="nav-item" role="none"><a href="https://www.tesco.com/groceries/en-GB/zone/christmas?icid=topnav_Christmas" class="nav-item__link" data-auto="nav-item-link" role="menuitem">Christmas</a></li><li class="nav-item" role="none"><a href="https://www.tesco.com/DeliverySaver/" class="nav-item__link" data-auto="nav-item-link" role="menuitem" target="_blank">Delivery Saver</a></li></ul></nav></div></div></header><div class="brand-header__spacer"></div><div aria-hidden="true" class="overlay" style=""></div><div class="brand-header__backdrop"></div></div></div><div role="main" id="main" class="has-trolley main"><div class="main__content"><div><div class="results-page"><div id="product-list" class="page-container"><div id="top"></div><div class="product-list-view has-trolley"><div class="breadcrumbs"><div class="breadcrumbs__content"><nav aria-label="breadcrumb" class="base-components__RootElement-sc-1mosoyj-1 styled__Container-sc-41vmr7-0 jptQqM kytuvg beans-breadcrumb__container"><ol class="base-components__BaseList-sc-1mosoyj-2 styled__OrderedList-sc-41vmr7-2 hbeGIw cKlfks beans-breadcrumb__list"><li class="styled__ListItem-sc-41vmr7-3 dtpjwz beans-breadcrumb__list-item"><div class="styled__Item-sc-41vmr7-4 hpBsje beans-breadcrumb__item"><a href="https://www.tesco.com/groceries/en-GB/" aria-label="Home" class="styled__Anchor-o58r6z-0 bowhrC beans-breadcrumb__list-item-link beans-link__anchor"><svg aria-hidden="true" class="styled__SVG-xxa4wh-1 hQMCqc beans-link__icon beans-icon__svg" height="22" preserveAspectRatio="xMinYMax meet" viewBox="0 1 20 22" width="20" xmlns="http://www.w3.org/2000/svg" color="currentColor"><path d="M10 1.5L1.5 8.25V20.5h6v-8h5v8h6V8.25z" fill="none" stroke="currentColor"></path></svg></a></div></li><li class="styled__ListItem-sc-41vmr7-3 dtpjwz beans-breadcrumb__list-item"><div class="styled__Item-sc-41vmr7-4 hpBsje beans-breadcrumb__item"><svg aria-hidden="true" class="styled__SVG-xxa4wh-1 hQMCqc styled__Separator-sc-41vmr7-5 gRdlR beans-breadcrumb__seprator beans-icon__svg" height="20" preserveAspectRatio="xMinYMax meet" stroke="#666666" viewBox="-1 0 12 20" width="12" xmlns="http://www.w3.org/2000/svg" color="currentColor"><path d="M1.312 1.348L10.276 10l-8.964 8.644" fill="none" stroke="#666666"></path></svg><a class="styled__Anchor-sc-1xbujuz-0 cwkdVr beans-breadcrumb__list-item-link beans-link__anchor"><span class="styled__Text-sc-1xbujuz-1 ldbwMG beans-link__text">Food Cupboard</span></a></div></li></ol></nav></div></div><div class="results-dfp results__dfp-panel"><div class="dfp-panel-wrapper content-area"><div class="ui-panel"><div class="styled__StyledDfpBanner-sc-15jm57a-0 cHkFiQ dfp-banner" id="dfp-banner-5945507585890951" data-google-query-id="CKXPjYO0yfsCFWOrcQoda38BRw" style="display: none;"><div id="google_ads_iframe_/8326/grocery/food-cupboard_1__container__" style="border: 0pt none;"></div></div></div></div></div><div class="heading-label" id="results"><h1 class="heading query">Food Cupboard</h1></div><div class="product-list-container " data-auto="product-list-container"><div class="product-filter fancy-filter"><div class="sort-and-filter"><div class="new-filter-by show-options"><div class="items-count__filter-caption"><div class="pagination__items-displayed" data-auto="product-bin-count" role="status">Showing <strong>1 to 48</strong> of <strong>6038 items</strong><span class="visually-hidden">sorted by Relevance</span></div><div class="show-more-less__link"><a href="https://www.tesco.com/groceries/en-GB/shop/food-cupboard/all?page=1&amp;count=24" rel="nofollow">Show 24 per page</a></div></div><div class="sort-and-filter-by-container"><div class="filter-by-container" data-auto="filter-by-container"><span class="filter-by-section-label">Filter by:</span><ul class="filter-by__selector-wrapper"><li class="new-selector filter-option__container" id="new-selector" data-auto="filter-option" data-auto-selected="false"><div class="checkbox" data-auto="checkbox"><input id="filter-option--new-selector-3848472" name="filter-option--new-selector-3848472" type="checkbox"><label class="checkbox-label" for="filter-option--new-selector-3848472" title="New"><a class="filter-option--link" href="https://www.tesco.com/groceries/en-GB/shop/food-cupboard/all?viewAll=new&amp;new=new"><span class="checkbox-square checkbox-square-linked"></span><span class="checkbox-check icon-tick-white"></span><span class="visually-hidden">Filter by</span><span class="filter-label--line--inline">New</span><span class="filter-label--line--inline">&nbsp;(195)</span></a></label></div></li><li class="promotions-selector filter-option__container" id="promotions-selector" data-auto="filter-option" data-auto-selected="false"><div class="checkbox" data-auto="checkbox"><input id="filter-option--promotions-selector-2373942" name="filter-option--promotions-selector-2373942" type="checkbox"><label class="checkbox-label" for="filter-option--promotions-selector-2373942" title="Special Offers"><a class="filter-option--link" href="https://www.tesco.com/groceries/en-GB/shop/food-cupboard/all?viewAll=promotion&amp;promotion=offers"><span class="checkbox-square checkbox-square-linked"></span><span class="checkbox-check icon-tick-white"></span><span class="visually-hidden">Filter by</span><span class="filter-label--line--inline">Special Offers</span><span class="filter-label--line--inline">&nbsp;(1211)</span></a></label></div></li></ul><ul class="selects-row grid"><li data-auto="filter-categories"><div class="filter-select__FilterSelectContainer-x4zufj-0 iRBCDW filter-select-container filter-categories"><button aria-controls="filter-categories" aria-expanded="false" class="button-text filter-select" data-auto="filter-categories-select"><span class="filter-select--label specific-filter-label">20 Categories</span><span class="icon icon-header_down_triangle"></span></button></div><div aria-hidden="true" class="filter-options-container smooth-top-left" id="filter-categories" data-auto="filter-categories-dropdown"><div class="filter-options"><ul aria-label="20 Categories"><li class="current-filters" data-auto="department"><ul><li class="filter-option__container" id="Christmas Treats" data-auto="filter-option" data-auto-selected="false"><div class="checkbox" data-auto="checkbox"><input id="filter-option--Christmas-Treats-9068410" name="filter-option--Christmas-Treats-9068410" type="checkbox"><label class="checkbox-label" for="filter-option--Christmas-Treats-9068410" title="Christmas Treats"><a class="filter-option--link" href="https://www.tesco.com/groceries/en-GB/shop/food-cupboard/all?department=Christmas%20Treats&amp;viewAll=department"><span class="checkbox-square checkbox-square-linked"></span><span class="checkbox-check icon-tick-white"></span><span class="visually-hidden">Filter by</span><span class="filter-label--line--block">Christmas</span><span class="filter-label--line--inline filter-label--line--truncate">Treats</span><span class="filter-label--line--inline">&nbsp;(365)</span></a></label></div></li><li class="filter-option__container" id="Christmas Food Cupboard" data-auto="filter-option" data-auto-selected="false"><div class="checkbox" data-auto="checkbox"><input id="filter-option--Christmas-Food-Cupboard-2005297" name="filter-option--Christmas-Food-Cupboard-2005297" type="checkbox"><label class="checkbox-label" for="filter-option--Christmas-Food-Cupboard-2005297" title="Christmas Food Cupboard"><a class="filter-option--link" href="https://www.tesco.com/groceries/en-GB/shop/food-cupboard/all?department=Christmas%20Food%20Cupboard&amp;viewAll=department"><span class="checkbox-square checkbox-square-linked"></span><span class="checkbox-check icon-tick-white"></span><span class="visually-hidden">Filter by</span><span class="filter-label--line--block">Christmas Food</span><span class="filter-label--line--inline filter-label--line--truncate">Cupboard</span><span class="filter-label--line--inline">&nbsp;(110)</span></a></label></div></li><li class="filter-option__container" id="Dried Fruit, Nuts, Nutrient Powders &amp; Seeds" data-auto="filter-option" data-auto-selected="false"><div class="checkbox" data-auto="checkbox"><input id="filter-option--Dried-Fruit,-Nuts,-Nutrient-Powders-Seeds-3109200" name="filter-option--Dried-Fruit,-Nuts,-Nutrient-Powders-Seeds-3109200" type="checkbox"><label class="checkbox-label" for="filter-option--Dried-Fruit,-Nuts,-Nutrient-Powders-Seeds-3109200" title="Dried Fruit, Nuts, Nutrient Powders &amp; Seeds"><a class="filter-option--link" href="https://www.tesco.com/groceries/en-GB/shop/food-cupboard/all?department=Dried%20Fruit%2C%20Nuts%2C%20Nutrient%20Powders%20%26%20Seeds&amp;viewAll=department"><span class="checkbox-square checkbox-square-linked"></span><span class="checkbox-check icon-tick-white"></span><span class="visually-hidden">Filter by</span><span class="filter-label--line--block">Dried Fruit, Nuts,</span><span class="filter-label--line--inline filter-label--line--truncate">Nutrient Powders &amp; Seeds</span><span class="filter-label--line--inline">&nbsp;(404)</span></a></label></div></li><li class="filter-option__container" id="Cereals" data-auto="filter-option" data-auto-selected="false"><div class="checkbox" data-auto="checkbox"><input id="filter-option--Cereals-3131964" name="filter-option--Cereals-3131964" type="checkbox"><label class="checkbox-label" for="filter-option--Cereals-3131964" title="Cereals"><a class="filter-option--link" href="https://www.tesco.com/groceries/en-GB/shop/food-cupboard/all?department=Cereals&amp;viewAll=department"><span class="checkbox-square checkbox-square-linked"></span><span class="checkbox-check icon-tick-white"></span><span class="visually-hidden">Filter by</span><span class="filter-label--line--inline">Cereals</span><span class="filter-label--line--inline">&nbsp;(575)</span></a></label></div></li><li class="filter-option__container" id="Chocolate, Sweets, Mints &amp; Chewing Gum" data-auto="filter-option" data-auto-selected="false"><div class="checkbox" data-auto="checkbox"><input id="filter-option--Chocolate,-Sweets,-Mints-Chewing-Gum-6322870" name="filter-option--Chocolate,-Sweets,-Mints-Chewing-Gum-6322870" type="checkbox"><label class="checkbox-label" for="filter-option--Chocolate,-Sweets,-Mints-Chewing-Gum-6322870" title="Chocolate, Sweets, Mints &amp; Chewing Gum"><a class="filter-option--link" href="https://www.tesco.com/groceries/en-GB/shop/food-cupboard/all?department=Chocolate%2C%20Sweets%2C%20Mints%20%26%20Chewing%20Gum&amp;viewAll=department"><span class="checkbox-square checkbox-square-linked"></span><span class="checkbox-check icon-tick-white"></span><span class="visually-hidden">Filter by</span><span class="filter-label--line--block">Chocolate, Sweets,</span><span class="filter-label--line--inline filter-label--line--truncate">Mints &amp; Chewing Gum</span><span class="filter-label--line--inline">&nbsp;(683)</span></a></label></div></li><li class="filter-option__container" id="Crisps, Snacks, Nuts &amp; Popcorn" data-auto="filter-option" data-auto-selected="false"><div class="checkbox" data-auto="checkbox"><input id="filter-option--Crisps,-Snacks,-Nuts-Popcorn-8180471" name="filter-option--Crisps,-Snacks,-Nuts-Popcorn-8180471" type="checkbox"><label class="checkbox-label" for="filter-option--Crisps,-Snacks,-Nuts-Popcorn-8180471" title="Crisps, Snacks, Nuts &amp; Popcorn"><a class="filter-option--link" href="https://www.tesco.com/groceries/en-GB/shop/food-cupboard/all?department=Crisps%2C%20Snacks%2C%20Nuts%20%26%20Popcorn&amp;viewAll=department"><span class="checkbox-square checkbox-square-linked"></span><span class="checkbox-check icon-tick-white"></span><span class="visually-hidden">Filter by</span><span class="filter-label--line--block">Crisps, Snacks,</span><span class="filter-label--line--inline filter-label--line--truncate">Nuts &amp; Popcorn</span><span class="filter-label--line--inline">&nbsp;(692)</span></a></label></div></li><li class="filter-option__container" id="Biscuits &amp; Cereal Bars" data-auto="filter-option" data-auto-selected="false"><div class="checkbox" data-auto="checkbox"><input id="filter-option--Biscuits-Cereal-Bars-1975454" name="filter-option--Biscuits-Cereal-Bars-1975454" type="checkbox"><label class="checkbox-label" for="filter-option--Biscuits-Cereal-Bars-1975454" title="Biscuits &amp; Cereal Bars"><a class="filter-option--link" href="https://www.tesco.com/groceries/en-GB/shop/food-cupboard/all?department=Biscuits%20%26%20Cereal%20Bars&amp;viewAll=department"><span class="checkbox-square checkbox-square-linked"></span><span class="checkbox-check icon-tick-white"></span><span class="visually-hidden">Filter by</span><span class="filter-label--line--block">Biscuits &amp; Cereal</span><span class="filter-label--line--inline filter-label--line--truncate">Bars</span><span class="filter-label--line--inline">&nbsp;(541)</span></a></label></div></li><li class="filter-option__container" id="Crackers &amp; Crispbreads" data-auto="filter-option" data-auto-selected="false"><div class="checkbox" data-auto="checkbox"><input id="filter-option--Crackers-Crispbreads-5078103" name="filter-option--Crackers-Crispbreads-5078103" type="checkbox"><label class="checkbox-label" for="filter-option--Crackers-Crispbreads-5078103" title="Crackers &amp; Crispbreads"><a class="filter-option--link" href="https://www.tesco.com/groceries/en-GB/shop/food-cupboard/all?department=Crackers%20%26%20Crispbreads&amp;viewAll=department"><span class="checkbox-square checkbox-square-linked"></span><span class="checkbox-check icon-tick-white"></span><span class="visually-hidden">Filter by</span><span class="filter-label--line--block">Crackers &amp;</span><span class="filter-label--line--inline filter-label--line--truncate">Crispbreads</span><span class="filter-label--line--inline">&nbsp;(128)</span></a></label></div></li><li class="filter-option__container" id="Free From" data-auto="filter-option" data-auto-selected="false"><div class="checkbox" data-auto="checkbox"><input id="filter-option--Free-From-2405400" name="filter-option--Free-From-2405400" type="checkbox"><label class="checkbox-label" for="filter-option--Free-From-2405400" title="Free From"><a class="filter-option--link" href="https://www.tesco.com/groceries/en-GB/shop/food-cupboard/all?department=Free%20From&amp;viewAll=department"><span class="checkbox-square checkbox-square-linked"></span><span class="checkbox-check icon-tick-white"></span><span class="visually-hidden">Filter by</span><span class="filter-label--line--inline">Free From</span><span class="filter-label--line--inline">&nbsp;(974)</span></a></label></div></li><li class="filter-option__container" id="Tins, Cans &amp; Packets" data-auto="filter-option" data-auto-selected="false"><div class="checkbox" data-auto="checkbox"><input id="filter-option--Tins,-Cans-Packets-7910097" name="filter-option--Tins,-Cans-Packets-7910097" type="checkbox"><label class="checkbox-label" for="filter-option--Tins,-Cans-Packets-7910097" title="Tins, Cans &amp; Packets"><a class="filter-option--link" href="https://www.tesco.com/groceries/en-GB/shop/food-cupboard/all?department=Tins%2C%20Cans%20%26%20Packets&amp;viewAll=department"><span class="checkbox-square checkbox-square-linked"></span><span class="checkbox-check icon-tick-white"></span><span class="visually-hidden">Filter by</span><span class="filter-label--line--block">Tins, Cans &amp;</span><span class="filter-label--line--inline filter-label--line--truncate">Packets</span><span class="filter-label--line--inline">&nbsp;(529)</span></a></label></div></li><li class="filter-option__container" id="Noodle Pots &amp; Instant Snack Meals" data-auto="filter-option" data-auto-selected="false"><div class="checkbox" data-auto="checkbox"><input id="filter-option--Noodle-Pots-Instant-Snack-Meals-892193" name="filter-option--Noodle-Pots-Instant-Snack-Meals-892193" type="checkbox"><label class="checkbox-label" for="filter-option--Noodle-Pots-Instant-Snack-Meals-892193" title="Noodle Pots &amp; Instant Snack Meals"><a class="filter-option--link" href="https://www.tesco.com/groceries/en-GB/shop/food-cupboard/all?department=Noodle%20Pots%20%26%20Instant%20Snack%20Meals&amp;viewAll=department"><span class="checkbox-square checkbox-square-linked"></span><span class="checkbox-check icon-tick-white"></span><span class="visually-hidden">Filter by</span><span class="filter-label--line--block">Noodle Pots &amp;</span><span class="filter-label--line--inline filter-label--line--truncate">Instant Snack Meals</span><span class="filter-label--line--inline">&nbsp;(218)</span></a></label></div></li><li class="filter-option__container" id="Cooking Ingredients" data-auto="filter-option" data-auto-selected="false"><div class="checkbox" data-auto="checkbox"><input id="filter-option--Cooking-Ingredients-8127203" name="filter-option--Cooking-Ingredients-8127203" type="checkbox"><label class="checkbox-label" for="filter-option--Cooking-Ingredients-8127203" title="Cooking Ingredients"><a class="filter-option--link" href="https://www.tesco.com/groceries/en-GB/shop/food-cupboard/all?department=Cooking%20Ingredients&amp;viewAll=department"><span class="checkbox-square checkbox-square-linked"></span><span class="checkbox-check icon-tick-white"></span><span class="visually-hidden">Filter by</span><span class="filter-label--line--block">Cooking</span><span class="filter-label--line--inline filter-label--line--truncate">Ingredients</span><span class="filter-label--line--inline">&nbsp;(715)</span></a></label></div></li><li class="more-filters--container"><button class="button-text more-filters">More categories<span class="icon icon-header_down_triangle expand-icon"></span></button></li><li class="more-filters--container hidden"><button class="button-text more-filters">Fewer categories<span class="icon icon-header_down_triangle contract-icon"></span></button></li></ul></li></ul></div></div></li><li data-auto="filter-brands"><div class="filter-select__FilterSelectContainer-x4zufj-0 iRBCDW filter-select-container filter-brands"><button aria-controls="filter-brands" aria-expanded="true" class="button-text filter-select filter-options-open" data-auto="filter-brands-select"><span class="filter-select--label specific-filter-label">772 Brands</span><span class="icon icon-header_down_triangle"></span></button></div><div aria-hidden="false" class="filter-options-container open" id="filter-brands" data-auto="filter-brands-dropdown"><div class="filter-options"><ul aria-label="772 Brands"><li class="current-filters" data-auto="brand"><ul><li class="filter-option__container" id="Tesco" data-auto="filter-option" data-auto-selected="false"><div class="checkbox" data-auto="checkbox"><input id="filter-option--Tesco-703219" name="filter-option--Tesco-703219" type="checkbox"><label class="checkbox-label" for="filter-option--Tesco-703219" title="Tesco"><a class="filter-option--link" href="https://www.tesco.com/groceries/en-GB/shop/food-cupboard/all?brand=Tesco&amp;viewAll=brand"><span class="checkbox-square checkbox-square-linked"></span><span class="checkbox-check icon-tick-white"></span><span class="visually-hidden">Filter by</span><span class="filter-label--line--inline">Tesco</span><span class="filter-label--line--inline">&nbsp;(1083)</span></a></label></div></li><li class="filter-option__container" id="Tesco Finest" data-auto="filter-option" data-auto-selected="false"><div class="checkbox" data-auto="checkbox"><input id="filter-option--Tesco-Finest-1038415" name="filter-option--Tesco-Finest-1038415" type="checkbox"><label class="checkbox-label" for="filter-option--Tesco-Finest-1038415" title="Tesco Finest"><a class="filter-option--link" href="https://www.tesco.com/groceries/en-GB/shop/food-cupboard/all?brand=Tesco%20Finest&amp;viewAll=brand"><span class="checkbox-square checkbox-square-linked"></span><span class="checkbox-check icon-tick-white"></span><span class="visually-hidden">Filter by</span><span class="filter-label--line--inline">Tesco Finest</span><span class="filter-label--line--inline">&nbsp;(174)</span></a></label></div></li><li class="filter-option__container" id="Cadbury" data-auto="filter-option" data-auto-selected="false"><div class="checkbox" data-auto="checkbox"><input id="filter-option--Cadbury-3589299" name="filter-option--Cadbury-3589299" type="checkbox"><label class="checkbox-label" for="filter-option--Cadbury-3589299" title="Cadbury"><a class="filter-option--link" href="https://www.tesco.com/groceries/en-GB/shop/food-cupboard/all?brand=Cadbury&amp;viewAll=brand"><span class="checkbox-square checkbox-square-linked"></span><span class="checkbox-check icon-tick-white"></span><span class="visually-hidden">Filter by</span><span class="filter-label--line--inline">Cadbury</span><span class="filter-label--line--inline">&nbsp;(135)</span></a></label></div></li><li class="filter-option__container" id="Schwartz" data-auto="filter-option" data-auto-selected="false"><div class="checkbox" data-auto="checkbox"><input id="filter-option--Schwartz-7972892" name="filter-option--Schwartz-7972892" type="checkbox"><label class="checkbox-label" for="filter-option--Schwartz-7972892" title="Schwartz"><a class="filter-option--link" href="https://www.tesco.com/groceries/en-GB/shop/food-cupboard/all?brand=Schwartz&amp;viewAll=brand"><span class="checkbox-square checkbox-square-linked"></span><span class="checkbox-check icon-tick-white"></span><span class="visually-hidden">Filter by</span><span class="filter-label--line--inline">Schwartz</span><span class="filter-label--line--inline">&nbsp;(120)</span></a></label></div></li><li class="filter-option__container" id="Free From" data-auto="filter-option" data-auto-selected="false"><div class="checkbox" data-auto="checkbox"><input id="filter-option--Free-From-7330379" name="filter-option--Free-From-7330379" type="checkbox"><label class="checkbox-label" for="filter-option--Free-From-7330379" title="Free From"><a class="filter-option--link" href="https://www.tesco.com/groceries/en-GB/shop/food-cupboard/all?brand=Free%20From&amp;viewAll=brand"><span class="checkbox-square checkbox-square-linked"></span><span class="checkbox-check icon-tick-white"></span><span class="visually-hidden">Filter by</span><span class="filter-label--line--inline">Free From</span><span class="filter-label--line--inline">&nbsp;(114)</span></a></label></div></li><li class="filter-option__container" id="Heinz" data-auto="filter-option" data-auto-selected="false"><div class="checkbox" data-auto="checkbox"><input id="filter-option--Heinz-5951468" name="filter-option--Heinz-5951468" type="checkbox"><label class="checkbox-label" for="filter-option--Heinz-5951468" title="Heinz"><a class="filter-option--link" href="https://www.tesco.com/groceries/en-GB/shop/food-cupboard/all?brand=Heinz&amp;viewAll=brand"><span class="checkbox-square checkbox-square-linked"></span><span class="checkbox-check icon-tick-white"></span><span class="visually-hidden">Filter by</span><span class="filter-label--line--inline">Heinz</span><span class="filter-label--line--inline">&nbsp;(111)</span></a></label></div></li><li class="filter-option__container" id="Dr. Oetker" data-auto="filter-option" data-auto-selected="false"><div class="checkbox" data-auto="checkbox"><input id="filter-option--Dr.-Oetker-1344078" name="filter-option--Dr.-Oetker-1344078" type="checkbox"><label class="checkbox-label" for="filter-option--Dr.-Oetker-1344078" title="Dr. Oetker"><a class="filter-option--link" href="https://www.tesco.com/groceries/en-GB/shop/food-cupboard/all?brand=Dr.%20Oetker&amp;viewAll=brand"><span class="checkbox-square checkbox-square-linked"></span><span class="checkbox-check icon-tick-white"></span><span class="visually-hidden">Filter by</span><span class="filter-label--line--inline">Dr. Oetker</span><span class="filter-label--line--inline">&nbsp;(83)</span></a></label></div></li><li class="filter-option__container" id="Walkers" data-auto="filter-option" data-auto-selected="false"><div class="checkbox" data-auto="checkbox"><input id="filter-option--Walkers-2437893" name="filter-option--Walkers-2437893" type="checkbox"><label class="checkbox-label" for="filter-option--Walkers-2437893" title="Walkers"><a class="filter-option--link" href="https://www.tesco.com/groceries/en-GB/shop/food-cupboard/all?brand=Walkers&amp;viewAll=brand"><span class="checkbox-square checkbox-square-linked"></span><span class="checkbox-check icon-tick-white"></span><span class="visually-hidden">Filter by</span><span class="filter-label--line--inline">Walkers</span><span class="filter-label--line--inline">&nbsp;(81)</span></a></label></div></li><li class="filter-option__container" id="Kellogg&#39;s" data-auto="filter-option" data-auto-selected="false"><div class="checkbox" data-auto="checkbox"><input id="filter-option--Kellogg&#39;s-2704896" name="filter-option--Kellogg&#39;s-2704896" type="checkbox"><label class="checkbox-label" for="filter-option--Kellogg&#39;s-2704896" title="Kellogg&#39;s"><a class="filter-option--link" href="https://www.tesco.com/groceries/en-GB/shop/food-cupboard/all?brand=Kellogg%27s&amp;viewAll=brand"><span class="checkbox-square checkbox-square-linked"></span><span class="checkbox-check icon-tick-white"></span><span class="visually-hidden">Filter by</span><span class="filter-label--line--inline">Kellogg's</span><span class="filter-label--line--inline">&nbsp;(65)</span></a></label></div></li><li class="filter-option__container" id="Lindt" data-auto="filter-option" data-auto-selected="false"><div class="checkbox" data-auto="checkbox"><input id="filter-option--Lindt-7255292" name="filter-option--Lindt-7255292" type="checkbox"><label class="checkbox-label" for="filter-option--Lindt-7255292" title="Lindt"><a class="filter-option--link" href="https://www.tesco.com/groceries/en-GB/shop/food-cupboard/all?brand=Lindt&amp;viewAll=brand"><span class="checkbox-square checkbox-square-linked"></span><span class="checkbox-check icon-tick-white"></span><span class="visually-hidden">Filter by</span><span class="filter-label--line--inline">Lindt</span><span class="filter-label--line--inline">&nbsp;(64)</span></a></label></div></li><li class="filter-option__container" id="Batchelors" data-auto="filter-option" data-auto-selected="false"><div class="checkbox" data-auto="checkbox"><input id="filter-option--Batchelors-1511088" name="filter-option--Batchelors-1511088" type="checkbox"><label class="checkbox-label" for="filter-option--Batchelors-1511088" title="Batchelors"><a class="filter-option--link" href="https://www.tesco.com/groceries/en-GB/shop/food-cupboard/all?brand=Batchelors&amp;viewAll=brand"><span class="checkbox-square checkbox-square-linked"></span><span class="checkbox-check icon-tick-white"></span><span class="visually-hidden">Filter by</span><span class="filter-label--line--inline">Batchelors</span><span class="filter-label--line--inline">&nbsp;(43)</span></a></label></div></li><li class="filter-option__container" id="Tesco Organic" data-auto="filter-option" data-auto-selected="false"><div class="checkbox" data-auto="checkbox"><input id="filter-option--Tesco-Organic-8645437" name="filter-option--Tesco-Organic-8645437" type="checkbox"><label class="checkbox-label" for="filter-option--Tesco-Organic-8645437" title="Tesco Organic"><a class="filter-option--link" href="https://www.tesco.com/groceries/en-GB/shop/food-cupboard/all?brand=Tesco%20Organic&amp;viewAll=brand"><span class="checkbox-square checkbox-square-linked"></span><span class="checkbox-check icon-tick-white"></span><span class="visually-hidden">Filter by</span><span class="filter-label--line--inline">Tesco Organic</span><span class="filter-label--line--inline">&nbsp;(43)</span></a></label></div></li><li class="filter-option__container" id="Princes" data-auto="filter-option" data-auto-selected="false"><div class="checkbox" data-auto="checkbox"><input id="filter-option--Princes-5602376" name="filter-option--Princes-5602376" type="checkbox"><label class="checkbox-label" for="filter-option--Princes-5602376" title="Princes"><a class="filter-option--link" href="https://www.tesco.com/groceries/en-GB/shop/food-cupboard/all?brand=Princes&amp;viewAll=brand"><span class="checkbox-square checkbox-square-linked"></span><span class="checkbox-check icon-tick-white"></span><span class="visually-hidden">Filter by</span><span class="filter-label--line--inline">Princes</span><span class="filter-label--line--inline">&nbsp;(42)</span></a></label></div></li><li class="filter-option__container" id="Blue Dragon" data-auto="filter-option" data-auto-selected="false"><div class="checkbox" data-auto="checkbox"><input id="filter-option--Blue-Dragon-6062052" name="filter-option--Blue-Dragon-6062052" type="checkbox"><label class="checkbox-label" for="filter-option--Blue-Dragon-6062052" title="Blue Dragon"><a class="filter-option--link" href="https://www.tesco.com/groceries/en-GB/shop/food-cupboard/all?brand=Blue%20Dragon&amp;viewAll=brand"><span class="checkbox-square checkbox-square-linked"></span><span class="checkbox-check icon-tick-white"></span><span class="visually-hidden">Filter by</span><span class="filter-label--line--inline">Blue Dragon</span><span class="filter-label--line--inline">&nbsp;(41)</span></a></label></div></li><li class="filter-option__container" id="Colman&#39;s" data-auto="filter-option" data-auto-selected="false"><div class="checkbox" data-auto="checkbox"><input id="filter-option--Colman&#39;s-9857160" name="filter-option--Colman&#39;s-9857160" type="checkbox"><label class="checkbox-label" for="filter-option--Colman&#39;s-9857160" title="Colman&#39;s"><a class="filter-option--link" href="https://www.tesco.com/groceries/en-GB/shop/food-cupboard/all?brand=Colman%27s&amp;viewAll=brand"><span class="checkbox-square checkbox-square-linked"></span><span class="checkbox-check icon-tick-white"></span><span class="visually-hidden">Filter by</span><span class="filter-label--line--inline">Colman's</span><span class="filter-label--line--inline">&nbsp;(40)</span></a></label></div></li><li class="filter-option__container" id="Mcvitie&#39;s" data-auto="filter-option" data-auto-selected="false"><div class="checkbox" data-auto="checkbox"><input id="filter-option--Mcvitie&#39;s-4668026" name="filter-option--Mcvitie&#39;s-4668026" type="checkbox"><label class="checkbox-label" for="filter-option--Mcvitie&#39;s-4668026" title="Mcvitie&#39;s"><a class="filter-option--link" href="https://www.tesco.com/groceries/en-GB/shop/food-cupboard/all?brand=Mcvitie%27s&amp;viewAll=brand"><span class="checkbox-square checkbox-square-linked"></span><span class="checkbox-check icon-tick-white"></span><span class="visually-hidden">Filter by</span><span class="filter-label--line--inline">Mcvitie's</span><span class="filter-label--line--inline">&nbsp;(40)</span></a></label></div></li><li class="filter-option__container" id="Old El Paso" data-auto="filter-option" data-auto-selected="false"><div class="checkbox" data-auto="checkbox"><input id="filter-option--Old-El-Paso-8403269" name="filter-option--Old-El-Paso-8403269" type="checkbox"><label class="checkbox-label" for="filter-option--Old-El-Paso-8403269" title="Old El Paso"><a class="filter-option--link" href="https://www.tesco.com/groceries/en-GB/shop/food-cupboard/all?brand=Old%20El%20Paso&amp;viewAll=brand"><span class="checkbox-square checkbox-square-linked"></span><span class="checkbox-check icon-tick-white"></span><span class="visually-hidden">Filter by</span><span class="filter-label--line--inline">Old El Paso</span><span class="filter-label--line--inline">&nbsp;(39)</span></a></label></div></li><li class="filter-option__container" id="Quaker" data-auto="filter-option" data-auto-selected="false"><div class="checkbox" data-auto="checkbox"><input id="filter-option--Quaker-5945783" name="filter-option--Quaker-5945783" type="checkbox"><label class="checkbox-label" for="filter-option--Quaker-5945783" title="Quaker"><a class="filter-option--link" href="https://www.tesco.com/groceries/en-GB/shop/food-cupboard/all?brand=Quaker&amp;viewAll=brand"><span class="checkbox-square checkbox-square-linked"></span><span class="checkbox-check icon-tick-white"></span><span class="visually-hidden">Filter by</span><span class="filter-label--line--inline">Quaker</span><span class="filter-label--line--inline">&nbsp;(38)</span></a></label></div></li><li class="filter-option__container" id="Baxters" data-auto="filter-option" data-auto-selected="false"><div class="checkbox" data-auto="checkbox"><input id="filter-option--Baxters-1484632" name="filter-option--Baxters-1484632" type="checkbox"><label class="checkbox-label" for="filter-option--Baxters-1484632" title="Baxters"><a class="filter-option--link" href="https://www.tesco.com/groceries/en-GB/shop/food-cupboard/all?brand=Baxters&amp;viewAll=brand"><span class="checkbox-square checkbox-square-linked"></span><span class="checkbox-check icon-tick-white"></span><span class="visually-hidden">Filter by</span><span class="filter-label--line--inline">Baxters</span><span class="filter-label--line--inline">&nbsp;(36)</span></a></label></div></li><li class="filter-option__container" id="Ben&#39;s Original" data-auto="filter-option" data-auto-selected="false"><div class="checkbox" data-auto="checkbox"><input id="filter-option--Ben&#39;s-Original-2420669" name="filter-option--Ben&#39;s-Original-2420669" type="checkbox"><label class="checkbox-label" for="filter-option--Ben&#39;s-Original-2420669" title="Ben&#39;s Original"><a class="filter-option--link" href="https://www.tesco.com/groceries/en-GB/shop/food-cupboard/all?brand=Ben%27s%20Original&amp;viewAll=brand"><span class="checkbox-square checkbox-square-linked"></span><span class="checkbox-check icon-tick-white"></span><span class="visually-hidden">Filter by</span><span class="filter-label--line--block">Ben's</span><span class="filter-label--line--inline filter-label--line--truncate">Original</span><span class="filter-label--line--inline">&nbsp;(36)</span></a></label></div></li><li class="filter-option__container" id="East End" data-auto="filter-option" data-auto-selected="false"><div class="checkbox" data-auto="checkbox"><input id="filter-option--East-End-8534009" name="filter-option--East-End-8534009" type="checkbox"><label class="checkbox-label" for="filter-option--East-End-8534009" title="East End"><a class="filter-option--link" href="https://www.tesco.com/groceries/en-GB/shop/food-cupboard/all?brand=East%20End&amp;viewAll=brand"><span class="checkbox-square checkbox-square-linked"></span><span class="checkbox-check icon-tick-white"></span><span class="visually-hidden">Filter by</span><span class="filter-label--line--inline">East End</span><span class="filter-label--line--inline">&nbsp;(36)</span></a></label></div></li><li class="filter-option__container" id="Cofresh" data-auto="filter-option" data-auto-selected="false"><div class="checkbox" data-auto="checkbox"><input id="filter-option--Cofresh-1803953" name="filter-option--Cofresh-1803953" type="checkbox"><label class="checkbox-label" for="filter-option--Cofresh-1803953" title="Cofresh"><a class="filter-option--link" href="https://www.tesco.com/groceries/en-GB/shop/food-cupboard/all?brand=Cofresh&amp;viewAll=brand"><span class="checkbox-square checkbox-square-linked"></span><span class="checkbox-check icon-tick-white"></span><span class="visually-hidden">Filter by</span><span class="filter-label--line--inline">Cofresh</span><span class="filter-label--line--inline">&nbsp;(35)</span></a></label></div></li><li class="filter-option__container" id="Jacob&#39;s" data-auto="filter-option" data-auto-selected="false"><div class="checkbox" data-auto="checkbox"><input id="filter-option--Jacob&#39;s-4206744" name="filter-option--Jacob&#39;s-4206744" type="checkbox"><label class="checkbox-label" for="filter-option--Jacob&#39;s-4206744" title="Jacob&#39;s"><a class="filter-option--link" href="https://www.tesco.com/groceries/en-GB/shop/food-cupboard/all?brand=Jacob%27s&amp;viewAll=brand"><span class="checkbox-square checkbox-square-linked"></span><span class="checkbox-check icon-tick-white"></span><span class="visually-hidden">Filter by</span><span class="filter-label--line--inline">Jacob's</span><span class="filter-label--line--inline">&nbsp;(35)</span></a></label></div></li><li class="filter-option__container" id="Nando&#39;s" data-auto="filter-option" data-auto-selected="false"><div class="checkbox" data-auto="checkbox"><input id="filter-option--Nando&#39;s-6386016" name="filter-option--Nando&#39;s-6386016" type="checkbox"><label class="checkbox-label" for="filter-option--Nando&#39;s-6386016" title="Nando&#39;s"><a class="filter-option--link" href="https://www.tesco.com/groceries/en-GB/shop/food-cupboard/all?brand=Nando%27s&amp;viewAll=brand"><span class="checkbox-square checkbox-square-linked"></span><span class="checkbox-check icon-tick-white"></span><span class="visually-hidden">Filter by</span><span class="filter-label--line--inline">Nando's</span><span class="filter-label--line--inline">&nbsp;(33)</span></a></label></div></li><li class="filter-option__container" id="Nestle" data-auto="filter-option" data-auto-selected="false"><div class="checkbox" data-auto="checkbox"><input id="filter-option--Nestle-4077962" name="filter-option--Nestle-4077962" type="checkbox"><label class="checkbox-label" for="filter-option--Nestle-4077962" title="Nestle"><a class="filter-option--link" href="https://www.tesco.com/groceries/en-GB/shop/food-cupboard/all?brand=Nestle&amp;viewAll=brand"><span class="checkbox-square checkbox-square-linked"></span><span class="checkbox-check icon-tick-white"></span><span class="visually-hidden">Filter by</span><span class="filter-label--line--inline">Nestle</span><span class="filter-label--line--inline">&nbsp;(33)</span></a></label></div></li><li class="filter-option__container" id="Hartleys" data-auto="filter-option" data-auto-selected="false"><div class="checkbox" data-auto="checkbox"><input id="filter-option--Hartleys-86370" name="filter-option--Hartleys-86370" type="checkbox"><label class="checkbox-label" for="filter-option--Hartleys-86370" title="Hartleys"><a class="filter-option--link" href="https://www.tesco.com/groceries/en-GB/shop/food-cupboard/all?brand=Hartleys&amp;viewAll=brand"><span class="checkbox-square checkbox-square-linked"></span><span class="checkbox-check icon-tick-white"></span><span class="visually-hidden">Filter by</span><span class="filter-label--line--inline">Hartleys</span><span class="filter-label--line--inline">&nbsp;(32)</span></a></label></div></li><li class="filter-option__container" id="Stockwell Co" data-auto="filter-option" data-auto-selected="false"><div class="checkbox" data-auto="checkbox"><input id="filter-option--Stockwell-Co-9461946" name="filter-option--Stockwell-Co-9461946" type="checkbox"><label class="checkbox-label" for="filter-option--Stockwell-Co-9461946" title="Stockwell Co"><a class="filter-option--link" href="https://www.tesco.com/groceries/en-GB/shop/food-cupboard/all?brand=Stockwell%20Co&amp;viewAll=brand"><span class="checkbox-square checkbox-square-linked"></span><span class="checkbox-check icon-tick-white"></span><span class="visually-hidden">Filter by</span><span class="filter-label--line--inline">Stockwell Co</span><span class="filter-label--line--inline">&nbsp;(32)</span></a></label></div></li><li class="filter-option__container" id="Bisto" data-auto="filter-option" data-auto-selected="false"><div class="checkbox" data-auto="checkbox"><input id="filter-option--Bisto-3358514" name="filter-option--Bisto-3358514" type="checkbox"><label class="checkbox-label" for="filter-option--Bisto-3358514" title="Bisto"><a class="filter-option--link" href="https://www.tesco.com/groceries/en-GB/shop/food-cupboard/all?brand=Bisto&amp;viewAll=brand"><span class="checkbox-square checkbox-square-linked"></span><span class="checkbox-check icon-tick-white"></span><span class="visually-hidden">Filter by</span><span class="filter-label--line--inline">Bisto</span><span class="filter-label--line--inline">&nbsp;(31)</span></a></label></div></li><li class="filter-option__container" id="Pataks" data-auto="filter-option" data-auto-selected="false"><div class="checkbox" data-auto="checkbox"><input id="filter-option--Pataks-6746929" name="filter-option--Pataks-6746929" type="checkbox"><label class="checkbox-label" for="filter-option--Pataks-6746929" title="Pataks"><a class="filter-option--link" href="https://www.tesco.com/groceries/en-GB/shop/food-cupboard/all?brand=Pataks&amp;viewAll=brand"><span class="checkbox-square checkbox-square-linked"></span><span class="checkbox-check icon-tick-white"></span><span class="visually-hidden">Filter by</span><span class="filter-label--line--inline">Pataks</span><span class="filter-label--line--inline">&nbsp;(31)</span></a></label></div></li><li class="filter-option__container" id="John West" data-auto="filter-option" data-auto-selected="false"><div class="checkbox" data-auto="checkbox"><input id="filter-option--John-West-975364" name="filter-option--John-West-975364" type="checkbox"><label class="checkbox-label" for="filter-option--John-West-975364" title="John West"><a class="filter-option--link" href="https://www.tesco.com/groceries/en-GB/shop/food-cupboard/all?brand=John%20West&amp;viewAll=brand"><span class="checkbox-square checkbox-square-linked"></span><span class="checkbox-check icon-tick-white"></span><span class="visually-hidden">Filter by</span><span class="filter-label--line--inline">John West</span><span class="filter-label--line--inline">&nbsp;(28)</span></a></label></div></li><li class="filter-option__container" id="Knorr" data-auto="filter-option" data-auto-selected="false"><div class="checkbox" data-auto="checkbox"><input id="filter-option--Knorr-6786145" name="filter-option--Knorr-6786145" type="checkbox"><label class="checkbox-label" for="filter-option--Knorr-6786145" title="Knorr"><a class="filter-option--link" href="https://www.tesco.com/groceries/en-GB/shop/food-cupboard/all?brand=Knorr&amp;viewAll=brand"><span class="checkbox-square checkbox-square-linked"></span><span class="checkbox-check icon-tick-white"></span><span class="visually-hidden">Filter by</span><span class="filter-label--line--inline">Knorr</span><span class="filter-label--line--inline">&nbsp;(27)</span></a></label></div></li><li class="filter-option__container" id="Tilda" data-auto="filter-option" data-auto-selected="false"><div class="checkbox" data-auto="checkbox"><input id="filter-option--Tilda-3818804" name="filter-option--Tilda-3818804" type="checkbox"><label class="checkbox-label" for="filter-option--Tilda-3818804" title="Tilda"><a class="filter-option--link" href="https://www.tesco.com/groceries/en-GB/shop/food-cupboard/all?brand=Tilda&amp;viewAll=brand"><span class="checkbox-square checkbox-square-linked"></span><span class="checkbox-check icon-tick-white"></span><span class="visually-hidden">Filter by</span><span class="filter-label--line--inline">Tilda</span><span class="filter-label--line--inline">&nbsp;(27)</span></a></label></div></li><li class="filter-option__container" id="Ambrosia" data-auto="filter-option" data-auto-selected="false"><div class="checkbox" data-auto="checkbox"><input id="filter-option--Ambrosia-8864149" name="filter-option--Ambrosia-8864149" type="checkbox"><label class="checkbox-label" for="filter-option--Ambrosia-8864149" title="Ambrosia"><a class="filter-option--link" href="https://www.tesco.com/groceries/en-GB/shop/food-cupboard/all?brand=Ambrosia&amp;viewAll=brand"><span class="checkbox-square checkbox-square-linked"></span><span class="checkbox-check icon-tick-white"></span><span class="visually-hidden">Filter by</span><span class="filter-label--line--inline">Ambrosia</span><span class="filter-label--line--inline">&nbsp;(26)</span></a></label></div></li><li class="filter-option__container" id="Napolina" data-auto="filter-option" data-auto-selected="false"><div class="checkbox" data-auto="checkbox"><input id="filter-option--Napolina-1660522" name="filter-option--Napolina-1660522" type="checkbox"><label class="checkbox-label" for="filter-option--Napolina-1660522" title="Napolina"><a class="filter-option--link" href="https://www.tesco.com/groceries/en-GB/shop/food-cupboard/all?brand=Napolina&amp;viewAll=brand"><span class="checkbox-square checkbox-square-linked"></span><span class="checkbox-check icon-tick-white"></span><span class="visually-hidden">Filter by</span><span class="filter-label--line--inline">Napolina</span><span class="filter-label--line--inline">&nbsp;(26)</span></a></label></div></li><li class="filter-option__container" id="Loyd Grossman" data-auto="filter-option" data-auto-selected="false"><div class="checkbox" data-auto="checkbox"><input id="filter-option--Loyd-Grossman-409162" name="filter-option--Loyd-Grossman-409162" type="checkbox"><label class="checkbox-label" for="filter-option--Loyd-Grossman-409162" title="Loyd Grossman"><a class="filter-option--link" href="https://www.tesco.com/groceries/en-GB/shop/food-cupboard/all?brand=Loyd%20Grossman&amp;viewAll=brand"><span class="checkbox-square checkbox-square-linked"></span><span class="checkbox-check icon-tick-white"></span><span class="visually-hidden">Filter by</span><span class="filter-label--line--inline">Loyd Grossman</span><span class="filter-label--line--inline">&nbsp;(25)</span></a></label></div></li><li class="filter-option__container" id="Naturya" data-auto="filter-option" data-auto-selected="false"><div class="checkbox" data-auto="checkbox"><input id="filter-option--Naturya-1208761" name="filter-option--Naturya-1208761" type="checkbox"><label class="checkbox-label" for="filter-option--Naturya-1208761" title="Naturya"><a class="filter-option--link" href="https://www.tesco.com/groceries/en-GB/shop/food-cupboard/all?brand=Naturya&amp;viewAll=brand"><span class="checkbox-square checkbox-square-linked"></span><span class="checkbox-check icon-tick-white"></span><span class="visually-hidden">Filter by</span><span class="filter-label--line--inline">Naturya</span><span class="filter-label--line--inline">&nbsp;(25)</span></a></label></div></li><li class="filter-option__container" id="Whitworths" data-auto="filter-option" data-auto-selected="false"><div class="checkbox" data-auto="checkbox"><input id="filter-option--Whitworths-2631270" name="filter-option--Whitworths-2631270" type="checkbox"><label class="checkbox-label" for="filter-option--Whitworths-2631270" title="Whitworths"><a class="filter-option--link" href="https://www.tesco.com/groceries/en-GB/shop/food-cupboard/all?brand=Whitworths&amp;viewAll=brand"><span class="checkbox-square checkbox-square-linked"></span><span class="checkbox-check icon-tick-white"></span><span class="visually-hidden">Filter by</span><span class="filter-label--line--inline">Whitworths</span><span class="filter-label--line--inline">&nbsp;(25)</span></a></label></div></li><li class="filter-option__container" id="Wrigleys" data-auto="filter-option" data-auto-selected="false"><div class="checkbox" data-auto="checkbox"><input id="filter-option--Wrigleys-6772939" name="filter-option--Wrigleys-6772939" type="checkbox"><label class="checkbox-label" for="filter-option--Wrigleys-6772939" title="Wrigleys"><a class="filter-option--link" href="https://www.tesco.com/groceries/en-GB/shop/food-cupboard/all?brand=Wrigleys&amp;viewAll=brand"><span class="checkbox-square checkbox-square-linked"></span><span class="checkbox-check icon-tick-white"></span><span class="visually-hidden">Filter by</span><span class="filter-label--line--inline">Wrigleys</span><span class="filter-label--line--inline">&nbsp;(25)</span></a></label></div></li><li class="filter-option__container" id="Cake Decor" data-auto="filter-option" data-auto-selected="false"><div class="checkbox" data-auto="checkbox"><input id="filter-option--Cake-Decor-8798766" name="filter-option--Cake-Decor-8798766" type="checkbox"><label class="checkbox-label" for="filter-option--Cake-Decor-8798766" title="Cake Decor"><a class="filter-option--link" href="https://www.tesco.com/groceries/en-GB/shop/food-cupboard/all?brand=Cake%20Decor&amp;viewAll=brand"><span class="checkbox-square checkbox-square-linked"></span><span class="checkbox-check icon-tick-white"></span><span class="visually-hidden">Filter by</span><span class="filter-label--line--inline">Cake Decor</span><span class="filter-label--line--inline">&nbsp;(24)</span></a></label></div></li><li class="filter-option__container" id="Dolmio" data-auto="filter-option" data-auto-selected="false"><div class="checkbox" data-auto="checkbox"><input id="filter-option--Dolmio-7600581" name="filter-option--Dolmio-7600581" type="checkbox"><label class="checkbox-label" for="filter-option--Dolmio-7600581" title="Dolmio"><a class="filter-option--link" href="https://www.tesco.com/groceries/en-GB/shop/food-cupboard/all?brand=Dolmio&amp;viewAll=brand"><span class="checkbox-square checkbox-square-linked"></span><span class="checkbox-check icon-tick-white"></span><span class="visually-hidden">Filter by</span><span class="filter-label--line--inline">Dolmio</span><span class="filter-label--line--inline">&nbsp;(24)</span></a></label></div></li><li class="filter-option__container" id="Graze" data-auto="filter-option" data-auto-selected="false"><div class="checkbox" data-auto="checkbox"><input id="filter-option--Graze-226411" name="filter-option--Graze-226411" type="checkbox"><label class="checkbox-label" for="filter-option--Graze-226411" title="Graze"><a class="filter-option--link" href="https://www.tesco.com/groceries/en-GB/shop/food-cupboard/all?brand=Graze&amp;viewAll=brand"><span class="checkbox-square checkbox-square-linked"></span><span class="checkbox-check icon-tick-white"></span><span class="visually-hidden">Filter by</span><span class="filter-label--line--inline">Graze</span><span class="filter-label--line--inline">&nbsp;(24)</span></a></label></div></li><li class="filter-option__container" id="Bear" data-auto="filter-option" data-auto-selected="false"><div class="checkbox" data-auto="checkbox"><input id="filter-option--Bear-9978118" name="filter-option--Bear-9978118" type="checkbox"><label class="checkbox-label" for="filter-option--Bear-9978118" title="Bear"><a class="filter-option--link" href="https://www.tesco.com/groceries/en-GB/shop/food-cupboard/all?brand=Bear&amp;viewAll=brand"><span class="checkbox-square checkbox-square-linked"></span><span class="checkbox-check icon-tick-white"></span><span class="visually-hidden">Filter by</span><span class="filter-label--line--inline">Bear</span><span class="filter-label--line--inline">&nbsp;(23)</span></a></label></div></li><li class="filter-option__container" id="Kit Kat" data-auto="filter-option" data-auto-selected="false"><div class="checkbox" data-auto="checkbox"><input id="filter-option--Kit-Kat-1052645" name="filter-option--Kit-Kat-1052645" type="checkbox"><label class="checkbox-label" for="filter-option--Kit-Kat-1052645" title="Kit Kat"><a class="filter-option--link" href="https://www.tesco.com/groceries/en-GB/shop/food-cupboard/all?brand=Kit%20Kat&amp;viewAll=brand"><span class="checkbox-square checkbox-square-linked"></span><span class="checkbox-check icon-tick-white"></span><span class="visually-hidden">Filter by</span><span class="filter-label--line--inline">Kit Kat</span><span class="filter-label--line--inline">&nbsp;(23)</span></a></label></div></li><li class="filter-option__container" id="Maggi" data-auto="filter-option" data-auto-selected="false"><div class="checkbox" data-auto="checkbox"><input id="filter-option--Maggi-3890811" name="filter-option--Maggi-3890811" type="checkbox"><label class="checkbox-label" for="filter-option--Maggi-3890811" title="Maggi"><a class="filter-option--link" href="https://www.tesco.com/groceries/en-GB/shop/food-cupboard/all?brand=Maggi&amp;viewAll=brand"><span class="checkbox-square checkbox-square-linked"></span><span class="checkbox-check icon-tick-white"></span><span class="visually-hidden">Filter by</span><span class="filter-label--line--inline">Maggi</span><span class="filter-label--line--inline">&nbsp;(23)</span></a></label></div></li><li class="filter-option__container" id="Wicked Kitchen" data-auto="filter-option" data-auto-selected="false"><div class="checkbox" data-auto="checkbox"><input id="filter-option--Wicked-Kitchen-1429617" name="filter-option--Wicked-Kitchen-1429617" type="checkbox"><label class="checkbox-label" for="filter-option--Wicked-Kitchen-1429617" title="Wicked Kitchen"><a class="filter-option--link" href="https://www.tesco.com/groceries/en-GB/shop/food-cupboard/all?brand=Wicked%20Kitchen&amp;viewAll=brand"><span class="checkbox-square checkbox-square-linked"></span><span class="checkbox-check icon-tick-white"></span><span class="visually-hidden">Filter by</span><span class="filter-label--line--block">Wicked</span><span class="filter-label--line--inline filter-label--line--truncate">Kitchen</span><span class="filter-label--line--inline">&nbsp;(22)</span></a></label></div></li><li class="filter-option__container" id="Betty Crocker" data-auto="filter-option" data-auto-selected="false"><div class="checkbox" data-auto="checkbox"><input id="filter-option--Betty-Crocker-7536821" name="filter-option--Betty-Crocker-7536821" type="checkbox"><label class="checkbox-label" for="filter-option--Betty-Crocker-7536821" title="Betty Crocker"><a class="filter-option--link" href="https://www.tesco.com/groceries/en-GB/shop/food-cupboard/all?brand=Betty%20Crocker&amp;viewAll=brand"><span class="checkbox-square checkbox-square-linked"></span><span class="checkbox-check icon-tick-white"></span><span class="visually-hidden">Filter by</span><span class="filter-label--line--inline">Betty Crocker</span><span class="filter-label--line--inline">&nbsp;(21)</span></a></label></div></li><li class="filter-option__container" id="Grace" data-auto="filter-option" data-auto-selected="false"><div class="checkbox" data-auto="checkbox"><input id="filter-option--Grace-2489791" name="filter-option--Grace-2489791" type="checkbox"><label class="checkbox-label" for="filter-option--Grace-2489791" title="Grace"><a class="filter-option--link" href="https://www.tesco.com/groceries/en-GB/shop/food-cupboard/all?brand=Grace&amp;viewAll=brand"><span class="checkbox-square checkbox-square-linked"></span><span class="checkbox-check icon-tick-white"></span><span class="visually-hidden">Filter by</span><span class="filter-label--line--inline">Grace</span><span class="filter-label--line--inline">&nbsp;(21)</span></a></label></div></li><li class="filter-option__container" id="Sharwoods" data-auto="filter-option" data-auto-selected="false"><div class="checkbox" data-auto="checkbox"><input id="filter-option--Sharwoods-6293997" name="filter-option--Sharwoods-6293997" type="checkbox"><label class="checkbox-label" for="filter-option--Sharwoods-6293997" title="Sharwoods"><a class="filter-option--link" href="https://www.tesco.com/groceries/en-GB/shop/food-cupboard/all?brand=Sharwoods&amp;viewAll=brand"><span class="checkbox-square checkbox-square-linked"></span><span class="checkbox-check icon-tick-white"></span><span class="visually-hidden">Filter by</span><span class="filter-label--line--inline">Sharwoods</span><span class="filter-label--line--inline">&nbsp;(21)</span></a></label></div></li><li class="filter-option__container" id="Fox&#39;s" data-auto="filter-option" data-auto-selected="false"><div class="checkbox" data-auto="checkbox"><input id="filter-option--Fox&#39;s-6301102" name="filter-option--Fox&#39;s-6301102" type="checkbox"><label class="checkbox-label" for="filter-option--Fox&#39;s-6301102" title="Fox&#39;s"><a class="filter-option--link" href="https://www.tesco.com/groceries/en-GB/shop/food-cupboard/all?brand=Fox%27s&amp;viewAll=brand"><span class="checkbox-square checkbox-square-linked"></span><span class="checkbox-check icon-tick-white"></span><span class="visually-hidden">Filter by</span><span class="filter-label--line--inline">Fox's</span><span class="filter-label--line--inline">&nbsp;(20)</span></a></label></div></li><li class="filter-option__container" id="Alpro" data-auto="filter-option" data-auto-selected="false"><div class="checkbox" data-auto="checkbox"><input id="filter-option--Alpro-3458635" name="filter-option--Alpro-3458635" type="checkbox"><label class="checkbox-label" for="filter-option--Alpro-3458635" title="Alpro"><a class="filter-option--link" href="https://www.tesco.com/groceries/en-GB/shop/food-cupboard/all?brand=Alpro&amp;viewAll=brand"><span class="checkbox-square checkbox-square-linked"></span><span class="checkbox-check icon-tick-white"></span><span class="visually-hidden">Filter by</span><span class="filter-label--line--inline">Alpro</span><span class="filter-label--line--inline">&nbsp;(19)</span></a></label></div></li><li class="filter-option__container" id="Belazu" data-auto="filter-option" data-auto-selected="false"><div class="checkbox" data-auto="checkbox"><input id="filter-option--Belazu-7189081" name="filter-option--Belazu-7189081" type="checkbox"><label class="checkbox-label" for="filter-option--Belazu-7189081" title="Belazu"><a class="filter-option--link" href="https://www.tesco.com/groceries/en-GB/shop/food-cupboard/all?brand=Belazu&amp;viewAll=brand"><span class="checkbox-square checkbox-square-linked"></span><span class="checkbox-check icon-tick-white"></span><span class="visually-hidden">Filter by</span><span class="filter-label--line--inline">Belazu</span><span class="filter-label--line--inline">&nbsp;(19)</span></a></label></div></li><li class="filter-option__container" id="Haribo" data-auto="filter-option" data-auto-selected="false"><div class="checkbox" data-auto="checkbox"><input id="filter-option--Haribo-9243739" name="filter-option--Haribo-9243739" type="checkbox"><label class="checkbox-label" for="filter-option--Haribo-9243739" title="Haribo"><a class="filter-option--link" href="https://www.tesco.com/groceries/en-GB/shop/food-cupboard/all?brand=Haribo&amp;viewAll=brand"><span class="checkbox-square checkbox-square-linked"></span><span class="checkbox-check icon-tick-white"></span><span class="visually-hidden">Filter by</span><span class="filter-label--line--inline">Haribo</span><span class="filter-label--line--inline">&nbsp;(19)</span></a></label></div></li><li class="filter-option__container" id="Nakd" data-auto="filter-option" data-auto-selected="false"><div class="checkbox" data-auto="checkbox"><input id="filter-option--Nakd-5803200" name="filter-option--Nakd-5803200" type="checkbox"><label class="checkbox-label" for="filter-option--Nakd-5803200" title="Nakd"><a class="filter-option--link" href="https://www.tesco.com/groceries/en-GB/shop/food-cupboard/all?brand=Nakd&amp;viewAll=brand"><span class="checkbox-square checkbox-square-linked"></span><span class="checkbox-check icon-tick-white"></span><span class="visually-hidden">Filter by</span><span class="filter-label--line--inline">Nakd</span><span class="filter-label--line--inline">&nbsp;(19)</span></a></label></div></li><li class="filter-option__container" id="The Spice Tailor" data-auto="filter-option" data-auto-selected="false"><div class="checkbox" data-auto="checkbox"><input id="filter-option--The-Spice-Tailor-7910186" name="filter-option--The-Spice-Tailor-7910186" type="checkbox"><label class="checkbox-label" for="filter-option--The-Spice-Tailor-7910186" title="The Spice Tailor"><a class="filter-option--link" href="https://www.tesco.com/groceries/en-GB/shop/food-cupboard/all?brand=The%20Spice%20Tailor&amp;viewAll=brand"><span class="checkbox-square checkbox-square-linked"></span><span class="checkbox-check icon-tick-white"></span><span class="visually-hidden">Filter by</span><span class="filter-label--line--block">The Spice</span><span class="filter-label--line--inline filter-label--line--truncate">Tailor</span><span class="filter-label--line--inline">&nbsp;(19)</span></a></label></div></li><li class="filter-option__container" id="Ferrero" data-auto="filter-option" data-auto-selected="false"><div class="checkbox" data-auto="checkbox"><input id="filter-option--Ferrero-4670495" name="filter-option--Ferrero-4670495" type="checkbox"><label class="checkbox-label" for="filter-option--Ferrero-4670495" title="Ferrero"><a class="filter-option--link" href="https://www.tesco.com/groceries/en-GB/shop/food-cupboard/all?brand=Ferrero&amp;viewAll=brand"><span class="checkbox-square checkbox-square-linked"></span><span class="checkbox-check icon-tick-white"></span><span class="visually-hidden">Filter by</span><span class="filter-label--line--inline">Ferrero</span><span class="filter-label--line--inline">&nbsp;(18)</span></a></label></div></li><li class="filter-option__container" id="Kp" data-auto="filter-option" data-auto-selected="false"><div class="checkbox" data-auto="checkbox"><input id="filter-option--Kp-3167459" name="filter-option--Kp-3167459" type="checkbox"><label class="checkbox-label" for="filter-option--Kp-3167459" title="Kp"><a class="filter-option--link" href="https://www.tesco.com/groceries/en-GB/shop/food-cupboard/all?brand=Kp&amp;viewAll=brand"><span class="checkbox-square checkbox-square-linked"></span><span class="checkbox-check icon-tick-white"></span><span class="visually-hidden">Filter by</span><span class="filter-label--line--inline">Kp</span><span class="filter-label--line--inline">&nbsp;(18)</span></a></label></div></li><li class="filter-option__container" id="Lee Kum Kee" data-auto="filter-option" data-auto-selected="false"><div class="checkbox" data-auto="checkbox"><input id="filter-option--Lee-Kum-Kee-1651121" name="filter-option--Lee-Kum-Kee-1651121" type="checkbox"><label class="checkbox-label" for="filter-option--Lee-Kum-Kee-1651121" title="Lee Kum Kee"><a class="filter-option--link" href="https://www.tesco.com/groceries/en-GB/shop/food-cupboard/all?brand=Lee%20Kum%20Kee&amp;viewAll=brand"><span class="checkbox-square checkbox-square-linked"></span><span class="checkbox-check icon-tick-white"></span><span class="visually-hidden">Filter by</span><span class="filter-label--line--inline">Lee Kum Kee</span><span class="filter-label--line--inline">&nbsp;(18)</span></a></label></div></li><li class="filter-option__container" id="Maltesers" data-auto="filter-option" data-auto-selected="false"><div class="checkbox" data-auto="checkbox"><input id="filter-option--Maltesers-9871674" name="filter-option--Maltesers-9871674" type="checkbox"><label class="checkbox-label" for="filter-option--Maltesers-9871674" title="Maltesers"><a class="filter-option--link" href="https://www.tesco.com/groceries/en-GB/shop/food-cupboard/all?brand=Maltesers&amp;viewAll=brand"><span class="checkbox-square checkbox-square-linked"></span><span class="checkbox-check icon-tick-white"></span><span class="visually-hidden">Filter by</span><span class="filter-label--line--inline">Maltesers</span><span class="filter-label--line--inline">&nbsp;(18)</span></a></label></div></li><li class="filter-option__container" id="Nairns" data-auto="filter-option" data-auto-selected="false"><div class="checkbox" data-auto="checkbox"><input id="filter-option--Nairns-9624840" name="filter-option--Nairns-9624840" type="checkbox"><label class="checkbox-label" for="filter-option--Nairns-9624840" title="Nairns"><a class="filter-option--link" href="https://www.tesco.com/groceries/en-GB/shop/food-cupboard/all?brand=Nairns&amp;viewAll=brand"><span class="checkbox-square checkbox-square-linked"></span><span class="checkbox-check icon-tick-white"></span><span class="visually-hidden">Filter by</span><span class="filter-label--line--inline">Nairns</span><span class="filter-label--line--inline">&nbsp;(18)</span></a></label></div></li><li class="filter-option__container" id="Weetabix" data-auto="filter-option" data-auto-selected="false"><div class="checkbox" data-auto="checkbox"><input id="filter-option--Weetabix-3074381" name="filter-option--Weetabix-3074381" type="checkbox"><label class="checkbox-label" for="filter-option--Weetabix-3074381" title="Weetabix"><a class="filter-option--link" href="https://www.tesco.com/groceries/en-GB/shop/food-cupboard/all?brand=Weetabix&amp;viewAll=brand"><span class="checkbox-square checkbox-square-linked"></span><span class="checkbox-check icon-tick-white"></span><span class="visually-hidden">Filter by</span><span class="filter-label--line--inline">Weetabix</span><span class="filter-label--line--inline">&nbsp;(18)</span></a></label></div></li><li class="filter-option__container" id="Belvita" data-auto="filter-option" data-auto-selected="false"><div class="checkbox" data-auto="checkbox"><input id="filter-option--Belvita-6553993" name="filter-option--Belvita-6553993" type="checkbox"><label class="checkbox-label" for="filter-option--Belvita-6553993" title="Belvita"><a class="filter-option--link" href="https://www.tesco.com/groceries/en-GB/shop/food-cupboard/all?brand=Belvita&amp;viewAll=brand"><span class="checkbox-square checkbox-square-linked"></span><span class="checkbox-check icon-tick-white"></span><span class="visually-hidden">Filter by</span><span class="filter-label--line--inline">Belvita</span><span class="filter-label--line--inline">&nbsp;(17)</span></a></label></div></li><li class="filter-option__container" id="Bonne Maman" data-auto="filter-option" data-auto-selected="false"><div class="checkbox" data-auto="checkbox"><input id="filter-option--Bonne-Maman-5134695" name="filter-option--Bonne-Maman-5134695" type="checkbox"><label class="checkbox-label" for="filter-option--Bonne-Maman-5134695" title="Bonne Maman"><a class="filter-option--link" href="https://www.tesco.com/groceries/en-GB/shop/food-cupboard/all?brand=Bonne%20Maman&amp;viewAll=brand"><span class="checkbox-square checkbox-square-linked"></span><span class="checkbox-check icon-tick-white"></span><span class="visually-hidden">Filter by</span><span class="filter-label--line--inline">Bonne Maman</span><span class="filter-label--line--inline">&nbsp;(17)</span></a></label></div></li><li class="filter-option__container" id="Del Monte" data-auto="filter-option" data-auto-selected="false"><div class="checkbox" data-auto="checkbox"><input id="filter-option--Del-Monte-5791369" name="filter-option--Del-Monte-5791369" type="checkbox"><label class="checkbox-label" for="filter-option--Del-Monte-5791369" title="Del Monte"><a class="filter-option--link" href="https://www.tesco.com/groceries/en-GB/shop/food-cupboard/all?brand=Del%20Monte&amp;viewAll=brand"><span class="checkbox-square checkbox-square-linked"></span><span class="checkbox-check icon-tick-white"></span><span class="visually-hidden">Filter by</span><span class="filter-label--line--inline">Del Monte</span><span class="filter-label--line--inline">&nbsp;(17)</span></a></label></div></li><li class="filter-option__container" id="Filippo Berio" data-auto="filter-option" data-auto-selected="false"><div class="checkbox" data-auto="checkbox"><input id="filter-option--Filippo-Berio-8642710" name="filter-option--Filippo-Berio-8642710" type="checkbox"><label class="checkbox-label" for="filter-option--Filippo-Berio-8642710" title="Filippo Berio"><a class="filter-option--link" href="https://www.tesco.com/groceries/en-GB/shop/food-cupboard/all?brand=Filippo%20Berio&amp;viewAll=brand"><span class="checkbox-square checkbox-square-linked"></span><span class="checkbox-check icon-tick-white"></span><span class="visually-hidden">Filter by</span><span class="filter-label--line--inline">Filippo Berio</span><span class="filter-label--line--inline">&nbsp;(17)</span></a></label></div></li><li class="filter-option__container" id="Galaxy" data-auto="filter-option" data-auto-selected="false"><div class="checkbox" data-auto="checkbox"><input id="filter-option--Galaxy-9000382" name="filter-option--Galaxy-9000382" type="checkbox"><label class="checkbox-label" for="filter-option--Galaxy-9000382" title="Galaxy"><a class="filter-option--link" href="https://www.tesco.com/groceries/en-GB/shop/food-cupboard/all?brand=Galaxy&amp;viewAll=brand"><span class="checkbox-square checkbox-square-linked"></span><span class="checkbox-check icon-tick-white"></span><span class="visually-hidden">Filter by</span><span class="filter-label--line--inline">Galaxy</span><span class="filter-label--line--inline">&nbsp;(17)</span></a></label></div></li><li class="filter-option__container" id="Kinder" data-auto="filter-option" data-auto-selected="false"><div class="checkbox" data-auto="checkbox"><input id="filter-option--Kinder-2905402" name="filter-option--Kinder-2905402" type="checkbox"><label class="checkbox-label" for="filter-option--Kinder-2905402" title="Kinder"><a class="filter-option--link" href="https://www.tesco.com/groceries/en-GB/shop/food-cupboard/all?brand=Kinder&amp;viewAll=brand"><span class="checkbox-square checkbox-square-linked"></span><span class="checkbox-check icon-tick-white"></span><span class="visually-hidden">Filter by</span><span class="filter-label--line--inline">Kinder</span><span class="filter-label--line--inline">&nbsp;(17)</span></a></label></div></li><li class="filter-option__container" id="Natco" data-auto="filter-option" data-auto-selected="false"><div class="checkbox" data-auto="checkbox"><input id="filter-option--Natco-271478" name="filter-option--Natco-271478" type="checkbox"><label class="checkbox-label" for="filter-option--Natco-271478" title="Natco"><a class="filter-option--link" href="https://www.tesco.com/groceries/en-GB/shop/food-cupboard/all?brand=Natco&amp;viewAll=brand"><span class="checkbox-square checkbox-square-linked"></span><span class="checkbox-check icon-tick-white"></span><span class="visually-hidden">Filter by</span><span class="filter-label--line--inline">Natco</span><span class="filter-label--line--inline">&nbsp;(17)</span></a></label></div></li><li class="filter-option__container" id="Pringles" data-auto="filter-option" data-auto-selected="false"><div class="checkbox" data-auto="checkbox"><input id="filter-option--Pringles-4907873" name="filter-option--Pringles-4907873" type="checkbox"><label class="checkbox-label" for="filter-option--Pringles-4907873" title="Pringles"><a class="filter-option--link" href="https://www.tesco.com/groceries/en-GB/shop/food-cupboard/all?brand=Pringles&amp;viewAll=brand"><span class="checkbox-square checkbox-square-linked"></span><span class="checkbox-check icon-tick-white"></span><span class="visually-hidden">Filter by</span><span class="filter-label--line--inline">Pringles</span><span class="filter-label--line--inline">&nbsp;(17)</span></a></label></div></li><li class="filter-option__container" id="Dunns River" data-auto="filter-option" data-auto-selected="false"><div class="checkbox" data-auto="checkbox"><input id="filter-option--Dunns-River-1303809" name="filter-option--Dunns-River-1303809" type="checkbox"><label class="checkbox-label" for="filter-option--Dunns-River-1303809" title="Dunns River"><a class="filter-option--link" href="https://www.tesco.com/groceries/en-GB/shop/food-cupboard/all?brand=Dunns%20River&amp;viewAll=brand"><span class="checkbox-square checkbox-square-linked"></span><span class="checkbox-check icon-tick-white"></span><span class="visually-hidden">Filter by</span><span class="filter-label--line--inline">Dunns River</span><span class="filter-label--line--inline">&nbsp;(16)</span></a></label></div></li><li class="filter-option__container" id="Eat Natural" data-auto="filter-option" data-auto-selected="false"><div class="checkbox" data-auto="checkbox"><input id="filter-option--Eat-Natural-1127761" name="filter-option--Eat-Natural-1127761" type="checkbox"><label class="checkbox-label" for="filter-option--Eat-Natural-1127761" title="Eat Natural"><a class="filter-option--link" href="https://www.tesco.com/groceries/en-GB/shop/food-cupboard/all?brand=Eat%20Natural&amp;viewAll=brand"><span class="checkbox-square checkbox-square-linked"></span><span class="checkbox-check icon-tick-white"></span><span class="visually-hidden">Filter by</span><span class="filter-label--line--inline">Eat Natural</span><span class="filter-label--line--inline">&nbsp;(16)</span></a></label></div></li><li class="filter-option__container" id="Naked Noodles" data-auto="filter-option" data-auto-selected="false"><div class="checkbox" data-auto="checkbox"><input id="filter-option--Naked-Noodles-5563492" name="filter-option--Naked-Noodles-5563492" type="checkbox"><label class="checkbox-label" for="filter-option--Naked-Noodles-5563492" title="Naked Noodles"><a class="filter-option--link" href="https://www.tesco.com/groceries/en-GB/shop/food-cupboard/all?brand=Naked%20Noodles&amp;viewAll=brand"><span class="checkbox-square checkbox-square-linked"></span><span class="checkbox-check icon-tick-white"></span><span class="visually-hidden">Filter by</span><span class="filter-label--line--inline">Naked Noodles</span><span class="filter-label--line--inline">&nbsp;(16)</span></a></label></div></li><li class="filter-option__container" id="Pot Noodle" data-auto="filter-option" data-auto-selected="false"><div class="checkbox" data-auto="checkbox"><input id="filter-option--Pot-Noodle-8291527" name="filter-option--Pot-Noodle-8291527" type="checkbox"><label class="checkbox-label" for="filter-option--Pot-Noodle-8291527" title="Pot Noodle"><a class="filter-option--link" href="https://www.tesco.com/groceries/en-GB/shop/food-cupboard/all?brand=Pot%20Noodle&amp;viewAll=brand"><span class="checkbox-square checkbox-square-linked"></span><span class="checkbox-check icon-tick-white"></span><span class="visually-hidden">Filter by</span><span class="filter-label--line--inline">Pot Noodle</span><span class="filter-label--line--inline">&nbsp;(16)</span></a></label></div></li><li class="filter-option__container" id="Ryvita" data-auto="filter-option" data-auto-selected="false"><div class="checkbox" data-auto="checkbox"><input id="filter-option--Ryvita-2845402" name="filter-option--Ryvita-2845402" type="checkbox"><label class="checkbox-label" for="filter-option--Ryvita-2845402" title="Ryvita"><a class="filter-option--link" href="https://www.tesco.com/groceries/en-GB/shop/food-cupboard/all?brand=Ryvita&amp;viewAll=brand"><span class="checkbox-square checkbox-square-linked"></span><span class="checkbox-check icon-tick-white"></span><span class="visually-hidden">Filter by</span><span class="filter-label--line--inline">Ryvita</span><span class="filter-label--line--inline">&nbsp;(16)</span></a></label></div></li><li class="filter-option__container" id="Fibre One" data-auto="filter-option" data-auto-selected="false"><div class="checkbox" data-auto="checkbox"><input id="filter-option--Fibre-One-5922601" name="filter-option--Fibre-One-5922601" type="checkbox"><label class="checkbox-label" for="filter-option--Fibre-One-5922601" title="Fibre One"><a class="filter-option--link" href="https://www.tesco.com/groceries/en-GB/shop/food-cupboard/all?brand=Fibre%20One&amp;viewAll=brand"><span class="checkbox-square checkbox-square-linked"></span><span class="checkbox-check icon-tick-white"></span><span class="visually-hidden">Filter by</span><span class="filter-label--line--inline">Fibre One</span><span class="filter-label--line--inline">&nbsp;(15)</span></a></label></div></li><li class="filter-option__container" id="Growers Harvest" data-auto="filter-option" data-auto-selected="false"><div class="checkbox" data-auto="checkbox"><input id="filter-option--Growers-Harvest-6081722" name="filter-option--Growers-Harvest-6081722" type="checkbox"><label class="checkbox-label" for="filter-option--Growers-Harvest-6081722" title="Growers Harvest"><a class="filter-option--link" href="https://www.tesco.com/groceries/en-GB/shop/food-cupboard/all?brand=Growers%20Harvest&amp;viewAll=brand"><span class="checkbox-square checkbox-square-linked"></span><span class="checkbox-check icon-tick-white"></span><span class="visually-hidden">Filter by</span><span class="filter-label--line--block">Growers</span><span class="filter-label--line--inline filter-label--line--truncate">Harvest</span><span class="filter-label--line--inline">&nbsp;(15)</span></a></label></div></li><li class="filter-option__container" id="Hellmann&#39;s" data-auto="filter-option" data-auto-selected="false"><div class="checkbox" data-auto="checkbox"><input id="filter-option--Hellmann&#39;s-6688032" name="filter-option--Hellmann&#39;s-6688032" type="checkbox"><label class="checkbox-label" for="filter-option--Hellmann&#39;s-6688032" title="Hellmann&#39;s"><a class="filter-option--link" href="https://www.tesco.com/groceries/en-GB/shop/food-cupboard/all?brand=Hellmann%27s&amp;viewAll=brand"><span class="checkbox-square checkbox-square-linked"></span><span class="checkbox-check icon-tick-white"></span><span class="visually-hidden">Filter by</span><span class="filter-label--line--inline">Hellmann's</span><span class="filter-label--line--inline">&nbsp;(15)</span></a></label></div></li><li class="filter-option__container" id="Kallo" data-auto="filter-option" data-auto-selected="false"><div class="checkbox" data-auto="checkbox"><input id="filter-option--Kallo-6506121" name="filter-option--Kallo-6506121" type="checkbox"><label class="checkbox-label" for="filter-option--Kallo-6506121" title="Kallo"><a class="filter-option--link" href="https://www.tesco.com/groceries/en-GB/shop/food-cupboard/all?brand=Kallo&amp;viewAll=brand"><span class="checkbox-square checkbox-square-linked"></span><span class="checkbox-check icon-tick-white"></span><span class="visually-hidden">Filter by</span><span class="filter-label--line--inline">Kallo</span><span class="filter-label--line--inline">&nbsp;(15)</span></a></label></div></li><li class="filter-option__container" id="Mars" data-auto="filter-option" data-auto-selected="false"><div class="checkbox" data-auto="checkbox"><input id="filter-option--Mars-2166728" name="filter-option--Mars-2166728" type="checkbox"><label class="checkbox-label" for="filter-option--Mars-2166728" title="Mars"><a class="filter-option--link" href="https://www.tesco.com/groceries/en-GB/shop/food-cupboard/all?brand=Mars&amp;viewAll=brand"><span class="checkbox-square checkbox-square-linked"></span><span class="checkbox-check icon-tick-white"></span><span class="visually-hidden">Filter by</span><span class="filter-label--line--inline">Mars</span><span class="filter-label--line--inline">&nbsp;(15)</span></a></label></div></li><li class="filter-option__container" id="Regal" data-auto="filter-option" data-auto-selected="false"><div class="checkbox" data-auto="checkbox"><input id="filter-option--Regal-5390458" name="filter-option--Regal-5390458" type="checkbox"><label class="checkbox-label" for="filter-option--Regal-5390458" title="Regal"><a class="filter-option--link" href="https://www.tesco.com/groceries/en-GB/shop/food-cupboard/all?brand=Regal&amp;viewAll=brand"><span class="checkbox-square checkbox-square-linked"></span><span class="checkbox-check icon-tick-white"></span><span class="visually-hidden">Filter by</span><span class="filter-label--line--inline">Regal</span><span class="filter-label--line--inline">&nbsp;(15)</span></a></label></div></li><li class="filter-option__container" id="Rubicon" data-auto="filter-option" data-auto-selected="false"><div class="checkbox" data-auto="checkbox"><input id="filter-option--Rubicon-4772638" name="filter-option--Rubicon-4772638" type="checkbox"><label class="checkbox-label" for="filter-option--Rubicon-4772638" title="Rubicon"><a class="filter-option--link" href="https://www.tesco.com/groceries/en-GB/shop/food-cupboard/all?brand=Rubicon&amp;viewAll=brand"><span class="checkbox-square checkbox-square-linked"></span><span class="checkbox-check icon-tick-white"></span><span class="visually-hidden">Filter by</span><span class="filter-label--line--inline">Rubicon</span><span class="filter-label--line--inline">&nbsp;(15)</span></a></label></div></li><li class="filter-option__container" id="Swizzels" data-auto="filter-option" data-auto-selected="false"><div class="checkbox" data-auto="checkbox"><input id="filter-option--Swizzels-8551126" name="filter-option--Swizzels-8551126" type="checkbox"><label class="checkbox-label" for="filter-option--Swizzels-8551126" title="Swizzels"><a class="filter-option--link" href="https://www.tesco.com/groceries/en-GB/shop/food-cupboard/all?brand=Swizzels&amp;viewAll=brand"><span class="checkbox-square checkbox-square-linked"></span><span class="checkbox-check icon-tick-white"></span><span class="visually-hidden">Filter by</span><span class="filter-label--line--inline">Swizzels</span><span class="filter-label--line--inline">&nbsp;(15)</span></a></label></div></li><li class="filter-option__container" id="Homepride" data-auto="filter-option" data-auto-selected="false"><div class="checkbox" data-auto="checkbox"><input id="filter-option--Homepride-3482654" name="filter-option--Homepride-3482654" type="checkbox"><label class="checkbox-label" for="filter-option--Homepride-3482654" title="Homepride"><a class="filter-option--link" href="https://www.tesco.com/groceries/en-GB/shop/food-cupboard/all?brand=Homepride&amp;viewAll=brand"><span class="checkbox-square checkbox-square-linked"></span><span class="checkbox-check icon-tick-white"></span><span class="visually-hidden">Filter by</span><span class="filter-label--line--inline">Homepride</span><span class="filter-label--line--inline">&nbsp;(14)</span></a></label></div></li><li class="filter-option__container" id="Kohinoor" data-auto="filter-option" data-auto-selected="false"><div class="checkbox" data-auto="checkbox"><input id="filter-option--Kohinoor-1717683" name="filter-option--Kohinoor-1717683" type="checkbox"><label class="checkbox-label" for="filter-option--Kohinoor-1717683" title="Kohinoor"><a class="filter-option--link" href="https://www.tesco.com/groceries/en-GB/shop/food-cupboard/all?brand=Kohinoor&amp;viewAll=brand"><span class="checkbox-square checkbox-square-linked"></span><span class="checkbox-check icon-tick-white"></span><span class="visually-hidden">Filter by</span><span class="filter-label--line--inline">Kohinoor</span><span class="filter-label--line--inline">&nbsp;(14)</span></a></label></div></li><li class="filter-option__container" id="Nature Valley" data-auto="filter-option" data-auto-selected="false"><div class="checkbox" data-auto="checkbox"><input id="filter-option--Nature-Valley-9897866" name="filter-option--Nature-Valley-9897866" type="checkbox"><label class="checkbox-label" for="filter-option--Nature-Valley-9897866" title="Nature Valley"><a class="filter-option--link" href="https://www.tesco.com/groceries/en-GB/shop/food-cupboard/all?brand=Nature%20Valley&amp;viewAll=brand"><span class="checkbox-square checkbox-square-linked"></span><span class="checkbox-check icon-tick-white"></span><span class="visually-hidden">Filter by</span><span class="filter-label--line--inline">Nature Valley</span><span class="filter-label--line--inline">&nbsp;(14)</span></a></label></div></li><li class="filter-option__container" id="Organix" data-auto="filter-option" data-auto-selected="false"><div class="checkbox" data-auto="checkbox"><input id="filter-option--Organix-3761311" name="filter-option--Organix-3761311" type="checkbox"><label class="checkbox-label" for="filter-option--Organix-3761311" title="Organix"><a class="filter-option--link" href="https://www.tesco.com/groceries/en-GB/shop/food-cupboard/all?brand=Organix&amp;viewAll=brand"><span class="checkbox-square checkbox-square-linked"></span><span class="checkbox-check icon-tick-white"></span><span class="visually-hidden">Filter by</span><span class="filter-label--line--inline">Organix</span><span class="filter-label--line--inline">&nbsp;(14)</span></a></label></div></li><li class="filter-option__container" id="Allinson" data-auto="filter-option" data-auto-selected="false"><div class="checkbox" data-auto="checkbox"><input id="filter-option--Allinson-3973873" name="filter-option--Allinson-3973873" type="checkbox"><label class="checkbox-label" for="filter-option--Allinson-3973873" title="Allinson"><a class="filter-option--link" href="https://www.tesco.com/groceries/en-GB/shop/food-cupboard/all?brand=Allinson&amp;viewAll=brand"><span class="checkbox-square checkbox-square-linked"></span><span class="checkbox-check icon-tick-white"></span><span class="visually-hidden">Filter by</span><span class="filter-label--line--inline">Allinson</span><span class="filter-label--line--inline">&nbsp;(13)</span></a></label></div></li><li class="filter-option__container" id="Doritos" data-auto="filter-option" data-auto-selected="false"><div class="checkbox" data-auto="checkbox"><input id="filter-option--Doritos-5245512" name="filter-option--Doritos-5245512" type="checkbox"><label class="checkbox-label" for="filter-option--Doritos-5245512" title="Doritos"><a class="filter-option--link" href="https://www.tesco.com/groceries/en-GB/shop/food-cupboard/all?brand=Doritos&amp;viewAll=brand"><span class="checkbox-square checkbox-square-linked"></span><span class="checkbox-check icon-tick-white"></span><span class="visually-hidden">Filter by</span><span class="filter-label--line--inline">Doritos</span><span class="filter-label--line--inline">&nbsp;(13)</span></a></label></div></li><li class="filter-option__container" id="Kind" data-auto="filter-option" data-auto-selected="false"><div class="checkbox" data-auto="checkbox"><input id="filter-option--Kind-3631195" name="filter-option--Kind-3631195" type="checkbox"><label class="checkbox-label" for="filter-option--Kind-3631195" title="Kind"><a class="filter-option--link" href="https://www.tesco.com/groceries/en-GB/shop/food-cupboard/all?brand=Kind&amp;viewAll=brand"><span class="checkbox-square checkbox-square-linked"></span><span class="checkbox-check icon-tick-white"></span><span class="visually-hidden">Filter by</span><span class="filter-label--line--inline">Kind</span><span class="filter-label--line--inline">&nbsp;(13)</span></a></label></div></li><li class="filter-option__container" id="Nissin" data-auto="filter-option" data-auto-selected="false"><div class="checkbox" data-auto="checkbox"><input id="filter-option--Nissin-5906774" name="filter-option--Nissin-5906774" type="checkbox"><label class="checkbox-label" for="filter-option--Nissin-5906774" title="Nissin"><a class="filter-option--link" href="https://www.tesco.com/groceries/en-GB/shop/food-cupboard/all?brand=Nissin&amp;viewAll=brand"><span class="checkbox-square checkbox-square-linked"></span><span class="checkbox-check icon-tick-white"></span><span class="visually-hidden">Filter by</span><span class="filter-label--line--inline">Nissin</span><span class="filter-label--line--inline">&nbsp;(13)</span></a></label></div></li><li class="filter-option__container" id="Other" data-auto="filter-option" data-auto-selected="false"><div class="checkbox" data-auto="checkbox"><input id="filter-option--Other-1869037" name="filter-option--Other-1869037" type="checkbox"><label class="checkbox-label" for="filter-option--Other-1869037" title="Other"><a class="filter-option--link" href="https://www.tesco.com/groceries/en-GB/shop/food-cupboard/all?brand=Other&amp;viewAll=brand"><span class="checkbox-square checkbox-square-linked"></span><span class="checkbox-check icon-tick-white"></span><span class="visually-hidden">Filter by</span><span class="filter-label--line--inline">Other</span><span class="filter-label--line--inline">&nbsp;(13)</span></a></label></div></li><li class="filter-option__container" id="Yo!" data-auto="filter-option" data-auto-selected="false"><div class="checkbox" data-auto="checkbox"><input id="filter-option--Yo!-2865924" name="filter-option--Yo!-2865924" type="checkbox"><label class="checkbox-label" for="filter-option--Yo!-2865924" title="Yo!"><a class="filter-option--link" href="https://www.tesco.com/groceries/en-GB/shop/food-cupboard/all?brand=Yo!&amp;viewAll=brand"><span class="checkbox-square checkbox-square-linked"></span><span class="checkbox-check icon-tick-white"></span><span class="visually-hidden">Filter by</span><span class="filter-label--line--inline">Yo!</span><span class="filter-label--line--inline">&nbsp;(13)</span></a></label></div></li><li class="filter-option__container" id="Create A Cake" data-auto="filter-option" data-auto-selected="false"><div class="checkbox" data-auto="checkbox"><input id="filter-option--Create-A-Cake-8562141" name="filter-option--Create-A-Cake-8562141" type="checkbox"><label class="checkbox-label" for="filter-option--Create-A-Cake-8562141" title="Create A Cake"><a class="filter-option--link" href="https://www.tesco.com/groceries/en-GB/shop/food-cupboard/all?brand=Create%20A%20Cake&amp;viewAll=brand"><span class="checkbox-square checkbox-square-linked"></span><span class="checkbox-check icon-tick-white"></span><span class="visually-hidden">Filter by</span><span class="filter-label--line--inline">Create A Cake</span><span class="filter-label--line--inline">&nbsp;(12)</span></a></label></div></li><li class="filter-option__container" id="Doves Farm" data-auto="filter-option" data-auto-selected="false"><div class="checkbox" data-auto="checkbox"><input id="filter-option--Doves-Farm-6214736" name="filter-option--Doves-Farm-6214736" type="checkbox"><label class="checkbox-label" for="filter-option--Doves-Farm-6214736" title="Doves Farm"><a class="filter-option--link" href="https://www.tesco.com/groceries/en-GB/shop/food-cupboard/all?brand=Doves%20Farm&amp;viewAll=brand"><span class="checkbox-square checkbox-square-linked"></span><span class="checkbox-check icon-tick-white"></span><span class="visually-hidden">Filter by</span><span class="filter-label--line--inline">Doves Farm</span><span class="filter-label--line--inline">&nbsp;(12)</span></a></label></div></li><li class="filter-option__container" id="Genius" data-auto="filter-option" data-auto-selected="false"><div class="checkbox" data-auto="checkbox"><input id="filter-option--Genius-1435529" name="filter-option--Genius-1435529" type="checkbox"><label class="checkbox-label" for="filter-option--Genius-1435529" title="Genius"><a class="filter-option--link" href="https://www.tesco.com/groceries/en-GB/shop/food-cupboard/all?brand=Genius&amp;viewAll=brand"><span class="checkbox-square checkbox-square-linked"></span><span class="checkbox-check icon-tick-white"></span><span class="visually-hidden">Filter by</span><span class="filter-label--line--inline">Genius</span><span class="filter-label--line--inline">&nbsp;(12)</span></a></label></div></li><li class="filter-option__container" id="Kettle" data-auto="filter-option" data-auto-selected="false"><div class="checkbox" data-auto="checkbox"><input id="filter-option--Kettle-2157204" name="filter-option--Kettle-2157204" type="checkbox"><label class="checkbox-label" for="filter-option--Kettle-2157204" title="Kettle"><a class="filter-option--link" href="https://www.tesco.com/groceries/en-GB/shop/food-cupboard/all?brand=Kettle&amp;viewAll=brand"><span class="checkbox-square checkbox-square-linked"></span><span class="checkbox-check icon-tick-white"></span><span class="visually-hidden">Filter by</span><span class="filter-label--line--inline">Kettle</span><span class="filter-label--line--inline">&nbsp;(12)</span></a></label></div></li><li class="filter-option__container" id="Mccoys" data-auto="filter-option" data-auto-selected="false"><div class="checkbox" data-auto="checkbox"><input id="filter-option--Mccoys-2458481" name="filter-option--Mccoys-2458481" type="checkbox"><label class="checkbox-label" for="filter-option--Mccoys-2458481" title="Mccoys"><a class="filter-option--link" href="https://www.tesco.com/groceries/en-GB/shop/food-cupboard/all?brand=Mccoys&amp;viewAll=brand"><span class="checkbox-square checkbox-square-linked"></span><span class="checkbox-check icon-tick-white"></span><span class="visually-hidden">Filter by</span><span class="filter-label--line--inline">Mccoys</span><span class="filter-label--line--inline">&nbsp;(12)</span></a></label></div></li><li class="filter-option__container" id="Mugshot" data-auto="filter-option" data-auto-selected="false"><div class="checkbox" data-auto="checkbox"><input id="filter-option--Mugshot-4623196" name="filter-option--Mugshot-4623196" type="checkbox"><label class="checkbox-label" for="filter-option--Mugshot-4623196" title="Mugshot"><a class="filter-option--link" href="https://www.tesco.com/groceries/en-GB/shop/food-cupboard/all?brand=Mugshot&amp;viewAll=brand"><span class="checkbox-square checkbox-square-linked"></span><span class="checkbox-check icon-tick-white"></span><span class="visually-hidden">Filter by</span><span class="filter-label--line--inline">Mugshot</span><span class="filter-label--line--inline">&nbsp;(12)</span></a></label></div></li><li class="filter-option__container" id="Quality Street" data-auto="filter-option" data-auto-selected="false"><div class="checkbox" data-auto="checkbox"><input id="filter-option--Quality-Street-7601361" name="filter-option--Quality-Street-7601361" type="checkbox"><label class="checkbox-label" for="filter-option--Quality-Street-7601361" title="Quality Street"><a class="filter-option--link" href="https://www.tesco.com/groceries/en-GB/shop/food-cupboard/all?brand=Quality%20Street&amp;viewAll=brand"><span class="checkbox-square checkbox-square-linked"></span><span class="checkbox-check icon-tick-white"></span><span class="visually-hidden">Filter by</span><span class="filter-label--line--block">Quality</span><span class="filter-label--line--inline filter-label--line--truncate">Street</span><span class="filter-label--line--inline">&nbsp;(12)</span></a></label></div></li><li class="filter-option__container" id="Sacla" data-auto="filter-option" data-auto-selected="false"><div class="checkbox" data-auto="checkbox"><input id="filter-option--Sacla-1093710" name="filter-option--Sacla-1093710" type="checkbox"><label class="checkbox-label" for="filter-option--Sacla-1093710" title="Sacla"><a class="filter-option--link" href="https://www.tesco.com/groceries/en-GB/shop/food-cupboard/all?brand=Sacla&amp;viewAll=brand"><span class="checkbox-square checkbox-square-linked"></span><span class="checkbox-check icon-tick-white"></span><span class="visually-hidden">Filter by</span><span class="filter-label--line--inline">Sacla</span><span class="filter-label--line--inline">&nbsp;(12)</span></a></label></div></li><li class="filter-option__container" id="Yutaka" data-auto="filter-option" data-auto-selected="false"><div class="checkbox" data-auto="checkbox"><input id="filter-option--Yutaka-963590" name="filter-option--Yutaka-963590" type="checkbox"><label class="checkbox-label" for="filter-option--Yutaka-963590" title="Yutaka"><a class="filter-option--link" href="https://www.tesco.com/groceries/en-GB/shop/food-cupboard/all?brand=Yutaka&amp;viewAll=brand"><span class="checkbox-square checkbox-square-linked"></span><span class="checkbox-check icon-tick-white"></span><span class="visually-hidden">Filter by</span><span class="filter-label--line--inline">Yutaka</span><span class="filter-label--line--inline">&nbsp;(12)</span></a></label></div></li><li class="filter-option__container" id="Grenade" data-auto="filter-option" data-auto-selected="false"><div class="checkbox" data-auto="checkbox"><input id="filter-option--Grenade-8858163" name="filter-option--Grenade-8858163" type="checkbox"><label class="checkbox-label" for="filter-option--Grenade-8858163" title="Grenade"><a class="filter-option--link" href="https://www.tesco.com/groceries/en-GB/shop/food-cupboard/all?brand=Grenade&amp;viewAll=brand"><span class="checkbox-square checkbox-square-linked"></span><span class="checkbox-check icon-tick-white"></span><span class="visually-hidden">Filter by</span><span class="filter-label--line--inline">Grenade</span><span class="filter-label--line--inline">&nbsp;(11)</span></a></label></div></li><li class="filter-option__container" id="Hula Hoops" data-auto="filter-option" data-auto-selected="false"><div class="checkbox" data-auto="checkbox"><input id="filter-option--Hula-Hoops-8843291" name="filter-option--Hula-Hoops-8843291" type="checkbox"><label class="checkbox-label" for="filter-option--Hula-Hoops-8843291" title="Hula Hoops"><a class="filter-option--link" href="https://www.tesco.com/groceries/en-GB/shop/food-cupboard/all?brand=Hula%20Hoops&amp;viewAll=brand"><span class="checkbox-square checkbox-square-linked"></span><span class="checkbox-check icon-tick-white"></span><span class="visually-hidden">Filter by</span><span class="filter-label--line--inline">Hula Hoops</span><span class="filter-label--line--inline">&nbsp;(11)</span></a></label></div></li><li class="filter-option__container" id="Kp Peanuts" data-auto="filter-option" data-auto-selected="false"><div class="checkbox" data-auto="checkbox"><input id="filter-option--Kp-Peanuts-4020014" name="filter-option--Kp-Peanuts-4020014" type="checkbox"><label class="checkbox-label" for="filter-option--Kp-Peanuts-4020014" title="Kp Peanuts"><a class="filter-option--link" href="https://www.tesco.com/groceries/en-GB/shop/food-cupboard/all?brand=Kp%20Peanuts&amp;viewAll=brand"><span class="checkbox-square checkbox-square-linked"></span><span class="checkbox-check icon-tick-white"></span><span class="visually-hidden">Filter by</span><span class="filter-label--line--inline">Kp Peanuts</span><span class="filter-label--line--inline">&nbsp;(11)</span></a></label></div></li><li class="filter-option__container" id="Maynards Bassetts" data-auto="filter-option" data-auto-selected="false"><div class="checkbox" data-auto="checkbox"><input id="filter-option--Maynards-Bassetts-7558133" name="filter-option--Maynards-Bassetts-7558133" type="checkbox"><label class="checkbox-label" for="filter-option--Maynards-Bassetts-7558133" title="Maynards Bassetts"><a class="filter-option--link" href="https://www.tesco.com/groceries/en-GB/shop/food-cupboard/all?brand=Maynards%20Bassetts&amp;viewAll=brand"><span class="checkbox-square checkbox-square-linked"></span><span class="checkbox-check icon-tick-white"></span><span class="visually-hidden">Filter by</span><span class="filter-label--line--block">Maynards</span><span class="filter-label--line--inline filter-label--line--truncate">Bassetts</span><span class="filter-label--line--inline">&nbsp;(11)</span></a></label></div></li><li class="filter-option__container" id="Morliny" data-auto="filter-option" data-auto-selected="false"><div class="checkbox" data-auto="checkbox"><input id="filter-option--Morliny-8442752" name="filter-option--Morliny-8442752" type="checkbox"><label class="checkbox-label" for="filter-option--Morliny-8442752" title="Morliny"><a class="filter-option--link" href="https://www.tesco.com/groceries/en-GB/shop/food-cupboard/all?brand=Morliny&amp;viewAll=brand"><span class="checkbox-square checkbox-square-linked"></span><span class="checkbox-check icon-tick-white"></span><span class="visually-hidden">Filter by</span><span class="filter-label--line--inline">Morliny</span><span class="filter-label--line--inline">&nbsp;(11)</span></a></label></div></li><li class="filter-option__container" id="Ms Mollys" data-auto="filter-option" data-auto-selected="false"><div class="checkbox" data-auto="checkbox"><input id="filter-option--Ms-Mollys-7987588" name="filter-option--Ms-Mollys-7987588" type="checkbox"><label class="checkbox-label" for="filter-option--Ms-Mollys-7987588" title="Ms Mollys"><a class="filter-option--link" href="https://www.tesco.com/groceries/en-GB/shop/food-cupboard/all?brand=Ms%20Mollys&amp;viewAll=brand"><span class="checkbox-square checkbox-square-linked"></span><span class="checkbox-check icon-tick-white"></span><span class="visually-hidden">Filter by</span><span class="filter-label--line--inline">Ms Mollys</span><span class="filter-label--line--inline">&nbsp;(11)</span></a></label></div></li><li class="filter-option__container" id="Oreo" data-auto="filter-option" data-auto-selected="false"><div class="checkbox" data-auto="checkbox"><input id="filter-option--Oreo-7467930" name="filter-option--Oreo-7467930" type="checkbox"><label class="checkbox-label" for="filter-option--Oreo-7467930" title="Oreo"><a class="filter-option--link" href="https://www.tesco.com/groceries/en-GB/shop/food-cupboard/all?brand=Oreo&amp;viewAll=brand"><span class="checkbox-square checkbox-square-linked"></span><span class="checkbox-check icon-tick-white"></span><span class="visually-hidden">Filter by</span><span class="filter-label--line--inline">Oreo</span><span class="filter-label--line--inline">&nbsp;(11)</span></a></label></div></li><li class="filter-option__container" id="Schar" data-auto="filter-option" data-auto-selected="false"><div class="checkbox" data-auto="checkbox"><input id="filter-option--Schar-3244984" name="filter-option--Schar-3244984" type="checkbox"><label class="checkbox-label" for="filter-option--Schar-3244984" title="Schar"><a class="filter-option--link" href="https://www.tesco.com/groceries/en-GB/shop/food-cupboard/all?brand=Schar&amp;viewAll=brand"><span class="checkbox-square checkbox-square-linked"></span><span class="checkbox-check icon-tick-white"></span><span class="visually-hidden">Filter by</span><span class="filter-label--line--inline">Schar</span><span class="filter-label--line--inline">&nbsp;(11)</span></a></label></div></li><li class="filter-option__container" id="Simply Cook" data-auto="filter-option" data-auto-selected="false"><div class="checkbox" data-auto="checkbox"><input id="filter-option--Simply-Cook-1225997" name="filter-option--Simply-Cook-1225997" type="checkbox"><label class="checkbox-label" for="filter-option--Simply-Cook-1225997" title="Simply Cook"><a class="filter-option--link" href="https://www.tesco.com/groceries/en-GB/shop/food-cupboard/all?brand=Simply%20Cook&amp;viewAll=brand"><span class="checkbox-square checkbox-square-linked"></span><span class="checkbox-check icon-tick-white"></span><span class="visually-hidden">Filter by</span><span class="filter-label--line--inline">Simply Cook</span><span class="filter-label--line--inline">&nbsp;(11)</span></a></label></div></li><li class="filter-option__container" id="Tesco Home" data-auto="filter-option" data-auto-selected="false"><div class="checkbox" data-auto="checkbox"><input id="filter-option--Tesco-Home-3054881" name="filter-option--Tesco-Home-3054881" type="checkbox"><label class="checkbox-label" for="filter-option--Tesco-Home-3054881" title="Tesco Home"><a class="filter-option--link" href="https://www.tesco.com/groceries/en-GB/shop/food-cupboard/all?brand=Tesco%20Home&amp;viewAll=brand"><span class="checkbox-square checkbox-square-linked"></span><span class="checkbox-check icon-tick-white"></span><span class="visually-hidden">Filter by</span><span class="filter-label--line--inline">Tesco Home</span><span class="filter-label--line--inline">&nbsp;(11)</span></a></label></div></li><li class="filter-option__container" id="Thorntons" data-auto="filter-option" data-auto-selected="false"><div class="checkbox" data-auto="checkbox"><input id="filter-option--Thorntons-5889132" name="filter-option--Thorntons-5889132" type="checkbox"><label class="checkbox-label" for="filter-option--Thorntons-5889132" title="Thorntons"><a class="filter-option--link" href="https://www.tesco.com/groceries/en-GB/shop/food-cupboard/all?brand=Thorntons&amp;viewAll=brand"><span class="checkbox-square checkbox-square-linked"></span><span class="checkbox-check icon-tick-white"></span><span class="visually-hidden">Filter by</span><span class="filter-label--line--inline">Thorntons</span><span class="filter-label--line--inline">&nbsp;(11)</span></a></label></div></li><li class="filter-option__container" id="Al&#39;fez" data-auto="filter-option" data-auto-selected="false"><div class="checkbox" data-auto="checkbox"><input id="filter-option--Al&#39;fez-1153733" name="filter-option--Al&#39;fez-1153733" type="checkbox"><label class="checkbox-label" for="filter-option--Al&#39;fez-1153733" title="Al&#39;fez"><a class="filter-option--link" href="https://www.tesco.com/groceries/en-GB/shop/food-cupboard/all?brand=Al%27fez&amp;viewAll=brand"><span class="checkbox-square checkbox-square-linked"></span><span class="checkbox-check icon-tick-white"></span><span class="visually-hidden">Filter by</span><span class="filter-label--line--inline">Al'fez</span><span class="filter-label--line--inline">&nbsp;(10)</span></a></label></div></li><li class="filter-option__container" id="Canderel" data-auto="filter-option" data-auto-selected="false"><div class="checkbox" data-auto="checkbox"><input id="filter-option--Canderel-3359562" name="filter-option--Canderel-3359562" type="checkbox"><label class="checkbox-label" for="filter-option--Canderel-3359562" title="Canderel"><a class="filter-option--link" href="https://www.tesco.com/groceries/en-GB/shop/food-cupboard/all?brand=Canderel&amp;viewAll=brand"><span class="checkbox-square checkbox-square-linked"></span><span class="checkbox-check icon-tick-white"></span><span class="visually-hidden">Filter by</span><span class="filter-label--line--inline">Canderel</span><span class="filter-label--line--inline">&nbsp;(10)</span></a></label></div></li><li class="filter-option__container" id="Encona" data-auto="filter-option" data-auto-selected="false"><div class="checkbox" data-auto="checkbox"><input id="filter-option--Encona-2374907" name="filter-option--Encona-2374907" type="checkbox"><label class="checkbox-label" for="filter-option--Encona-2374907" title="Encona"><a class="filter-option--link" href="https://www.tesco.com/groceries/en-GB/shop/food-cupboard/all?brand=Encona&amp;viewAll=brand"><span class="checkbox-square checkbox-square-linked"></span><span class="checkbox-check icon-tick-white"></span><span class="visually-hidden">Filter by</span><span class="filter-label--line--inline">Encona</span><span class="filter-label--line--inline">&nbsp;(10)</span></a></label></div></li><li class="filter-option__container" id="Fragata" data-auto="filter-option" data-auto-selected="false"><div class="checkbox" data-auto="checkbox"><input id="filter-option--Fragata-2724098" name="filter-option--Fragata-2724098" type="checkbox"><label class="checkbox-label" for="filter-option--Fragata-2724098" title="Fragata"><a class="filter-option--link" href="https://www.tesco.com/groceries/en-GB/shop/food-cupboard/all?brand=Fragata&amp;viewAll=brand"><span class="checkbox-square checkbox-square-linked"></span><span class="checkbox-check icon-tick-white"></span><span class="visually-hidden">Filter by</span><span class="filter-label--line--inline">Fragata</span><span class="filter-label--line--inline">&nbsp;(10)</span></a></label></div></li><li class="filter-option__container" id="Fuel" data-auto="filter-option" data-auto-selected="false"><div class="checkbox" data-auto="checkbox"><input id="filter-option--Fuel-5468916" name="filter-option--Fuel-5468916" type="checkbox"><label class="checkbox-label" for="filter-option--Fuel-5468916" title="Fuel"><a class="filter-option--link" href="https://www.tesco.com/groceries/en-GB/shop/food-cupboard/all?brand=Fuel&amp;viewAll=brand"><span class="checkbox-square checkbox-square-linked"></span><span class="checkbox-check icon-tick-white"></span><span class="visually-hidden">Filter by</span><span class="filter-label--line--inline">Fuel</span><span class="filter-label--line--inline">&nbsp;(10)</span></a></label></div></li><li class="filter-option__container" id="Green &amp; Black&#39;s" data-auto="filter-option" data-auto-selected="false"><div class="checkbox" data-auto="checkbox"><input id="filter-option--Green-Black&#39;s-7768861" name="filter-option--Green-Black&#39;s-7768861" type="checkbox"><label class="checkbox-label" for="filter-option--Green-Black&#39;s-7768861" title="Green &amp; Black&#39;s"><a class="filter-option--link" href="https://www.tesco.com/groceries/en-GB/shop/food-cupboard/all?brand=Green%20%26%20Black%27s&amp;viewAll=brand"><span class="checkbox-square checkbox-square-linked"></span><span class="checkbox-check icon-tick-white"></span><span class="visually-hidden">Filter by</span><span class="filter-label--line--block">Green &amp;</span><span class="filter-label--line--inline filter-label--line--truncate">Black's</span><span class="filter-label--line--inline">&nbsp;(10)</span></a></label></div></li><li class="filter-option__container" id="Jordans" data-auto="filter-option" data-auto-selected="false"><div class="checkbox" data-auto="checkbox"><input id="filter-option--Jordans-9253648" name="filter-option--Jordans-9253648" type="checkbox"><label class="checkbox-label" for="filter-option--Jordans-9253648" title="Jordans"><a class="filter-option--link" href="https://www.tesco.com/groceries/en-GB/shop/food-cupboard/all?brand=Jordans&amp;viewAll=brand"><span class="checkbox-square checkbox-square-linked"></span><span class="checkbox-check icon-tick-white"></span><span class="visually-hidden">Filter by</span><span class="filter-label--line--inline">Jordans</span><span class="filter-label--line--inline">&nbsp;(10)</span></a></label></div></li><li class="filter-option__container" id="Meridian" data-auto="filter-option" data-auto-selected="false"><div class="checkbox" data-auto="checkbox"><input id="filter-option--Meridian-2780569" name="filter-option--Meridian-2780569" type="checkbox"><label class="checkbox-label" for="filter-option--Meridian-2780569" title="Meridian"><a class="filter-option--link" href="https://www.tesco.com/groceries/en-GB/shop/food-cupboard/all?brand=Meridian&amp;viewAll=brand"><span class="checkbox-square checkbox-square-linked"></span><span class="checkbox-check icon-tick-white"></span><span class="visually-hidden">Filter by</span><span class="filter-label--line--inline">Meridian</span><span class="filter-label--line--inline">&nbsp;(10)</span></a></label></div></li><li class="filter-option__container" id="Oxo" data-auto="filter-option" data-auto-selected="false"><div class="checkbox" data-auto="checkbox"><input id="filter-option--Oxo-6410338" name="filter-option--Oxo-6410338" type="checkbox"><label class="checkbox-label" for="filter-option--Oxo-6410338" title="Oxo"><a class="filter-option--link" href="https://www.tesco.com/groceries/en-GB/shop/food-cupboard/all?brand=Oxo&amp;viewAll=brand"><span class="checkbox-square checkbox-square-linked"></span><span class="checkbox-check icon-tick-white"></span><span class="visually-hidden">Filter by</span><span class="filter-label--line--inline">Oxo</span><span class="filter-label--line--inline">&nbsp;(10)</span></a></label></div></li><li class="filter-option__container" id="Popchips" data-auto="filter-option" data-auto-selected="false"><div class="checkbox" data-auto="checkbox"><input id="filter-option--Popchips-2577903" name="filter-option--Popchips-2577903" type="checkbox"><label class="checkbox-label" for="filter-option--Popchips-2577903" title="Popchips"><a class="filter-option--link" href="https://www.tesco.com/groceries/en-GB/shop/food-cupboard/all?brand=Popchips&amp;viewAll=brand"><span class="checkbox-square checkbox-square-linked"></span><span class="checkbox-check icon-tick-white"></span><span class="visually-hidden">Filter by</span><span class="filter-label--line--inline">Popchips</span><span class="filter-label--line--inline">&nbsp;(10)</span></a></label></div></li><li class="filter-option__container" id="Reese&#39;s" data-auto="filter-option" data-auto-selected="false"><div class="checkbox" data-auto="checkbox"><input id="filter-option--Reese&#39;s-6284231" name="filter-option--Reese&#39;s-6284231" type="checkbox"><label class="checkbox-label" for="filter-option--Reese&#39;s-6284231" title="Reese&#39;s"><a class="filter-option--link" href="https://www.tesco.com/groceries/en-GB/shop/food-cupboard/all?brand=Reese%27s&amp;viewAll=brand"><span class="checkbox-square checkbox-square-linked"></span><span class="checkbox-check icon-tick-white"></span><span class="visually-hidden">Filter by</span><span class="filter-label--line--inline">Reese's</span><span class="filter-label--line--inline">&nbsp;(10)</span></a></label></div></li><li class="filter-option__container" id="Silver Spoon" data-auto="filter-option" data-auto-selected="false"><div class="checkbox" data-auto="checkbox"><input id="filter-option--Silver-Spoon-8101044" name="filter-option--Silver-Spoon-8101044" type="checkbox"><label class="checkbox-label" for="filter-option--Silver-Spoon-8101044" title="Silver Spoon"><a class="filter-option--link" href="https://www.tesco.com/groceries/en-GB/shop/food-cupboard/all?brand=Silver%20Spoon&amp;viewAll=brand"><span class="checkbox-square checkbox-square-linked"></span><span class="checkbox-check icon-tick-white"></span><span class="visually-hidden">Filter by</span><span class="filter-label--line--inline">Silver Spoon</span><span class="filter-label--line--inline">&nbsp;(10)</span></a></label></div></li><li class="filter-option__container" id="Twix" data-auto="filter-option" data-auto-selected="false"><div class="checkbox" data-auto="checkbox"><input id="filter-option--Twix-482019" name="filter-option--Twix-482019" type="checkbox"><label class="checkbox-label" for="filter-option--Twix-482019" title="Twix"><a class="filter-option--link" href="https://www.tesco.com/groceries/en-GB/shop/food-cupboard/all?brand=Twix&amp;viewAll=brand"><span class="checkbox-square checkbox-square-linked"></span><span class="checkbox-check icon-tick-white"></span><span class="visually-hidden">Filter by</span><span class="filter-label--line--inline">Twix</span><span class="filter-label--line--inline">&nbsp;(10)</span></a></label></div></li><li class="filter-option__container" id="Whole Earth" data-auto="filter-option" data-auto-selected="false"><div class="checkbox" data-auto="checkbox"><input id="filter-option--Whole-Earth-89547" name="filter-option--Whole-Earth-89547" type="checkbox"><label class="checkbox-label" for="filter-option--Whole-Earth-89547" title="Whole Earth"><a class="filter-option--link" href="https://www.tesco.com/groceries/en-GB/shop/food-cupboard/all?brand=Whole%20Earth&amp;viewAll=brand"><span class="checkbox-square checkbox-square-linked"></span><span class="checkbox-check icon-tick-white"></span><span class="visually-hidden">Filter by</span><span class="filter-label--line--inline">Whole Earth</span><span class="filter-label--line--inline">&nbsp;(10)</span></a></label></div></li><li class="filter-option__container" id="Aero" data-auto="filter-option" data-auto-selected="false"><div class="checkbox" data-auto="checkbox"><input id="filter-option--Aero-7675556" name="filter-option--Aero-7675556" type="checkbox"><label class="checkbox-label" for="filter-option--Aero-7675556" title="Aero"><a class="filter-option--link" href="https://www.tesco.com/groceries/en-GB/shop/food-cupboard/all?brand=Aero&amp;viewAll=brand"><span class="checkbox-square checkbox-square-linked"></span><span class="checkbox-check icon-tick-white"></span><span class="visually-hidden">Filter by</span><span class="filter-label--line--inline">Aero</span><span class="filter-label--line--inline">&nbsp;(9)</span></a></label></div></li><li class="filter-option__container" id="Alpen" data-auto="filter-option" data-auto-selected="false"><div class="checkbox" data-auto="checkbox"><input id="filter-option--Alpen-8522910" name="filter-option--Alpen-8522910" type="checkbox"><label class="checkbox-label" for="filter-option--Alpen-8522910" title="Alpen"><a class="filter-option--link" href="https://www.tesco.com/groceries/en-GB/shop/food-cupboard/all?brand=Alpen&amp;viewAll=brand"><span class="checkbox-square checkbox-square-linked"></span><span class="checkbox-check icon-tick-white"></span><span class="visually-hidden">Filter by</span><span class="filter-label--line--inline">Alpen</span><span class="filter-label--line--inline">&nbsp;(9)</span></a></label></div></li><li class="filter-option__container" id="Billingtons" data-auto="filter-option" data-auto-selected="false"><div class="checkbox" data-auto="checkbox"><input id="filter-option--Billingtons-5964852" name="filter-option--Billingtons-5964852" type="checkbox"><label class="checkbox-label" for="filter-option--Billingtons-5964852" title="Billingtons"><a class="filter-option--link" href="https://www.tesco.com/groceries/en-GB/shop/food-cupboard/all?brand=Billingtons&amp;viewAll=brand"><span class="checkbox-square checkbox-square-linked"></span><span class="checkbox-check icon-tick-white"></span><span class="visually-hidden">Filter by</span><span class="filter-label--line--inline">Billingtons</span><span class="filter-label--line--inline">&nbsp;(9)</span></a></label></div></li><li class="filter-option__container" id="Crespo" data-auto="filter-option" data-auto-selected="false"><div class="checkbox" data-auto="checkbox"><input id="filter-option--Crespo-5920157" name="filter-option--Crespo-5920157" type="checkbox"><label class="checkbox-label" for="filter-option--Crespo-5920157" title="Crespo"><a class="filter-option--link" href="https://www.tesco.com/groceries/en-GB/shop/food-cupboard/all?brand=Crespo&amp;viewAll=brand"><span class="checkbox-square checkbox-square-linked"></span><span class="checkbox-check icon-tick-white"></span><span class="visually-hidden">Filter by</span><span class="filter-label--line--inline">Crespo</span><span class="filter-label--line--inline">&nbsp;(9)</span></a></label></div></li><li class="filter-option__container" id="Fray Bentos" data-auto="filter-option" data-auto-selected="false"><div class="checkbox" data-auto="checkbox"><input id="filter-option--Fray-Bentos-3080960" name="filter-option--Fray-Bentos-3080960" type="checkbox"><label class="checkbox-label" for="filter-option--Fray-Bentos-3080960" title="Fray Bentos"><a class="filter-option--link" href="https://www.tesco.com/groceries/en-GB/shop/food-cupboard/all?brand=Fray%20Bentos&amp;viewAll=brand"><span class="checkbox-square checkbox-square-linked"></span><span class="checkbox-check icon-tick-white"></span><span class="visually-hidden">Filter by</span><span class="filter-label--line--inline">Fray Bentos</span><span class="filter-label--line--inline">&nbsp;(9)</span></a></label></div></li><li class="filter-option__container" id="Hearty Food Co." data-auto="filter-option" data-auto-selected="false"><div class="checkbox" data-auto="checkbox"><input id="filter-option--Hearty-Food-Co.-4492404" name="filter-option--Hearty-Food-Co.-4492404" type="checkbox"><label class="checkbox-label" for="filter-option--Hearty-Food-Co.-4492404" title="Hearty Food Co."><a class="filter-option--link" href="https://www.tesco.com/groceries/en-GB/shop/food-cupboard/all?brand=Hearty%20Food%20Co.&amp;viewAll=brand"><span class="checkbox-square checkbox-square-linked"></span><span class="checkbox-check icon-tick-white"></span><span class="visually-hidden">Filter by</span><span class="filter-label--line--block">Hearty Food</span><span class="filter-label--line--inline filter-label--line--truncate">Co.</span><span class="filter-label--line--inline">&nbsp;(9)</span></a></label></div></li><li class="filter-option__container" id="Humza" data-auto="filter-option" data-auto-selected="false"><div class="checkbox" data-auto="checkbox"><input id="filter-option--Humza-1386824" name="filter-option--Humza-1386824" type="checkbox"><label class="checkbox-label" for="filter-option--Humza-1386824" title="Humza"><a class="filter-option--link" href="https://www.tesco.com/groceries/en-GB/shop/food-cupboard/all?brand=Humza&amp;viewAll=brand"><span class="checkbox-square checkbox-square-linked"></span><span class="checkbox-check icon-tick-white"></span><span class="visually-hidden">Filter by</span><span class="filter-label--line--inline">Humza</span><span class="filter-label--line--inline">&nbsp;(9)</span></a></label></div></li><li class="filter-option__container" id="Itsu" data-auto="filter-option" data-auto-selected="false"><div class="checkbox" data-auto="checkbox"><input id="filter-option--Itsu-1757656" name="filter-option--Itsu-1757656" type="checkbox"><label class="checkbox-label" for="filter-option--Itsu-1757656" title="Itsu"><a class="filter-option--link" href="https://www.tesco.com/groceries/en-GB/shop/food-cupboard/all?brand=Itsu&amp;viewAll=brand"><span class="checkbox-square checkbox-square-linked"></span><span class="checkbox-check icon-tick-white"></span><span class="visually-hidden">Filter by</span><span class="filter-label--line--inline">Itsu</span><span class="filter-label--line--inline">&nbsp;(9)</span></a></label></div></li><li class="filter-option__container" id="Kingfisher" data-auto="filter-option" data-auto-selected="false"><div class="checkbox" data-auto="checkbox"><input id="filter-option--Kingfisher-3272039" name="filter-option--Kingfisher-3272039" type="checkbox"><label class="checkbox-label" for="filter-option--Kingfisher-3272039" title="Kingfisher"><a class="filter-option--link" href="https://www.tesco.com/groceries/en-GB/shop/food-cupboard/all?brand=Kingfisher&amp;viewAll=brand"><span class="checkbox-square checkbox-square-linked"></span><span class="checkbox-check icon-tick-white"></span><span class="visually-hidden">Filter by</span><span class="filter-label--line--inline">Kingfisher</span><span class="filter-label--line--inline">&nbsp;(9)</span></a></label></div></li><li class="filter-option__container" id="Merchant Gourmet" data-auto="filter-option" data-auto-selected="false"><div class="checkbox" data-auto="checkbox"><input id="filter-option--Merchant-Gourmet-7553104" name="filter-option--Merchant-Gourmet-7553104" type="checkbox"><label class="checkbox-label" for="filter-option--Merchant-Gourmet-7553104" title="Merchant Gourmet"><a class="filter-option--link" href="https://www.tesco.com/groceries/en-GB/shop/food-cupboard/all?brand=Merchant%20Gourmet&amp;viewAll=brand"><span class="checkbox-square checkbox-square-linked"></span><span class="checkbox-check icon-tick-white"></span><span class="visually-hidden">Filter by</span><span class="filter-label--line--block">Merchant</span><span class="filter-label--line--inline filter-label--line--truncate">Gourmet</span><span class="filter-label--line--inline">&nbsp;(9)</span></a></label></div></li><li class="filter-option__container" id="Moma" data-auto="filter-option" data-auto-selected="false"><div class="checkbox" data-auto="checkbox"><input id="filter-option--Moma-3921708" name="filter-option--Moma-3921708" type="checkbox"><label class="checkbox-label" for="filter-option--Moma-3921708" title="Moma"><a class="filter-option--link" href="https://www.tesco.com/groceries/en-GB/shop/food-cupboard/all?brand=Moma&amp;viewAll=brand"><span class="checkbox-square checkbox-square-linked"></span><span class="checkbox-check icon-tick-white"></span><span class="visually-hidden">Filter by</span><span class="filter-label--line--inline">Moma</span><span class="filter-label--line--inline">&nbsp;(9)</span></a></label></div></li><li class="filter-option__container" id="Najma" data-auto="filter-option" data-auto-selected="false"><div class="checkbox" data-auto="checkbox"><input id="filter-option--Najma-848535" name="filter-option--Najma-848535" type="checkbox"><label class="checkbox-label" for="filter-option--Najma-848535" title="Najma"><a class="filter-option--link" href="https://www.tesco.com/groceries/en-GB/shop/food-cupboard/all?brand=Najma&amp;viewAll=brand"><span class="checkbox-square checkbox-square-linked"></span><span class="checkbox-check icon-tick-white"></span><span class="visually-hidden">Filter by</span><span class="filter-label--line--inline">Najma</span><span class="filter-label--line--inline">&nbsp;(9)</span></a></label></div></li><li class="filter-option__container" id="Nomo" data-auto="filter-option" data-auto-selected="false"><div class="checkbox" data-auto="checkbox"><input id="filter-option--Nomo-9309852" name="filter-option--Nomo-9309852" type="checkbox"><label class="checkbox-label" for="filter-option--Nomo-9309852" title="Nomo"><a class="filter-option--link" href="https://www.tesco.com/groceries/en-GB/shop/food-cupboard/all?brand=Nomo&amp;viewAll=brand"><span class="checkbox-square checkbox-square-linked"></span><span class="checkbox-check icon-tick-white"></span><span class="visually-hidden">Filter by</span><span class="filter-label--line--inline">Nomo</span><span class="filter-label--line--inline">&nbsp;(9)</span></a></label></div></li><li class="filter-option__container" id="Paxo" data-auto="filter-option" data-auto-selected="false"><div class="checkbox" data-auto="checkbox"><input id="filter-option--Paxo-9980947" name="filter-option--Paxo-9980947" type="checkbox"><label class="checkbox-label" for="filter-option--Paxo-9980947" title="Paxo"><a class="filter-option--link" href="https://www.tesco.com/groceries/en-GB/shop/food-cupboard/all?brand=Paxo&amp;viewAll=brand"><span class="checkbox-square checkbox-square-linked"></span><span class="checkbox-check icon-tick-white"></span><span class="visually-hidden">Filter by</span><span class="filter-label--line--inline">Paxo</span><span class="filter-label--line--inline">&nbsp;(9)</span></a></label></div></li><li class="filter-option__container" id="Purevia" data-auto="filter-option" data-auto-selected="false"><div class="checkbox" data-auto="checkbox"><input id="filter-option--Purevia-7758956" name="filter-option--Purevia-7758956" type="checkbox"><label class="checkbox-label" for="filter-option--Purevia-7758956" title="Purevia"><a class="filter-option--link" href="https://www.tesco.com/groceries/en-GB/shop/food-cupboard/all?brand=Purevia&amp;viewAll=brand"><span class="checkbox-square checkbox-square-linked"></span><span class="checkbox-check icon-tick-white"></span><span class="visually-hidden">Filter by</span><span class="filter-label--line--inline">Purevia</span><span class="filter-label--line--inline">&nbsp;(9)</span></a></label></div></li><li class="filter-option__container" id="Rowse" data-auto="filter-option" data-auto-selected="false"><div class="checkbox" data-auto="checkbox"><input id="filter-option--Rowse-9778231" name="filter-option--Rowse-9778231" type="checkbox"><label class="checkbox-label" for="filter-option--Rowse-9778231" title="Rowse"><a class="filter-option--link" href="https://www.tesco.com/groceries/en-GB/shop/food-cupboard/all?brand=Rowse&amp;viewAll=brand"><span class="checkbox-square checkbox-square-linked"></span><span class="checkbox-check icon-tick-white"></span><span class="visually-hidden">Filter by</span><span class="filter-label--line--inline">Rowse</span><span class="filter-label--line--inline">&nbsp;(9)</span></a></label></div></li><li class="filter-option__container" id="Skittles" data-auto="filter-option" data-auto-selected="false"><div class="checkbox" data-auto="checkbox"><input id="filter-option--Skittles-3744144" name="filter-option--Skittles-3744144" type="checkbox"><label class="checkbox-label" for="filter-option--Skittles-3744144" title="Skittles"><a class="filter-option--link" href="https://www.tesco.com/groceries/en-GB/shop/food-cupboard/all?brand=Skittles&amp;viewAll=brand"><span class="checkbox-square checkbox-square-linked"></span><span class="checkbox-check icon-tick-white"></span><span class="visually-hidden">Filter by</span><span class="filter-label--line--inline">Skittles</span><span class="filter-label--line--inline">&nbsp;(9)</span></a></label></div></li><li class="filter-option__container" id="Trek" data-auto="filter-option" data-auto-selected="false"><div class="checkbox" data-auto="checkbox"><input id="filter-option--Trek-7864414" name="filter-option--Trek-7864414" type="checkbox"><label class="checkbox-label" for="filter-option--Trek-7864414" title="Trek"><a class="filter-option--link" href="https://www.tesco.com/groceries/en-GB/shop/food-cupboard/all?brand=Trek&amp;viewAll=brand"><span class="checkbox-square checkbox-square-linked"></span><span class="checkbox-check icon-tick-white"></span><span class="visually-hidden">Filter by</span><span class="filter-label--line--inline">Trek</span><span class="filter-label--line--inline">&nbsp;(9)</span></a></label></div></li><li class="filter-option__container" id="Tropical Sun" data-auto="filter-option" data-auto-selected="false"><div class="checkbox" data-auto="checkbox"><input id="filter-option--Tropical-Sun-2137043" name="filter-option--Tropical-Sun-2137043" type="checkbox"><label class="checkbox-label" for="filter-option--Tropical-Sun-2137043" title="Tropical Sun"><a class="filter-option--link" href="https://www.tesco.com/groceries/en-GB/shop/food-cupboard/all?brand=Tropical%20Sun&amp;viewAll=brand"><span class="checkbox-square checkbox-square-linked"></span><span class="checkbox-check icon-tick-white"></span><span class="visually-hidden">Filter by</span><span class="filter-label--line--inline">Tropical Sun</span><span class="filter-label--line--inline">&nbsp;(9)</span></a></label></div></li><li class="filter-option__container" id="Warburtons" data-auto="filter-option" data-auto-selected="false"><div class="checkbox" data-auto="checkbox"><input id="filter-option--Warburtons-8310232" name="filter-option--Warburtons-8310232" type="checkbox"><label class="checkbox-label" for="filter-option--Warburtons-8310232" title="Warburtons"><a class="filter-option--link" href="https://www.tesco.com/groceries/en-GB/shop/food-cupboard/all?brand=Warburtons&amp;viewAll=brand"><span class="checkbox-square checkbox-square-linked"></span><span class="checkbox-check icon-tick-white"></span><span class="visually-hidden">Filter by</span><span class="filter-label--line--inline">Warburtons</span><span class="filter-label--line--inline">&nbsp;(9)</span></a></label></div></li><li class="filter-option__container" id="Askeys" data-auto="filter-option" data-auto-selected="false"><div class="checkbox" data-auto="checkbox"><input id="filter-option--Askeys-382690" name="filter-option--Askeys-382690" type="checkbox"><label class="checkbox-label" for="filter-option--Askeys-382690" title="Askeys"><a class="filter-option--link" href="https://www.tesco.com/groceries/en-GB/shop/food-cupboard/all?brand=Askeys&amp;viewAll=brand"><span class="checkbox-square checkbox-square-linked"></span><span class="checkbox-check icon-tick-white"></span><span class="visually-hidden">Filter by</span><span class="filter-label--line--inline">Askeys</span><span class="filter-label--line--inline">&nbsp;(8)</span></a></label></div></li><li class="filter-option__container" id="Bfree" data-auto="filter-option" data-auto-selected="false"><div class="checkbox" data-auto="checkbox"><input id="filter-option--Bfree-3227859" name="filter-option--Bfree-3227859" type="checkbox"><label class="checkbox-label" for="filter-option--Bfree-3227859" title="Bfree"><a class="filter-option--link" href="https://www.tesco.com/groceries/en-GB/shop/food-cupboard/all?brand=Bfree&amp;viewAll=brand"><span class="checkbox-square checkbox-square-linked"></span><span class="checkbox-check icon-tick-white"></span><span class="visually-hidden">Filter by</span><span class="filter-label--line--inline">Bfree</span><span class="filter-label--line--inline">&nbsp;(8)</span></a></label></div></li><li class="filter-option__container" id="Branston" data-auto="filter-option" data-auto-selected="false"><div class="checkbox" data-auto="checkbox"><input id="filter-option--Branston-5986218" name="filter-option--Branston-5986218" type="checkbox"><label class="checkbox-label" for="filter-option--Branston-5986218" title="Branston"><a class="filter-option--link" href="https://www.tesco.com/groceries/en-GB/shop/food-cupboard/all?brand=Branston&amp;viewAll=brand"><span class="checkbox-square checkbox-square-linked"></span><span class="checkbox-check icon-tick-white"></span><span class="visually-hidden">Filter by</span><span class="filter-label--line--inline">Branston</span><span class="filter-label--line--inline">&nbsp;(8)</span></a></label></div></li><li class="filter-option__container" id="Butterkist" data-auto="filter-option" data-auto-selected="false"><div class="checkbox" data-auto="checkbox"><input id="filter-option--Butterkist-830381" name="filter-option--Butterkist-830381" type="checkbox"><label class="checkbox-label" for="filter-option--Butterkist-830381" title="Butterkist"><a class="filter-option--link" href="https://www.tesco.com/groceries/en-GB/shop/food-cupboard/all?brand=Butterkist&amp;viewAll=brand"><span class="checkbox-square checkbox-square-linked"></span><span class="checkbox-check icon-tick-white"></span><span class="visually-hidden">Filter by</span><span class="filter-label--line--inline">Butterkist</span><span class="filter-label--line--inline">&nbsp;(8)</span></a></label></div></li><li class="filter-option__container" id="Carnation" data-auto="filter-option" data-auto-selected="false"><div class="checkbox" data-auto="checkbox"><input id="filter-option--Carnation-2512976" name="filter-option--Carnation-2512976" type="checkbox"><label class="checkbox-label" for="filter-option--Carnation-2512976" title="Carnation"><a class="filter-option--link" href="https://www.tesco.com/groceries/en-GB/shop/food-cupboard/all?brand=Carnation&amp;viewAll=brand"><span class="checkbox-square checkbox-square-linked"></span><span class="checkbox-check icon-tick-white"></span><span class="visually-hidden">Filter by</span><span class="filter-label--line--inline">Carnation</span><span class="filter-label--line--inline">&nbsp;(8)</span></a></label></div></li><li class="filter-option__container" id="Deliciously Ella" data-auto="filter-option" data-auto-selected="false"><div class="checkbox" data-auto="checkbox"><input id="filter-option--Deliciously-Ella-7937835" name="filter-option--Deliciously-Ella-7937835" type="checkbox"><label class="checkbox-label" for="filter-option--Deliciously-Ella-7937835" title="Deliciously Ella"><a class="filter-option--link" href="https://www.tesco.com/groceries/en-GB/shop/food-cupboard/all?brand=Deliciously%20Ella&amp;viewAll=brand"><span class="checkbox-square checkbox-square-linked"></span><span class="checkbox-check icon-tick-white"></span><span class="visually-hidden">Filter by</span><span class="filter-label--line--block">Deliciously</span><span class="filter-label--line--inline filter-label--line--truncate">Ella</span><span class="filter-label--line--inline">&nbsp;(8)</span></a></label></div></li><li class="filter-option__container" id="E.Wedel" data-auto="filter-option" data-auto-selected="false"><div class="checkbox" data-auto="checkbox"><input id="filter-option--E.Wedel-6180002" name="filter-option--E.Wedel-6180002" type="checkbox"><label class="checkbox-label" for="filter-option--E.Wedel-6180002" title="E.Wedel"><a class="filter-option--link" href="https://www.tesco.com/groceries/en-GB/shop/food-cupboard/all?brand=E.Wedel&amp;viewAll=brand"><span class="checkbox-square checkbox-square-linked"></span><span class="checkbox-check icon-tick-white"></span><span class="visually-hidden">Filter by</span><span class="filter-label--line--inline">E.Wedel</span><span class="filter-label--line--inline">&nbsp;(8)</span></a></label></div></li><li class="filter-option__container" id="Fruit Bowl" data-auto="filter-option" data-auto-selected="false"><div class="checkbox" data-auto="checkbox"><input id="filter-option--Fruit-Bowl-7676830" name="filter-option--Fruit-Bowl-7676830" type="checkbox"><label class="checkbox-label" for="filter-option--Fruit-Bowl-7676830" title="Fruit Bowl"><a class="filter-option--link" href="https://www.tesco.com/groceries/en-GB/shop/food-cupboard/all?brand=Fruit%20Bowl&amp;viewAll=brand"><span class="checkbox-square checkbox-square-linked"></span><span class="checkbox-check icon-tick-white"></span><span class="visually-hidden">Filter by</span><span class="filter-label--line--inline">Fruit Bowl</span><span class="filter-label--line--inline">&nbsp;(8)</span></a></label></div></li><li class="filter-option__container" id="Guinness" data-auto="filter-option" data-auto-selected="false"><div class="checkbox" data-auto="checkbox"><input id="filter-option--Guinness-4881369" name="filter-option--Guinness-4881369" type="checkbox"><label class="checkbox-label" for="filter-option--Guinness-4881369" title="Guinness"><a class="filter-option--link" href="https://www.tesco.com/groceries/en-GB/shop/food-cupboard/all?brand=Guinness&amp;viewAll=brand"><span class="checkbox-square checkbox-square-linked"></span><span class="checkbox-check icon-tick-white"></span><span class="visually-hidden">Filter by</span><span class="filter-label--line--inline">Guinness</span><span class="filter-label--line--inline">&nbsp;(8)</span></a></label></div></li><li class="filter-option__container" id="Herdez" data-auto="filter-option" data-auto-selected="false"><div class="checkbox" data-auto="checkbox"><input id="filter-option--Herdez-9409277" name="filter-option--Herdez-9409277" type="checkbox"><label class="checkbox-label" for="filter-option--Herdez-9409277" title="Herdez"><a class="filter-option--link" href="https://www.tesco.com/groceries/en-GB/shop/food-cupboard/all?brand=Herdez&amp;viewAll=brand"><span class="checkbox-square checkbox-square-linked"></span><span class="checkbox-check icon-tick-white"></span><span class="visually-hidden">Filter by</span><span class="filter-label--line--inline">Herdez</span><span class="filter-label--line--inline">&nbsp;(8)</span></a></label></div></li><li class="filter-option__container" id="Kikkoman" data-auto="filter-option" data-auto-selected="false"><div class="checkbox" data-auto="checkbox"><input id="filter-option--Kikkoman-4960338" name="filter-option--Kikkoman-4960338" type="checkbox"><label class="checkbox-label" for="filter-option--Kikkoman-4960338" title="Kikkoman"><a class="filter-option--link" href="https://www.tesco.com/groceries/en-GB/shop/food-cupboard/all?brand=Kikkoman&amp;viewAll=brand"><span class="checkbox-square checkbox-square-linked"></span><span class="checkbox-check icon-tick-white"></span><span class="visually-hidden">Filter by</span><span class="filter-label--line--inline">Kikkoman</span><span class="filter-label--line--inline">&nbsp;(8)</span></a></label></div></li><li class="filter-option__container" id="Laila" data-auto="filter-option" data-auto-selected="false"><div class="checkbox" data-auto="checkbox"><input id="filter-option--Laila-4364889" name="filter-option--Laila-4364889" type="checkbox"><label class="checkbox-label" for="filter-option--Laila-4364889" title="Laila"><a class="filter-option--link" href="https://www.tesco.com/groceries/en-GB/shop/food-cupboard/all?brand=Laila&amp;viewAll=brand"><span class="checkbox-square checkbox-square-linked"></span><span class="checkbox-check icon-tick-white"></span><span class="visually-hidden">Filter by</span><span class="filter-label--line--inline">Laila</span><span class="filter-label--line--inline">&nbsp;(8)</span></a></label></div></li><li class="filter-option__container" id="Lowicz" data-auto="filter-option" data-auto-selected="false"><div class="checkbox" data-auto="checkbox"><input id="filter-option--Lowicz-84344" name="filter-option--Lowicz-84344" type="checkbox"><label class="checkbox-label" for="filter-option--Lowicz-84344" title="Lowicz"><a class="filter-option--link" href="https://www.tesco.com/groceries/en-GB/shop/food-cupboard/all?brand=Lowicz&amp;viewAll=brand"><span class="checkbox-square checkbox-square-linked"></span><span class="checkbox-check icon-tick-white"></span><span class="visually-hidden">Filter by</span><span class="filter-label--line--inline">Lowicz</span><span class="filter-label--line--inline">&nbsp;(8)</span></a></label></div></li><li class="filter-option__container" id="M&amp;M&#39;s" data-auto="filter-option" data-auto-selected="false"><div class="checkbox" data-auto="checkbox"><input id="filter-option--M&amp;M&#39;s-6293633" name="filter-option--M&amp;M&#39;s-6293633" type="checkbox"><label class="checkbox-label" for="filter-option--M&amp;M&#39;s-6293633" title="M&amp;M&#39;s"><a class="filter-option--link" href="https://www.tesco.com/groceries/en-GB/shop/food-cupboard/all?brand=M%26M%27s&amp;viewAll=brand"><span class="checkbox-square checkbox-square-linked"></span><span class="checkbox-check icon-tick-white"></span><span class="visually-hidden">Filter by</span><span class="filter-label--line--inline">M&amp;M's</span><span class="filter-label--line--inline">&nbsp;(8)</span></a></label></div></li><li class="filter-option__container" id="Mezeast" data-auto="filter-option" data-auto-selected="false"><div class="checkbox" data-auto="checkbox"><input id="filter-option--Mezeast-2355538" name="filter-option--Mezeast-2355538" type="checkbox"><label class="checkbox-label" for="filter-option--Mezeast-2355538" title="Mezeast"><a class="filter-option--link" href="https://www.tesco.com/groceries/en-GB/shop/food-cupboard/all?brand=Mezeast&amp;viewAll=brand"><span class="checkbox-square checkbox-square-linked"></span><span class="checkbox-check icon-tick-white"></span><span class="visually-hidden">Filter by</span><span class="filter-label--line--inline">Mezeast</span><span class="filter-label--line--inline">&nbsp;(8)</span></a></label></div></li><li class="filter-option__container" id="Opies" data-auto="filter-option" data-auto-selected="false"><div class="checkbox" data-auto="checkbox"><input id="filter-option--Opies-3662191" name="filter-option--Opies-3662191" type="checkbox"><label class="checkbox-label" for="filter-option--Opies-3662191" title="Opies"><a class="filter-option--link" href="https://www.tesco.com/groceries/en-GB/shop/food-cupboard/all?brand=Opies&amp;viewAll=brand"><span class="checkbox-square checkbox-square-linked"></span><span class="checkbox-check icon-tick-white"></span><span class="visually-hidden">Filter by</span><span class="filter-label--line--inline">Opies</span><span class="filter-label--line--inline">&nbsp;(8)</span></a></label></div></li><li class="filter-option__container" id="Popworks" data-auto="filter-option" data-auto-selected="false"><div class="checkbox" data-auto="checkbox"><input id="filter-option--Popworks-3596520" name="filter-option--Popworks-3596520" type="checkbox"><label class="checkbox-label" for="filter-option--Popworks-3596520" title="Popworks"><a class="filter-option--link" href="https://www.tesco.com/groceries/en-GB/shop/food-cupboard/all?brand=Popworks&amp;viewAll=brand"><span class="checkbox-square checkbox-square-linked"></span><span class="checkbox-check icon-tick-white"></span><span class="visually-hidden">Filter by</span><span class="filter-label--line--inline">Popworks</span><span class="filter-label--line--inline">&nbsp;(8)</span></a></label></div></li><li class="filter-option__container" id="Propercorn" data-auto="filter-option" data-auto-selected="false"><div class="checkbox" data-auto="checkbox"><input id="filter-option--Propercorn-6549531" name="filter-option--Propercorn-6549531" type="checkbox"><label class="checkbox-label" for="filter-option--Propercorn-6549531" title="Propercorn"><a class="filter-option--link" href="https://www.tesco.com/groceries/en-GB/shop/food-cupboard/all?brand=Propercorn&amp;viewAll=brand"><span class="checkbox-square checkbox-square-linked"></span><span class="checkbox-check icon-tick-white"></span><span class="visually-hidden">Filter by</span><span class="filter-label--line--inline">Propercorn</span><span class="filter-label--line--inline">&nbsp;(8)</span></a></label></div></li><li class="filter-option__container" id="Rajah" data-auto="filter-option" data-auto-selected="false"><div class="checkbox" data-auto="checkbox"><input id="filter-option--Rajah-9441830" name="filter-option--Rajah-9441830" type="checkbox"><label class="checkbox-label" for="filter-option--Rajah-9441830" title="Rajah"><a class="filter-option--link" href="https://www.tesco.com/groceries/en-GB/shop/food-cupboard/all?brand=Rajah&amp;viewAll=brand"><span class="checkbox-square checkbox-square-linked"></span><span class="checkbox-check icon-tick-white"></span><span class="visually-hidden">Filter by</span><span class="filter-label--line--inline">Rajah</span><span class="filter-label--line--inline">&nbsp;(8)</span></a></label></div></li><li class="filter-option__container" id="Rowntrees" data-auto="filter-option" data-auto-selected="false"><div class="checkbox" data-auto="checkbox"><input id="filter-option--Rowntrees-9387929" name="filter-option--Rowntrees-9387929" type="checkbox"><label class="checkbox-label" for="filter-option--Rowntrees-9387929" title="Rowntrees"><a class="filter-option--link" href="https://www.tesco.com/groceries/en-GB/shop/food-cupboard/all?brand=Rowntrees&amp;viewAll=brand"><span class="checkbox-square checkbox-square-linked"></span><span class="checkbox-check icon-tick-white"></span><span class="visually-hidden">Filter by</span><span class="filter-label--line--inline">Rowntrees</span><span class="filter-label--line--inline">&nbsp;(8)</span></a></label></div></li><li class="filter-option__container" id="Tyrrells" data-auto="filter-option" data-auto-selected="false"><div class="checkbox" data-auto="checkbox"><input id="filter-option--Tyrrells-31543" name="filter-option--Tyrrells-31543" type="checkbox"><label class="checkbox-label" for="filter-option--Tyrrells-31543" title="Tyrrells"><a class="filter-option--link" href="https://www.tesco.com/groceries/en-GB/shop/food-cupboard/all?brand=Tyrrells&amp;viewAll=brand"><span class="checkbox-square checkbox-square-linked"></span><span class="checkbox-check icon-tick-white"></span><span class="visually-hidden">Filter by</span><span class="filter-label--line--inline">Tyrrells</span><span class="filter-label--line--inline">&nbsp;(8)</span></a></label></div></li><li class="filter-option__container" id="Amoy" data-auto="filter-option" data-auto-selected="false"><div class="checkbox" data-auto="checkbox"><input id="filter-option--Amoy-8181533" name="filter-option--Amoy-8181533" type="checkbox"><label class="checkbox-label" for="filter-option--Amoy-8181533" title="Amoy"><a class="filter-option--link" href="https://www.tesco.com/groceries/en-GB/shop/food-cupboard/all?brand=Amoy&amp;viewAll=brand"><span class="checkbox-square checkbox-square-linked"></span><span class="checkbox-check icon-tick-white"></span><span class="visually-hidden">Filter by</span><span class="filter-label--line--inline">Amoy</span><span class="filter-label--line--inline">&nbsp;(7)</span></a></label></div></li><li class="filter-option__container" id="Angel Delight" data-auto="filter-option" data-auto-selected="false"><div class="checkbox" data-auto="checkbox"><input id="filter-option--Angel-Delight-4843249" name="filter-option--Angel-Delight-4843249" type="checkbox"><label class="checkbox-label" for="filter-option--Angel-Delight-4843249" title="Angel Delight"><a class="filter-option--link" href="https://www.tesco.com/groceries/en-GB/shop/food-cupboard/all?brand=Angel%20Delight&amp;viewAll=brand"><span class="checkbox-square checkbox-square-linked"></span><span class="checkbox-check icon-tick-white"></span><span class="visually-hidden">Filter by</span><span class="filter-label--line--inline">Angel Delight</span><span class="filter-label--line--inline">&nbsp;(7)</span></a></label></div></li><li class="filter-option__container" id="Crosse &amp; Blackwell" data-auto="filter-option" data-auto-selected="false"><div class="checkbox" data-auto="checkbox"><input id="filter-option--Crosse-Blackwell-4808467" name="filter-option--Crosse-Blackwell-4808467" type="checkbox"><label class="checkbox-label" for="filter-option--Crosse-Blackwell-4808467" title="Crosse &amp; Blackwell"><a class="filter-option--link" href="https://www.tesco.com/groceries/en-GB/shop/food-cupboard/all?brand=Crosse%20%26%20Blackwell&amp;viewAll=brand"><span class="checkbox-square checkbox-square-linked"></span><span class="checkbox-check icon-tick-white"></span><span class="visually-hidden">Filter by</span><span class="filter-label--line--block">Crosse &amp;</span><span class="filter-label--line--inline filter-label--line--truncate">Blackwell</span><span class="filter-label--line--inline">&nbsp;(7)</span></a></label></div></li><li class="filter-option__container" id="Dawtona" data-auto="filter-option" data-auto-selected="false"><div class="checkbox" data-auto="checkbox"><input id="filter-option--Dawtona-4546516" name="filter-option--Dawtona-4546516" type="checkbox"><label class="checkbox-label" for="filter-option--Dawtona-4546516" title="Dawtona"><a class="filter-option--link" href="https://www.tesco.com/groceries/en-GB/shop/food-cupboard/all?brand=Dawtona&amp;viewAll=brand"><span class="checkbox-square checkbox-square-linked"></span><span class="checkbox-check icon-tick-white"></span><span class="visually-hidden">Filter by</span><span class="filter-label--line--inline">Dawtona</span><span class="filter-label--line--inline">&nbsp;(7)</span></a></label></div></li><li class="filter-option__container" id="Dole" data-auto="filter-option" data-auto-selected="false"><div class="checkbox" data-auto="checkbox"><input id="filter-option--Dole-3156368" name="filter-option--Dole-3156368" type="checkbox"><label class="checkbox-label" for="filter-option--Dole-3156368" title="Dole"><a class="filter-option--link" href="https://www.tesco.com/groceries/en-GB/shop/food-cupboard/all?brand=Dole&amp;viewAll=brand"><span class="checkbox-square checkbox-square-linked"></span><span class="checkbox-check icon-tick-white"></span><span class="visually-hidden">Filter by</span><span class="filter-label--line--inline">Dole</span><span class="filter-label--line--inline">&nbsp;(7)</span></a></label></div></li><li class="filter-option__container" id="Dr Oetker" data-auto="filter-option" data-auto-selected="false"><div class="checkbox" data-auto="checkbox"><input id="filter-option--Dr-Oetker-7685639" name="filter-option--Dr-Oetker-7685639" type="checkbox"><label class="checkbox-label" for="filter-option--Dr-Oetker-7685639" title="Dr Oetker"><a class="filter-option--link" href="https://www.tesco.com/groceries/en-GB/shop/food-cupboard/all?brand=Dr%20Oetker&amp;viewAll=brand"><span class="checkbox-square checkbox-square-linked"></span><span class="checkbox-check icon-tick-white"></span><span class="visually-hidden">Filter by</span><span class="filter-label--line--inline">Dr Oetker</span><span class="filter-label--line--inline">&nbsp;(7)</span></a></label></div></li><li class="filter-option__container" id="Forest Feast" data-auto="filter-option" data-auto-selected="false"><div class="checkbox" data-auto="checkbox"><input id="filter-option--Forest-Feast-4068686" name="filter-option--Forest-Feast-4068686" type="checkbox"><label class="checkbox-label" for="filter-option--Forest-Feast-4068686" title="Forest Feast"><a class="filter-option--link" href="https://www.tesco.com/groceries/en-GB/shop/food-cupboard/all?brand=Forest%20Feast&amp;viewAll=brand"><span class="checkbox-square checkbox-square-linked"></span><span class="checkbox-check icon-tick-white"></span><span class="visually-hidden">Filter by</span><span class="filter-label--line--inline">Forest Feast</span><span class="filter-label--line--inline">&nbsp;(7)</span></a></label></div></li><li class="filter-option__container" id="Hp" data-auto="filter-option" data-auto-selected="false"><div class="checkbox" data-auto="checkbox"><input id="filter-option--Hp-4890995" name="filter-option--Hp-4890995" type="checkbox"><label class="checkbox-label" for="filter-option--Hp-4890995" title="Hp"><a class="filter-option--link" href="https://www.tesco.com/groceries/en-GB/shop/food-cupboard/all?brand=Hp&amp;viewAll=brand"><span class="checkbox-square checkbox-square-linked"></span><span class="checkbox-check icon-tick-white"></span><span class="visually-hidden">Filter by</span><span class="filter-label--line--inline">Hp</span><span class="filter-label--line--inline">&nbsp;(7)</span></a></label></div></li><li class="filter-option__container" id="Jamie Oliver" data-auto="filter-option" data-auto-selected="false"><div class="checkbox" data-auto="checkbox"><input id="filter-option--Jamie-Oliver-4332779" name="filter-option--Jamie-Oliver-4332779" type="checkbox"><label class="checkbox-label" for="filter-option--Jamie-Oliver-4332779" title="Jamie Oliver"><a class="filter-option--link" href="https://www.tesco.com/groceries/en-GB/shop/food-cupboard/all?brand=Jamie%20Oliver&amp;viewAll=brand"><span class="checkbox-square checkbox-square-linked"></span><span class="checkbox-check icon-tick-white"></span><span class="visually-hidden">Filter by</span><span class="filter-label--line--inline">Jamie Oliver</span><span class="filter-label--line--inline">&nbsp;(7)</span></a></label></div></li><li class="filter-option__container" id="Mallow &amp; Marsh" data-auto="filter-option" data-auto-selected="false"><div class="checkbox" data-auto="checkbox"><input id="filter-option--Mallow-Marsh-4710705" name="filter-option--Mallow-Marsh-4710705" type="checkbox"><label class="checkbox-label" for="filter-option--Mallow-Marsh-4710705" title="Mallow &amp; Marsh"><a class="filter-option--link" href="https://www.tesco.com/groceries/en-GB/shop/food-cupboard/all?brand=Mallow%20%26%20Marsh&amp;viewAll=brand"><span class="checkbox-square checkbox-square-linked"></span><span class="checkbox-check icon-tick-white"></span><span class="visually-hidden">Filter by</span><span class="filter-label--line--inline">Mallow &amp; Marsh</span><span class="filter-label--line--inline">&nbsp;(7)</span></a></label></div></li><li class="filter-option__container" id="Matthews Flour" data-auto="filter-option" data-auto-selected="false"><div class="checkbox" data-auto="checkbox"><input id="filter-option--Matthews-Flour-2507753" name="filter-option--Matthews-Flour-2507753" type="checkbox"><label class="checkbox-label" for="filter-option--Matthews-Flour-2507753" title="Matthews Flour"><a class="filter-option--link" href="https://www.tesco.com/groceries/en-GB/shop/food-cupboard/all?brand=Matthews%20Flour&amp;viewAll=brand"><span class="checkbox-square checkbox-square-linked"></span><span class="checkbox-check icon-tick-white"></span><span class="visually-hidden">Filter by</span><span class="filter-label--line--inline">Matthews Flour</span><span class="filter-label--line--inline">&nbsp;(7)</span></a></label></div></li><li class="filter-option__container" id="Milkybar" data-auto="filter-option" data-auto-selected="false"><div class="checkbox" data-auto="checkbox"><input id="filter-option--Milkybar-8110851" name="filter-option--Milkybar-8110851" type="checkbox"><label class="checkbox-label" for="filter-option--Milkybar-8110851" title="Milkybar"><a class="filter-option--link" href="https://www.tesco.com/groceries/en-GB/shop/food-cupboard/all?brand=Milkybar&amp;viewAll=brand"><span class="checkbox-square checkbox-square-linked"></span><span class="checkbox-check icon-tick-white"></span><span class="visually-hidden">Filter by</span><span class="filter-label--line--inline">Milkybar</span><span class="filter-label--line--inline">&nbsp;(7)</span></a></label></div></li><li class="filter-option__container" id="Moo Free" data-auto="filter-option" data-auto-selected="false"><div class="checkbox" data-auto="checkbox"><input id="filter-option--Moo-Free-5152333" name="filter-option--Moo-Free-5152333" type="checkbox"><label class="checkbox-label" for="filter-option--Moo-Free-5152333" title="Moo Free"><a class="filter-option--link" href="https://www.tesco.com/groceries/en-GB/shop/food-cupboard/all?brand=Moo%20Free&amp;viewAll=brand"><span class="checkbox-square checkbox-square-linked"></span><span class="checkbox-check icon-tick-white"></span><span class="visually-hidden">Filter by</span><span class="filter-label--line--inline">Moo Free</span><span class="filter-label--line--inline">&nbsp;(7)</span></a></label></div></li><li class="filter-option__container" id="Nutella" data-auto="filter-option" data-auto-selected="false"><div class="checkbox" data-auto="checkbox"><input id="filter-option--Nutella-8605669" name="filter-option--Nutella-8605669" type="checkbox"><label class="checkbox-label" for="filter-option--Nutella-8605669" title="Nutella"><a class="filter-option--link" href="https://www.tesco.com/groceries/en-GB/shop/food-cupboard/all?brand=Nutella&amp;viewAll=brand"><span class="checkbox-square checkbox-square-linked"></span><span class="checkbox-check icon-tick-white"></span><span class="visually-hidden">Filter by</span><span class="filter-label--line--inline">Nutella</span><span class="filter-label--line--inline">&nbsp;(7)</span></a></label></div></li><li class="filter-option__container" id="Proper" data-auto="filter-option" data-auto-selected="false"><div class="checkbox" data-auto="checkbox"><input id="filter-option--Proper-6309949" name="filter-option--Proper-6309949" type="checkbox"><label class="checkbox-label" for="filter-option--Proper-6309949" title="Proper"><a class="filter-option--link" href="https://www.tesco.com/groceries/en-GB/shop/food-cupboard/all?brand=Proper&amp;viewAll=brand"><span class="checkbox-square checkbox-square-linked"></span><span class="checkbox-check icon-tick-white"></span><span class="visually-hidden">Filter by</span><span class="filter-label--line--inline">Proper</span><span class="filter-label--line--inline">&nbsp;(7)</span></a></label></div></li><li class="filter-option__container" id="Rude Health" data-auto="filter-option" data-auto-selected="false"><div class="checkbox" data-auto="checkbox"><input id="filter-option--Rude-Health-4792131" name="filter-option--Rude-Health-4792131" type="checkbox"><label class="checkbox-label" for="filter-option--Rude-Health-4792131" title="Rude Health"><a class="filter-option--link" href="https://www.tesco.com/groceries/en-GB/shop/food-cupboard/all?brand=Rude%20Health&amp;viewAll=brand"><span class="checkbox-square checkbox-square-linked"></span><span class="checkbox-check icon-tick-white"></span><span class="visually-hidden">Filter by</span><span class="filter-label--line--inline">Rude Health</span><span class="filter-label--line--inline">&nbsp;(7)</span></a></label></div></li><li class="filter-option__container" id="Tahira" data-auto="filter-option" data-auto-selected="false"><div class="checkbox" data-auto="checkbox"><input id="filter-option--Tahira-8110828" name="filter-option--Tahira-8110828" type="checkbox"><label class="checkbox-label" for="filter-option--Tahira-8110828" title="Tahira"><a class="filter-option--link" href="https://www.tesco.com/groceries/en-GB/shop/food-cupboard/all?brand=Tahira&amp;viewAll=brand"><span class="checkbox-square checkbox-square-linked"></span><span class="checkbox-check icon-tick-white"></span><span class="visually-hidden">Filter by</span><span class="filter-label--line--inline">Tahira</span><span class="filter-label--line--inline">&nbsp;(7)</span></a></label></div></li><li class="filter-option__container" id="Terry&#39;s" data-auto="filter-option" data-auto-selected="false"><div class="checkbox" data-auto="checkbox"><input id="filter-option--Terry&#39;s-7017843" name="filter-option--Terry&#39;s-7017843" type="checkbox"><label class="checkbox-label" for="filter-option--Terry&#39;s-7017843" title="Terry&#39;s"><a class="filter-option--link" href="https://www.tesco.com/groceries/en-GB/shop/food-cupboard/all?brand=Terry%27s&amp;viewAll=brand"><span class="checkbox-square checkbox-square-linked"></span><span class="checkbox-check icon-tick-white"></span><span class="visually-hidden">Filter by</span><span class="filter-label--line--inline">Terry's</span><span class="filter-label--line--inline">&nbsp;(7)</span></a></label></div></li><li class="filter-option__container" id="Tesco Plant Chef" data-auto="filter-option" data-auto-selected="false"><div class="checkbox" data-auto="checkbox"><input id="filter-option--Tesco-Plant-Chef-5942964" name="filter-option--Tesco-Plant-Chef-5942964" type="checkbox"><label class="checkbox-label" for="filter-option--Tesco-Plant-Chef-5942964" title="Tesco Plant Chef"><a class="filter-option--link" href="https://www.tesco.com/groceries/en-GB/shop/food-cupboard/all?brand=Tesco%20Plant%20Chef&amp;viewAll=brand"><span class="checkbox-square checkbox-square-linked"></span><span class="checkbox-check icon-tick-white"></span><span class="visually-hidden">Filter by</span><span class="filter-label--line--block">Tesco Plant</span><span class="filter-label--line--inline filter-label--line--truncate">Chef</span><span class="filter-label--line--inline">&nbsp;(7)</span></a></label></div></li><li class="filter-option__container" id="Thai Dragon" data-auto="filter-option" data-auto-selected="false"><div class="checkbox" data-auto="checkbox"><input id="filter-option--Thai-Dragon-7065290" name="filter-option--Thai-Dragon-7065290" type="checkbox"><label class="checkbox-label" for="filter-option--Thai-Dragon-7065290" title="Thai Dragon"><a class="filter-option--link" href="https://www.tesco.com/groceries/en-GB/shop/food-cupboard/all?brand=Thai%20Dragon&amp;viewAll=brand"><span class="checkbox-square checkbox-square-linked"></span><span class="checkbox-check icon-tick-white"></span><span class="visually-hidden">Filter by</span><span class="filter-label--line--inline">Thai Dragon</span><span class="filter-label--line--inline">&nbsp;(7)</span></a></label></div></li><li class="filter-option__container" id="Walkers Max" data-auto="filter-option" data-auto-selected="false"><div class="checkbox" data-auto="checkbox"><input id="filter-option--Walkers-Max-7025294" name="filter-option--Walkers-Max-7025294" type="checkbox"><label class="checkbox-label" for="filter-option--Walkers-Max-7025294" title="Walkers Max"><a class="filter-option--link" href="https://www.tesco.com/groceries/en-GB/shop/food-cupboard/all?brand=Walkers%20Max&amp;viewAll=brand"><span class="checkbox-square checkbox-square-linked"></span><span class="checkbox-check icon-tick-white"></span><span class="visually-hidden">Filter by</span><span class="filter-label--line--inline">Walkers Max</span><span class="filter-label--line--inline">&nbsp;(7)</span></a></label></div></li><li class="filter-option__container" id="Auntys" data-auto="filter-option" data-auto-selected="false"><div class="checkbox" data-auto="checkbox"><input id="filter-option--Auntys-3955447" name="filter-option--Auntys-3955447" type="checkbox"><label class="checkbox-label" for="filter-option--Auntys-3955447" title="Auntys"><a class="filter-option--link" href="https://www.tesco.com/groceries/en-GB/shop/food-cupboard/all?brand=Auntys&amp;viewAll=brand"><span class="checkbox-square checkbox-square-linked"></span><span class="checkbox-check icon-tick-white"></span><span class="visually-hidden">Filter by</span><span class="filter-label--line--inline">Auntys</span><span class="filter-label--line--inline">&nbsp;(6)</span></a></label></div></li><li class="filter-option__container" id="Bahlsen" data-auto="filter-option" data-auto-selected="false"><div class="checkbox" data-auto="checkbox"><input id="filter-option--Bahlsen-6332906" name="filter-option--Bahlsen-6332906" type="checkbox"><label class="checkbox-label" for="filter-option--Bahlsen-6332906" title="Bahlsen"><a class="filter-option--link" href="https://www.tesco.com/groceries/en-GB/shop/food-cupboard/all?brand=Bahlsen&amp;viewAll=brand"><span class="checkbox-square checkbox-square-linked"></span><span class="checkbox-check icon-tick-white"></span><span class="visually-hidden">Filter by</span><span class="filter-label--line--inline">Bahlsen</span><span class="filter-label--line--inline">&nbsp;(6)</span></a></label></div></li><li class="filter-option__container" id="Barilla" data-auto="filter-option" data-auto-selected="false"><div class="checkbox" data-auto="checkbox"><input id="filter-option--Barilla-4484731" name="filter-option--Barilla-4484731" type="checkbox"><label class="checkbox-label" for="filter-option--Barilla-4484731" title="Barilla"><a class="filter-option--link" href="https://www.tesco.com/groceries/en-GB/shop/food-cupboard/all?brand=Barilla&amp;viewAll=brand"><span class="checkbox-square checkbox-square-linked"></span><span class="checkbox-check icon-tick-white"></span><span class="visually-hidden">Filter by</span><span class="filter-label--line--inline">Barilla</span><span class="filter-label--line--inline">&nbsp;(6)</span></a></label></div></li><li class="filter-option__container" id="Birds" data-auto="filter-option" data-auto-selected="false"><div class="checkbox" data-auto="checkbox"><input id="filter-option--Birds-6445901" name="filter-option--Birds-6445901" type="checkbox"><label class="checkbox-label" for="filter-option--Birds-6445901" title="Birds"><a class="filter-option--link" href="https://www.tesco.com/groceries/en-GB/shop/food-cupboard/all?brand=Birds&amp;viewAll=brand"><span class="checkbox-square checkbox-square-linked"></span><span class="checkbox-check icon-tick-white"></span><span class="visually-hidden">Filter by</span><span class="filter-label--line--inline">Birds</span><span class="filter-label--line--inline">&nbsp;(6)</span></a></label></div></li><li class="filter-option__container" id="Chop" data-auto="filter-option" data-auto-selected="false"><div class="checkbox" data-auto="checkbox"><input id="filter-option--Chop-7263376" name="filter-option--Chop-7263376" type="checkbox"><label class="checkbox-label" for="filter-option--Chop-7263376" title="Chop"><a class="filter-option--link" href="https://www.tesco.com/groceries/en-GB/shop/food-cupboard/all?brand=Chop&amp;viewAll=brand"><span class="checkbox-square checkbox-square-linked"></span><span class="checkbox-check icon-tick-white"></span><span class="visually-hidden">Filter by</span><span class="filter-label--line--inline">Chop</span><span class="filter-label--line--inline">&nbsp;(6)</span></a></label></div></li><li class="filter-option__container" id="De Cecco" data-auto="filter-option" data-auto-selected="false"><div class="checkbox" data-auto="checkbox"><input id="filter-option--De-Cecco-8566200" name="filter-option--De-Cecco-8566200" type="checkbox"><label class="checkbox-label" for="filter-option--De-Cecco-8566200" title="De Cecco"><a class="filter-option--link" href="https://www.tesco.com/groceries/en-GB/shop/food-cupboard/all?brand=De%20Cecco&amp;viewAll=brand"><span class="checkbox-square checkbox-square-linked"></span><span class="checkbox-check icon-tick-white"></span><span class="visually-hidden">Filter by</span><span class="filter-label--line--inline">De Cecco</span><span class="filter-label--line--inline">&nbsp;(6)</span></a></label></div></li><li class="filter-option__container" id="Dorset" data-auto="filter-option" data-auto-selected="false"><div class="checkbox" data-auto="checkbox"><input id="filter-option--Dorset-8877234" name="filter-option--Dorset-8877234" type="checkbox"><label class="checkbox-label" for="filter-option--Dorset-8877234" title="Dorset"><a class="filter-option--link" href="https://www.tesco.com/groceries/en-GB/shop/food-cupboard/all?brand=Dorset&amp;viewAll=brand"><span class="checkbox-square checkbox-square-linked"></span><span class="checkbox-check icon-tick-white"></span><span class="visually-hidden">Filter by</span><span class="filter-label--line--inline">Dorset</span><span class="filter-label--line--inline">&nbsp;(6)</span></a></label></div></li><li class="filter-option__container" id="Eat Real" data-auto="filter-option" data-auto-selected="false"><div class="checkbox" data-auto="checkbox"><input id="filter-option--Eat-Real-3589190" name="filter-option--Eat-Real-3589190" type="checkbox"><label class="checkbox-label" for="filter-option--Eat-Real-3589190" title="Eat Real"><a class="filter-option--link" href="https://www.tesco.com/groceries/en-GB/shop/food-cupboard/all?brand=Eat%20Real&amp;viewAll=brand"><span class="checkbox-square checkbox-square-linked"></span><span class="checkbox-check icon-tick-white"></span><span class="visually-hidden">Filter by</span><span class="filter-label--line--inline">Eat Real</span><span class="filter-label--line--inline">&nbsp;(6)</span></a></label></div></li><li class="filter-option__container" id="Fulfil" data-auto="filter-option" data-auto-selected="false"><div class="checkbox" data-auto="checkbox"><input id="filter-option--Fulfil-4418072" name="filter-option--Fulfil-4418072" type="checkbox"><label class="checkbox-label" for="filter-option--Fulfil-4418072" title="Fulfil"><a class="filter-option--link" href="https://www.tesco.com/groceries/en-GB/shop/food-cupboard/all?brand=Fulfil&amp;viewAll=brand"><span class="checkbox-square checkbox-square-linked"></span><span class="checkbox-check icon-tick-white"></span><span class="visually-hidden">Filter by</span><span class="filter-label--line--inline">Fulfil</span><span class="filter-label--line--inline">&nbsp;(6)</span></a></label></div></li><li class="filter-option__container" id="Green Giant" data-auto="filter-option" data-auto-selected="false"><div class="checkbox" data-auto="checkbox"><input id="filter-option--Green-Giant-8852119" name="filter-option--Green-Giant-8852119" type="checkbox"><label class="checkbox-label" for="filter-option--Green-Giant-8852119" title="Green Giant"><a class="filter-option--link" href="https://www.tesco.com/groceries/en-GB/shop/food-cupboard/all?brand=Green%20Giant&amp;viewAll=brand"><span class="checkbox-square checkbox-square-linked"></span><span class="checkbox-check icon-tick-white"></span><span class="visually-hidden">Filter by</span><span class="filter-label--line--inline">Green Giant</span><span class="filter-label--line--inline">&nbsp;(6)</span></a></label></div></li><li class="filter-option__container" id="Groovy Food" data-auto="filter-option" data-auto-selected="false"><div class="checkbox" data-auto="checkbox"><input id="filter-option--Groovy-Food-3598791" name="filter-option--Groovy-Food-3598791" type="checkbox"><label class="checkbox-label" for="filter-option--Groovy-Food-3598791" title="Groovy Food"><a class="filter-option--link" href="https://www.tesco.com/groceries/en-GB/shop/food-cupboard/all?brand=Groovy%20Food&amp;viewAll=brand"><span class="checkbox-square checkbox-square-linked"></span><span class="checkbox-check icon-tick-white"></span><span class="visually-hidden">Filter by</span><span class="filter-label--line--inline">Groovy Food</span><span class="filter-label--line--inline">&nbsp;(6)</span></a></label></div></li><li class="filter-option__container" id="Guylian" data-auto="filter-option" data-auto-selected="false"><div class="checkbox" data-auto="checkbox"><input id="filter-option--Guylian-6981554" name="filter-option--Guylian-6981554" type="checkbox"><label class="checkbox-label" for="filter-option--Guylian-6981554" title="Guylian"><a class="filter-option--link" href="https://www.tesco.com/groceries/en-GB/shop/food-cupboard/all?brand=Guylian&amp;viewAll=brand"><span class="checkbox-square checkbox-square-linked"></span><span class="checkbox-check icon-tick-white"></span><span class="visually-hidden">Filter by</span><span class="filter-label--line--inline">Guylian</span><span class="filter-label--line--inline">&nbsp;(6)</span></a></label></div></li><li class="filter-option__container" id="Island Sun" data-auto="filter-option" data-auto-selected="false"><div class="checkbox" data-auto="checkbox"><input id="filter-option--Island-Sun-8111246" name="filter-option--Island-Sun-8111246" type="checkbox"><label class="checkbox-label" for="filter-option--Island-Sun-8111246" title="Island Sun"><a class="filter-option--link" href="https://www.tesco.com/groceries/en-GB/shop/food-cupboard/all?brand=Island%20Sun&amp;viewAll=brand"><span class="checkbox-square checkbox-square-linked"></span><span class="checkbox-check icon-tick-white"></span><span class="visually-hidden">Filter by</span><span class="filter-label--line--inline">Island Sun</span><span class="filter-label--line--inline">&nbsp;(6)</span></a></label></div></li><li class="filter-option__container" id="K.A." data-auto="filter-option" data-auto-selected="false"><div class="checkbox" data-auto="checkbox"><input id="filter-option--K.A.-9978635" name="filter-option--K.A.-9978635" type="checkbox"><label class="checkbox-label" for="filter-option--K.A.-9978635" title="K.A."><a class="filter-option--link" href="https://www.tesco.com/groceries/en-GB/shop/food-cupboard/all?brand=K.A.&amp;viewAll=brand"><span class="checkbox-square checkbox-square-linked"></span><span class="checkbox-check icon-tick-white"></span><span class="visually-hidden">Filter by</span><span class="filter-label--line--inline">K.A.</span><span class="filter-label--line--inline">&nbsp;(6)</span></a></label></div></li><li class="filter-option__container" id="Lily O&#39;briens" data-auto="filter-option" data-auto-selected="false"><div class="checkbox" data-auto="checkbox"><input id="filter-option--Lily-O&#39;briens-8990211" name="filter-option--Lily-O&#39;briens-8990211" type="checkbox"><label class="checkbox-label" for="filter-option--Lily-O&#39;briens-8990211" title="Lily O&#39;briens"><a class="filter-option--link" href="https://www.tesco.com/groceries/en-GB/shop/food-cupboard/all?brand=Lily%20O%27briens&amp;viewAll=brand"><span class="checkbox-square checkbox-square-linked"></span><span class="checkbox-check icon-tick-white"></span><span class="visually-hidden">Filter by</span><span class="filter-label--line--inline">Lily O'briens</span><span class="filter-label--line--inline">&nbsp;(6)</span></a></label></div></li><li class="filter-option__container" id="Linwoods" data-auto="filter-option" data-auto-selected="false"><div class="checkbox" data-auto="checkbox"><input id="filter-option--Linwoods-1037412" name="filter-option--Linwoods-1037412" type="checkbox"><label class="checkbox-label" for="filter-option--Linwoods-1037412" title="Linwoods"><a class="filter-option--link" href="https://www.tesco.com/groceries/en-GB/shop/food-cupboard/all?brand=Linwoods&amp;viewAll=brand"><span class="checkbox-square checkbox-square-linked"></span><span class="checkbox-check icon-tick-white"></span><span class="visually-hidden">Filter by</span><span class="filter-label--line--inline">Linwoods</span><span class="filter-label--line--inline">&nbsp;(6)</span></a></label></div></li><li class="filter-option__container" id="Mackays" data-auto="filter-option" data-auto-selected="false"><div class="checkbox" data-auto="checkbox"><input id="filter-option--Mackays-8420438" name="filter-option--Mackays-8420438" type="checkbox"><label class="checkbox-label" for="filter-option--Mackays-8420438" title="Mackays"><a class="filter-option--link" href="https://www.tesco.com/groceries/en-GB/shop/food-cupboard/all?brand=Mackays&amp;viewAll=brand"><span class="checkbox-square checkbox-square-linked"></span><span class="checkbox-check icon-tick-white"></span><span class="visually-hidden">Filter by</span><span class="filter-label--line--inline">Mackays</span><span class="filter-label--line--inline">&nbsp;(6)</span></a></label></div></li><li class="filter-option__container" id="Mama" data-auto="filter-option" data-auto-selected="false"><div class="checkbox" data-auto="checkbox"><input id="filter-option--Mama-9697204" name="filter-option--Mama-9697204" type="checkbox"><label class="checkbox-label" for="filter-option--Mama-9697204" title="Mama"><a class="filter-option--link" href="https://www.tesco.com/groceries/en-GB/shop/food-cupboard/all?brand=Mama&amp;viewAll=brand"><span class="checkbox-square checkbox-square-linked"></span><span class="checkbox-check icon-tick-white"></span><span class="visually-hidden">Filter by</span><span class="filter-label--line--inline">Mama</span><span class="filter-label--line--inline">&nbsp;(6)</span></a></label></div></li><li class="filter-option__container" id="Marmite" data-auto="filter-option" data-auto-selected="false"><div class="checkbox" data-auto="checkbox"><input id="filter-option--Marmite-4121604" name="filter-option--Marmite-4121604" type="checkbox"><label class="checkbox-label" for="filter-option--Marmite-4121604" title="Marmite"><a class="filter-option--link" href="https://www.tesco.com/groceries/en-GB/shop/food-cupboard/all?brand=Marmite&amp;viewAll=brand"><span class="checkbox-square checkbox-square-linked"></span><span class="checkbox-check icon-tick-white"></span><span class="visually-hidden">Filter by</span><span class="filter-label--line--inline">Marmite</span><span class="filter-label--line--inline">&nbsp;(6)</span></a></label></div></li><li class="filter-option__container" id="Mentos" data-auto="filter-option" data-auto-selected="false"><div class="checkbox" data-auto="checkbox"><input id="filter-option--Mentos-6398360" name="filter-option--Mentos-6398360" type="checkbox"><label class="checkbox-label" for="filter-option--Mentos-6398360" title="Mentos"><a class="filter-option--link" href="https://www.tesco.com/groceries/en-GB/shop/food-cupboard/all?brand=Mentos&amp;viewAll=brand"><span class="checkbox-square checkbox-square-linked"></span><span class="checkbox-check icon-tick-white"></span><span class="visually-hidden">Filter by</span><span class="filter-label--line--inline">Mentos</span><span class="filter-label--line--inline">&nbsp;(6)</span></a></label></div></li><li class="filter-option__container" id="Miso Tasty" data-auto="filter-option" data-auto-selected="false"><div class="checkbox" data-auto="checkbox"><input id="filter-option--Miso-Tasty-9311292" name="filter-option--Miso-Tasty-9311292" type="checkbox"><label class="checkbox-label" for="filter-option--Miso-Tasty-9311292" title="Miso Tasty"><a class="filter-option--link" href="https://www.tesco.com/groceries/en-GB/shop/food-cupboard/all?brand=Miso%20Tasty&amp;viewAll=brand"><span class="checkbox-square checkbox-square-linked"></span><span class="checkbox-check icon-tick-white"></span><span class="visually-hidden">Filter by</span><span class="filter-label--line--inline">Miso Tasty</span><span class="filter-label--line--inline">&nbsp;(6)</span></a></label></div></li><li class="filter-option__container" id="Mlekovita" data-auto="filter-option" data-auto-selected="false"><div class="checkbox" data-auto="checkbox"><input id="filter-option--Mlekovita-8484555" name="filter-option--Mlekovita-8484555" type="checkbox"><label class="checkbox-label" for="filter-option--Mlekovita-8484555" title="Mlekovita"><a class="filter-option--link" href="https://www.tesco.com/groceries/en-GB/shop/food-cupboard/all?brand=Mlekovita&amp;viewAll=brand"><span class="checkbox-square checkbox-square-linked"></span><span class="checkbox-check icon-tick-white"></span><span class="visually-hidden">Filter by</span><span class="filter-label--line--inline">Mlekovita</span><span class="filter-label--line--inline">&nbsp;(6)</span></a></label></div></li><li class="filter-option__container" id="Natures Finest" data-auto="filter-option" data-auto-selected="false"><div class="checkbox" data-auto="checkbox"><input id="filter-option--Natures-Finest-2367559" name="filter-option--Natures-Finest-2367559" type="checkbox"><label class="checkbox-label" for="filter-option--Natures-Finest-2367559" title="Natures Finest"><a class="filter-option--link" href="https://www.tesco.com/groceries/en-GB/shop/food-cupboard/all?brand=Natures%20Finest&amp;viewAll=brand"><span class="checkbox-square checkbox-square-linked"></span><span class="checkbox-check icon-tick-white"></span><span class="visually-hidden">Filter by</span><span class="filter-label--line--inline">Natures Finest</span><span class="filter-label--line--inline">&nbsp;(6)</span></a></label></div></li><li class="filter-option__container" id="Phd Nutrition" data-auto="filter-option" data-auto-selected="false"><div class="checkbox" data-auto="checkbox"><input id="filter-option--Phd-Nutrition-6493547" name="filter-option--Phd-Nutrition-6493547" type="checkbox"><label class="checkbox-label" for="filter-option--Phd-Nutrition-6493547" title="Phd Nutrition"><a class="filter-option--link" href="https://www.tesco.com/groceries/en-GB/shop/food-cupboard/all?brand=Phd%20Nutrition&amp;viewAll=brand"><span class="checkbox-square checkbox-square-linked"></span><span class="checkbox-check icon-tick-white"></span><span class="visually-hidden">Filter by</span><span class="filter-label--line--inline">Phd Nutrition</span><span class="filter-label--line--inline">&nbsp;(6)</span></a></label></div></li><li class="filter-option__container" id="Pizza Express" data-auto="filter-option" data-auto-selected="false"><div class="checkbox" data-auto="checkbox"><input id="filter-option--Pizza-Express-2545534" name="filter-option--Pizza-Express-2545534" type="checkbox"><label class="checkbox-label" for="filter-option--Pizza-Express-2545534" title="Pizza Express"><a class="filter-option--link" href="https://www.tesco.com/groceries/en-GB/shop/food-cupboard/all?brand=Pizza%20Express&amp;viewAll=brand"><span class="checkbox-square checkbox-square-linked"></span><span class="checkbox-check icon-tick-white"></span><span class="visually-hidden">Filter by</span><span class="filter-label--line--inline">Pizza Express</span><span class="filter-label--line--inline">&nbsp;(6)</span></a></label></div></li><li class="filter-option__container" id="Saxa" data-auto="filter-option" data-auto-selected="false"><div class="checkbox" data-auto="checkbox"><input id="filter-option--Saxa-8476767" name="filter-option--Saxa-8476767" type="checkbox"><label class="checkbox-label" for="filter-option--Saxa-8476767" title="Saxa"><a class="filter-option--link" href="https://www.tesco.com/groceries/en-GB/shop/food-cupboard/all?brand=Saxa&amp;viewAll=brand"><span class="checkbox-square checkbox-square-linked"></span><span class="checkbox-check icon-tick-white"></span><span class="visually-hidden">Filter by</span><span class="filter-label--line--inline">Saxa</span><span class="filter-label--line--inline">&nbsp;(6)</span></a></label></div></li><li class="filter-option__container" id="Smarties" data-auto="filter-option" data-auto-selected="false"><div class="checkbox" data-auto="checkbox"><input id="filter-option--Smarties-3415568" name="filter-option--Smarties-3415568" type="checkbox"><label class="checkbox-label" for="filter-option--Smarties-3415568" title="Smarties"><a class="filter-option--link" href="https://www.tesco.com/groceries/en-GB/shop/food-cupboard/all?brand=Smarties&amp;viewAll=brand"><span class="checkbox-square checkbox-square-linked"></span><span class="checkbox-check icon-tick-white"></span><span class="visually-hidden">Filter by</span><span class="filter-label--line--inline">Smarties</span><span class="filter-label--line--inline">&nbsp;(6)</span></a></label></div></li><li class="filter-option__container" id="Snickers" data-auto="filter-option" data-auto-selected="false"><div class="checkbox" data-auto="checkbox"><input id="filter-option--Snickers-4894568" name="filter-option--Snickers-4894568" type="checkbox"><label class="checkbox-label" for="filter-option--Snickers-4894568" title="Snickers"><a class="filter-option--link" href="https://www.tesco.com/groceries/en-GB/shop/food-cupboard/all?brand=Snickers&amp;viewAll=brand"><span class="checkbox-square checkbox-square-linked"></span><span class="checkbox-check icon-tick-white"></span><span class="visually-hidden">Filter by</span><span class="filter-label--line--inline">Snickers</span><span class="filter-label--line--inline">&nbsp;(6)</span></a></label></div></li><li class="filter-option__container" id="Tarczynski" data-auto="filter-option" data-auto-selected="false"><div class="checkbox" data-auto="checkbox"><input id="filter-option--Tarczynski-5057189" name="filter-option--Tarczynski-5057189" type="checkbox"><label class="checkbox-label" for="filter-option--Tarczynski-5057189" title="Tarczynski"><a class="filter-option--link" href="https://www.tesco.com/groceries/en-GB/shop/food-cupboard/all?brand=Tarczynski&amp;viewAll=brand"><span class="checkbox-square checkbox-square-linked"></span><span class="checkbox-check icon-tick-white"></span><span class="visually-hidden">Filter by</span><span class="filter-label--line--inline">Tarczynski</span><span class="filter-label--line--inline">&nbsp;(6)</span></a></label></div></li><li class="filter-option__container" id="Tiptree" data-auto="filter-option" data-auto-selected="false"><div class="checkbox" data-auto="checkbox"><input id="filter-option--Tiptree-1306387" name="filter-option--Tiptree-1306387" type="checkbox"><label class="checkbox-label" for="filter-option--Tiptree-1306387" title="Tiptree"><a class="filter-option--link" href="https://www.tesco.com/groceries/en-GB/shop/food-cupboard/all?brand=Tiptree&amp;viewAll=brand"><span class="checkbox-square checkbox-square-linked"></span><span class="checkbox-check icon-tick-white"></span><span class="visually-hidden">Filter by</span><span class="filter-label--line--inline">Tiptree</span><span class="filter-label--line--inline">&nbsp;(6)</span></a></label></div></li><li class="filter-option__container" id="Toblerone" data-auto="filter-option" data-auto-selected="false"><div class="checkbox" data-auto="checkbox"><input id="filter-option--Toblerone-2446553" name="filter-option--Toblerone-2446553" type="checkbox"><label class="checkbox-label" for="filter-option--Toblerone-2446553" title="Toblerone"><a class="filter-option--link" href="https://www.tesco.com/groceries/en-GB/shop/food-cupboard/all?brand=Toblerone&amp;viewAll=brand"><span class="checkbox-square checkbox-square-linked"></span><span class="checkbox-check icon-tick-white"></span><span class="visually-hidden">Filter by</span><span class="filter-label--line--inline">Toblerone</span><span class="filter-label--line--inline">&nbsp;(6)</span></a></label></div></li><li class="filter-option__container" id="Wrigley&#39;s" data-auto="filter-option" data-auto-selected="false"><div class="checkbox" data-auto="checkbox"><input id="filter-option--Wrigley&#39;s-4042711" name="filter-option--Wrigley&#39;s-4042711" type="checkbox"><label class="checkbox-label" for="filter-option--Wrigley&#39;s-4042711" title="Wrigley&#39;s"><a class="filter-option--link" href="https://www.tesco.com/groceries/en-GB/shop/food-cupboard/all?brand=Wrigley%27s&amp;viewAll=brand"><span class="checkbox-square checkbox-square-linked"></span><span class="checkbox-check icon-tick-white"></span><span class="visually-hidden">Filter by</span><span class="filter-label--line--inline">Wrigley's</span><span class="filter-label--line--inline">&nbsp;(6)</span></a></label></div></li><li class="filter-option__container" id="7 Days" data-auto="filter-option" data-auto-selected="false"><div class="checkbox" data-auto="checkbox"><input id="filter-option--7-Days-2904055" name="filter-option--7-Days-2904055" type="checkbox"><label class="checkbox-label" for="filter-option--7-Days-2904055" title="7 Days"><a class="filter-option--link" href="https://www.tesco.com/groceries/en-GB/shop/food-cupboard/all?brand=7%20Days&amp;viewAll=brand"><span class="checkbox-square checkbox-square-linked"></span><span class="checkbox-check icon-tick-white"></span><span class="visually-hidden">Filter by</span><span class="filter-label--line--inline">7 Days</span><span class="filter-label--line--inline">&nbsp;(5)</span></a></label></div></li><li class="filter-option__container" id="Ashoka" data-auto="filter-option" data-auto-selected="false"><div class="checkbox" data-auto="checkbox"><input id="filter-option--Ashoka-9990678" name="filter-option--Ashoka-9990678" type="checkbox"><label class="checkbox-label" for="filter-option--Ashoka-9990678" title="Ashoka"><a class="filter-option--link" href="https://www.tesco.com/groceries/en-GB/shop/food-cupboard/all?brand=Ashoka&amp;viewAll=brand"><span class="checkbox-square checkbox-square-linked"></span><span class="checkbox-check icon-tick-white"></span><span class="visually-hidden">Filter by</span><span class="filter-label--line--inline">Ashoka</span><span class="filter-label--line--inline">&nbsp;(5)</span></a></label></div></li><li class="filter-option__container" id="Biona" data-auto="filter-option" data-auto-selected="false"><div class="checkbox" data-auto="checkbox"><input id="filter-option--Biona-514736" name="filter-option--Biona-514736" type="checkbox"><label class="checkbox-label" for="filter-option--Biona-514736" title="Biona"><a class="filter-option--link" href="https://www.tesco.com/groceries/en-GB/shop/food-cupboard/all?brand=Biona&amp;viewAll=brand"><span class="checkbox-square checkbox-square-linked"></span><span class="checkbox-check icon-tick-white"></span><span class="visually-hidden">Filter by</span><span class="filter-label--line--inline">Biona</span><span class="filter-label--line--inline">&nbsp;(5)</span></a></label></div></li><li class="filter-option__container" id="Chevington" data-auto="filter-option" data-auto-selected="false"><div class="checkbox" data-auto="checkbox"><input id="filter-option--Chevington-1788883" name="filter-option--Chevington-1788883" type="checkbox"><label class="checkbox-label" for="filter-option--Chevington-1788883" title="Chevington"><a class="filter-option--link" href="https://www.tesco.com/groceries/en-GB/shop/food-cupboard/all?brand=Chevington&amp;viewAll=brand"><span class="checkbox-square checkbox-square-linked"></span><span class="checkbox-check icon-tick-white"></span><span class="visually-hidden">Filter by</span><span class="filter-label--line--inline">Chevington</span><span class="filter-label--line--inline">&nbsp;(5)</span></a></label></div></li><li class="filter-option__container" id="Cooks &amp; Co" data-auto="filter-option" data-auto-selected="false"><div class="checkbox" data-auto="checkbox"><input id="filter-option--Cooks-Co-4082865" name="filter-option--Cooks-Co-4082865" type="checkbox"><label class="checkbox-label" for="filter-option--Cooks-Co-4082865" title="Cooks &amp; Co"><a class="filter-option--link" href="https://www.tesco.com/groceries/en-GB/shop/food-cupboard/all?brand=Cooks%20%26%20Co&amp;viewAll=brand"><span class="checkbox-square checkbox-square-linked"></span><span class="checkbox-check icon-tick-white"></span><span class="visually-hidden">Filter by</span><span class="filter-label--line--inline">Cooks &amp; Co</span><span class="filter-label--line--inline">&nbsp;(5)</span></a></label></div></li><li class="filter-option__container" id="Country Crisp" data-auto="filter-option" data-auto-selected="false"><div class="checkbox" data-auto="checkbox"><input id="filter-option--Country-Crisp-5003086" name="filter-option--Country-Crisp-5003086" type="checkbox"><label class="checkbox-label" for="filter-option--Country-Crisp-5003086" title="Country Crisp"><a class="filter-option--link" href="https://www.tesco.com/groceries/en-GB/shop/food-cupboard/all?brand=Country%20Crisp&amp;viewAll=brand"><span class="checkbox-square checkbox-square-linked"></span><span class="checkbox-check icon-tick-white"></span><span class="visually-hidden">Filter by</span><span class="filter-label--line--inline">Country Crisp</span><span class="filter-label--line--inline">&nbsp;(5)</span></a></label></div></li><li class="filter-option__container" id="Crosse &amp; Blackwe" data-auto="filter-option" data-auto-selected="false"><div class="checkbox" data-auto="checkbox"><input id="filter-option--Crosse-Blackwe-5441697" name="filter-option--Crosse-Blackwe-5441697" type="checkbox"><label class="checkbox-label" for="filter-option--Crosse-Blackwe-5441697" title="Crosse &amp; Blackwe"><a class="filter-option--link" href="https://www.tesco.com/groceries/en-GB/shop/food-cupboard/all?brand=Crosse%20%26%20Blackwe&amp;viewAll=brand"><span class="checkbox-square checkbox-square-linked"></span><span class="checkbox-check icon-tick-white"></span><span class="visually-hidden">Filter by</span><span class="filter-label--line--block">Crosse &amp;</span><span class="filter-label--line--inline filter-label--line--truncate">Blackwe</span><span class="filter-label--line--inline">&nbsp;(5)</span></a></label></div></li><li class="filter-option__container" id="Duda" data-auto="filter-option" data-auto-selected="false"><div class="checkbox" data-auto="checkbox"><input id="filter-option--Duda-6400883" name="filter-option--Duda-6400883" type="checkbox"><label class="checkbox-label" for="filter-option--Duda-6400883" title="Duda"><a class="filter-option--link" href="https://www.tesco.com/groceries/en-GB/shop/food-cupboard/all?brand=Duda&amp;viewAll=brand"><span class="checkbox-square checkbox-square-linked"></span><span class="checkbox-check icon-tick-white"></span><span class="visually-hidden">Filter by</span><span class="filter-label--line--inline">Duda</span><span class="filter-label--line--inline">&nbsp;(5)</span></a></label></div></li><li class="filter-option__container" id="Flava-It" data-auto="filter-option" data-auto-selected="false"><div class="checkbox" data-auto="checkbox"><input id="filter-option--Flava-It-1052628" name="filter-option--Flava-It-1052628" type="checkbox"><label class="checkbox-label" for="filter-option--Flava-It-1052628" title="Flava-It"><a class="filter-option--link" href="https://www.tesco.com/groceries/en-GB/shop/food-cupboard/all?brand=Flava-It&amp;viewAll=brand"><span class="checkbox-square checkbox-square-linked"></span><span class="checkbox-check icon-tick-white"></span><span class="visually-hidden">Filter by</span><span class="filter-label--line--inline">Flava-It</span><span class="filter-label--line--inline">&nbsp;(5)</span></a></label></div></li><li class="filter-option__container" id="Garners" data-auto="filter-option" data-auto-selected="false"><div class="checkbox" data-auto="checkbox"><input id="filter-option--Garners-8888530" name="filter-option--Garners-8888530" type="checkbox"><label class="checkbox-label" for="filter-option--Garners-8888530" title="Garners"><a class="filter-option--link" href="https://www.tesco.com/groceries/en-GB/shop/food-cupboard/all?brand=Garners&amp;viewAll=brand"><span class="checkbox-square checkbox-square-linked"></span><span class="checkbox-check icon-tick-white"></span><span class="visually-hidden">Filter by</span><span class="filter-label--line--inline">Garners</span><span class="filter-label--line--inline">&nbsp;(5)</span></a></label></div></li><li class="filter-option__container" id="Go Ahead" data-auto="filter-option" data-auto-selected="false"><div class="checkbox" data-auto="checkbox"><input id="filter-option--Go-Ahead-7759236" name="filter-option--Go-Ahead-7759236" type="checkbox"><label class="checkbox-label" for="filter-option--Go-Ahead-7759236" title="Go Ahead"><a class="filter-option--link" href="https://www.tesco.com/groceries/en-GB/shop/food-cupboard/all?brand=Go%20Ahead&amp;viewAll=brand"><span class="checkbox-square checkbox-square-linked"></span><span class="checkbox-check icon-tick-white"></span><span class="visually-hidden">Filter by</span><span class="filter-label--line--inline">Go Ahead</span><span class="filter-label--line--inline">&nbsp;(5)</span></a></label></div></li><li class="filter-option__container" id="Go Cook" data-auto="filter-option" data-auto-selected="false"><div class="checkbox" data-auto="checkbox"><input id="filter-option--Go-Cook-5634724" name="filter-option--Go-Cook-5634724" type="checkbox"><label class="checkbox-label" for="filter-option--Go-Cook-5634724" title="Go Cook"><a class="filter-option--link" href="https://www.tesco.com/groceries/en-GB/shop/food-cupboard/all?brand=Go%20Cook&amp;viewAll=brand"><span class="checkbox-square checkbox-square-linked"></span><span class="checkbox-check icon-tick-white"></span><span class="visually-hidden">Filter by</span><span class="filter-label--line--inline">Go Cook</span><span class="filter-label--line--inline">&nbsp;(5)</span></a></label></div></li><li class="filter-option__container" id="Irie Eats" data-auto="filter-option" data-auto-selected="false"><div class="checkbox" data-auto="checkbox"><input id="filter-option--Irie-Eats-5511248" name="filter-option--Irie-Eats-5511248" type="checkbox"><label class="checkbox-label" for="filter-option--Irie-Eats-5511248" title="Irie Eats"><a class="filter-option--link" href="https://www.tesco.com/groceries/en-GB/shop/food-cupboard/all?brand=Irie%20Eats&amp;viewAll=brand"><span class="checkbox-square checkbox-square-linked"></span><span class="checkbox-check icon-tick-white"></span><span class="visually-hidden">Filter by</span><span class="filter-label--line--inline">Irie Eats</span><span class="filter-label--line--inline">&nbsp;(5)</span></a></label></div></li><li class="filter-option__container" id="Jutrzenka" data-auto="filter-option" data-auto-selected="false"><div class="checkbox" data-auto="checkbox"><input id="filter-option--Jutrzenka-1617943" name="filter-option--Jutrzenka-1617943" type="checkbox"><label class="checkbox-label" for="filter-option--Jutrzenka-1617943" title="Jutrzenka"><a class="filter-option--link" href="https://www.tesco.com/groceries/en-GB/shop/food-cupboard/all?brand=Jutrzenka&amp;viewAll=brand"><span class="checkbox-square checkbox-square-linked"></span><span class="checkbox-check icon-tick-white"></span><span class="visually-hidden">Filter by</span><span class="filter-label--line--inline">Jutrzenka</span><span class="filter-label--line--inline">&nbsp;(5)</span></a></label></div></li><li class="filter-option__container" id="Krakus" data-auto="filter-option" data-auto-selected="false"><div class="checkbox" data-auto="checkbox"><input id="filter-option--Krakus-4525955" name="filter-option--Krakus-4525955" type="checkbox"><label class="checkbox-label" for="filter-option--Krakus-4525955" title="Krakus"><a class="filter-option--link" href="https://www.tesco.com/groceries/en-GB/shop/food-cupboard/all?brand=Krakus&amp;viewAll=brand"><span class="checkbox-square checkbox-square-linked"></span><span class="checkbox-check icon-tick-white"></span><span class="visually-hidden">Filter by</span><span class="filter-label--line--inline">Krakus</span><span class="filter-label--line--inline">&nbsp;(5)</span></a></label></div></li><li class="filter-option__container" id="Local Buttermilk" data-auto="filter-option" data-auto-selected="false"><div class="checkbox" data-auto="checkbox"><input id="filter-option--Local-Buttermilk-5265481" name="filter-option--Local-Buttermilk-5265481" type="checkbox"><label class="checkbox-label" for="filter-option--Local-Buttermilk-5265481" title="Local Buttermilk"><a class="filter-option--link" href="https://www.tesco.com/groceries/en-GB/shop/food-cupboard/all?brand=Local%20Buttermilk&amp;viewAll=brand"><span class="checkbox-square checkbox-square-linked"></span><span class="checkbox-check icon-tick-white"></span><span class="visually-hidden">Filter by</span><span class="filter-label--line--block">Local</span><span class="filter-label--line--inline filter-label--line--truncate">Buttermilk</span><span class="filter-label--line--inline">&nbsp;(5)</span></a></label></div></li><li class="filter-option__container" id="Love Corn" data-auto="filter-option" data-auto-selected="false"><div class="checkbox" data-auto="checkbox"><input id="filter-option--Love-Corn-71770" name="filter-option--Love-Corn-71770" type="checkbox"><label class="checkbox-label" for="filter-option--Love-Corn-71770" title="Love Corn"><a class="filter-option--link" href="https://www.tesco.com/groceries/en-GB/shop/food-cupboard/all?brand=Love%20Corn&amp;viewAll=brand"><span class="checkbox-square checkbox-square-linked"></span><span class="checkbox-check icon-tick-white"></span><span class="visually-hidden">Filter by</span><span class="filter-label--line--inline">Love Corn</span><span class="filter-label--line--inline">&nbsp;(5)</span></a></label></div></li><li class="filter-option__container" id="Maryland" data-auto="filter-option" data-auto-selected="false"><div class="checkbox" data-auto="checkbox"><input id="filter-option--Maryland-2406870" name="filter-option--Maryland-2406870" type="checkbox"><label class="checkbox-label" for="filter-option--Maryland-2406870" title="Maryland"><a class="filter-option--link" href="https://www.tesco.com/groceries/en-GB/shop/food-cupboard/all?brand=Maryland&amp;viewAll=brand"><span class="checkbox-square checkbox-square-linked"></span><span class="checkbox-check icon-tick-white"></span><span class="visually-hidden">Filter by</span><span class="filter-label--line--inline">Maryland</span><span class="filter-label--line--inline">&nbsp;(5)</span></a></label></div></li><li class="filter-option__container" id="Natures Store" data-auto="filter-option" data-auto-selected="false"><div class="checkbox" data-auto="checkbox"><input id="filter-option--Natures-Store-8014249" name="filter-option--Natures-Store-8014249" type="checkbox"><label class="checkbox-label" for="filter-option--Natures-Store-8014249" title="Natures Store"><a class="filter-option--link" href="https://www.tesco.com/groceries/en-GB/shop/food-cupboard/all?brand=Natures%20Store&amp;viewAll=brand"><span class="checkbox-square checkbox-square-linked"></span><span class="checkbox-check icon-tick-white"></span><span class="visually-hidden">Filter by</span><span class="filter-label--line--inline">Natures Store</span><span class="filter-label--line--inline">&nbsp;(5)</span></a></label></div></li><li class="filter-option__container" id="Nielsen-Massey" data-auto="filter-option" data-auto-selected="false"><div class="checkbox" data-auto="checkbox"><input id="filter-option--Nielsen-Massey-2530964" name="filter-option--Nielsen-Massey-2530964" type="checkbox"><label class="checkbox-label" for="filter-option--Nielsen-Massey-2530964" title="Nielsen-Massey"><a class="filter-option--link" href="https://www.tesco.com/groceries/en-GB/shop/food-cupboard/all?brand=Nielsen-Massey&amp;viewAll=brand"><span class="checkbox-square checkbox-square-linked"></span><span class="checkbox-check icon-tick-white"></span><span class="visually-hidden">Filter by</span><span class="filter-label--line--inline">Nielsen-Massey</span><span class="filter-label--line--inline">&nbsp;(5)</span></a></label></div></li><li class="filter-option__container" id="Peperami" data-auto="filter-option" data-auto-selected="false"><div class="checkbox" data-auto="checkbox"><input id="filter-option--Peperami-2749187" name="filter-option--Peperami-2749187" type="checkbox"><label class="checkbox-label" for="filter-option--Peperami-2749187" title="Peperami"><a class="filter-option--link" href="https://www.tesco.com/groceries/en-GB/shop/food-cupboard/all?brand=Peperami&amp;viewAll=brand"><span class="checkbox-square checkbox-square-linked"></span><span class="checkbox-check icon-tick-white"></span><span class="visually-hidden">Filter by</span><span class="filter-label--line--inline">Peperami</span><span class="filter-label--line--inline">&nbsp;(5)</span></a></label></div></li><li class="filter-option__container" id="Peppadew" data-auto="filter-option" data-auto-selected="false"><div class="checkbox" data-auto="checkbox"><input id="filter-option--Peppadew-5025324" name="filter-option--Peppadew-5025324" type="checkbox"><label class="checkbox-label" for="filter-option--Peppadew-5025324" title="Peppadew"><a class="filter-option--link" href="https://www.tesco.com/groceries/en-GB/shop/food-cupboard/all?brand=Peppadew&amp;viewAll=brand"><span class="checkbox-square checkbox-square-linked"></span><span class="checkbox-check icon-tick-white"></span><span class="visually-hidden">Filter by</span><span class="filter-label--line--inline">Peppadew</span><span class="filter-label--line--inline">&nbsp;(5)</span></a></label></div></li><li class="filter-option__container" id="Pip &amp; Nut" data-auto="filter-option" data-auto-selected="false"><div class="checkbox" data-auto="checkbox"><input id="filter-option--Pip-Nut-8175975" name="filter-option--Pip-Nut-8175975" type="checkbox"><label class="checkbox-label" for="filter-option--Pip-Nut-8175975" title="Pip &amp; Nut"><a class="filter-option--link" href="https://www.tesco.com/groceries/en-GB/shop/food-cupboard/all?brand=Pip%20%26%20Nut&amp;viewAll=brand"><span class="checkbox-square checkbox-square-linked"></span><span class="checkbox-check icon-tick-white"></span><span class="visually-hidden">Filter by</span><span class="filter-label--line--inline">Pip &amp; Nut</span><span class="filter-label--line--inline">&nbsp;(5)</span></a></label></div></li><li class="filter-option__container" id="Pride" data-auto="filter-option" data-auto-selected="false"><div class="checkbox" data-auto="checkbox"><input id="filter-option--Pride-4423280" name="filter-option--Pride-4423280" type="checkbox"><label class="checkbox-label" for="filter-option--Pride-4423280" title="Pride"><a class="filter-option--link" href="https://www.tesco.com/groceries/en-GB/shop/food-cupboard/all?brand=Pride&amp;viewAll=brand"><span class="checkbox-square checkbox-square-linked"></span><span class="checkbox-check icon-tick-white"></span><span class="visually-hidden">Filter by</span><span class="filter-label--line--inline">Pride</span><span class="filter-label--line--inline">&nbsp;(5)</span></a></label></div></li><li class="filter-option__container" id="Prymat" data-auto="filter-option" data-auto-selected="false"><div class="checkbox" data-auto="checkbox"><input id="filter-option--Prymat-3404965" name="filter-option--Prymat-3404965" type="checkbox"><label class="checkbox-label" for="filter-option--Prymat-3404965" title="Prymat"><a class="filter-option--link" href="https://www.tesco.com/groceries/en-GB/shop/food-cupboard/all?brand=Prymat&amp;viewAll=brand"><span class="checkbox-square checkbox-square-linked"></span><span class="checkbox-check icon-tick-white"></span><span class="visually-hidden">Filter by</span><span class="filter-label--line--inline">Prymat</span><span class="filter-label--line--inline">&nbsp;(5)</span></a></label></div></li><li class="filter-option__container" id="Rowntree&#39;s" data-auto="filter-option" data-auto-selected="false"><div class="checkbox" data-auto="checkbox"><input id="filter-option--Rowntree&#39;s-1966362" name="filter-option--Rowntree&#39;s-1966362" type="checkbox"><label class="checkbox-label" for="filter-option--Rowntree&#39;s-1966362" title="Rowntree&#39;s"><a class="filter-option--link" href="https://www.tesco.com/groceries/en-GB/shop/food-cupboard/all?brand=Rowntree%27s&amp;viewAll=brand"><span class="checkbox-square checkbox-square-linked"></span><span class="checkbox-check icon-tick-white"></span><span class="visually-hidden">Filter by</span><span class="filter-label--line--inline">Rowntree's</span><span class="filter-label--line--inline">&nbsp;(5)</span></a></label></div></li><li class="filter-option__container" id="Shreddies" data-auto="filter-option" data-auto-selected="false"><div class="checkbox" data-auto="checkbox"><input id="filter-option--Shreddies-8291570" name="filter-option--Shreddies-8291570" type="checkbox"><label class="checkbox-label" for="filter-option--Shreddies-8291570" title="Shreddies"><a class="filter-option--link" href="https://www.tesco.com/groceries/en-GB/shop/food-cupboard/all?brand=Shreddies&amp;viewAll=brand"><span class="checkbox-square checkbox-square-linked"></span><span class="checkbox-check icon-tick-white"></span><span class="visually-hidden">Filter by</span><span class="filter-label--line--inline">Shreddies</span><span class="filter-label--line--inline">&nbsp;(5)</span></a></label></div></li><li class="filter-option__container" id="Special K" data-auto="filter-option" data-auto-selected="false"><div class="checkbox" data-auto="checkbox"><input id="filter-option--Special-K-1314137" name="filter-option--Special-K-1314137" type="checkbox"><label class="checkbox-label" for="filter-option--Special-K-1314137" title="Special K"><a class="filter-option--link" href="https://www.tesco.com/groceries/en-GB/shop/food-cupboard/all?brand=Special%20K&amp;viewAll=brand"><span class="checkbox-square checkbox-square-linked"></span><span class="checkbox-check icon-tick-white"></span><span class="visually-hidden">Filter by</span><span class="filter-label--line--inline">Special K</span><span class="filter-label--line--inline">&nbsp;(5)</span></a></label></div></li><li class="filter-option__container" id="Tabasco" data-auto="filter-option" data-auto-selected="false"><div class="checkbox" data-auto="checkbox"><input id="filter-option--Tabasco-8993770" name="filter-option--Tabasco-8993770" type="checkbox"><label class="checkbox-label" for="filter-option--Tabasco-8993770" title="Tabasco"><a class="filter-option--link" href="https://www.tesco.com/groceries/en-GB/shop/food-cupboard/all?brand=Tabasco&amp;viewAll=brand"><span class="checkbox-square checkbox-square-linked"></span><span class="checkbox-check icon-tick-white"></span><span class="visually-hidden">Filter by</span><span class="filter-label--line--inline">Tabasco</span><span class="filter-label--line--inline">&nbsp;(5)</span></a></label></div></li><li class="filter-option__container" id="Taylor &amp; Colledg" data-auto="filter-option" data-auto-selected="false"><div class="checkbox" data-auto="checkbox"><input id="filter-option--Taylor-Colledg-6239183" name="filter-option--Taylor-Colledg-6239183" type="checkbox"><label class="checkbox-label" for="filter-option--Taylor-Colledg-6239183" title="Taylor &amp; Colledg"><a class="filter-option--link" href="https://www.tesco.com/groceries/en-GB/shop/food-cupboard/all?brand=Taylor%20%26%20Colledg&amp;viewAll=brand"><span class="checkbox-square checkbox-square-linked"></span><span class="checkbox-check icon-tick-white"></span><span class="visually-hidden">Filter by</span><span class="filter-label--line--block">Taylor &amp;</span><span class="filter-label--line--inline filter-label--line--truncate">Colledg</span><span class="filter-label--line--inline">&nbsp;(5)</span></a></label></div></li><li class="filter-option__container" id="Tesco Celebrate" data-auto="filter-option" data-auto-selected="false"><div class="checkbox" data-auto="checkbox"><input id="filter-option--Tesco-Celebrate-6777636" name="filter-option--Tesco-Celebrate-6777636" type="checkbox"><label class="checkbox-label" for="filter-option--Tesco-Celebrate-6777636" title="Tesco Celebrate"><a class="filter-option--link" href="https://www.tesco.com/groceries/en-GB/shop/food-cupboard/all?brand=Tesco%20Celebrate&amp;viewAll=brand"><span class="checkbox-square checkbox-square-linked"></span><span class="checkbox-check icon-tick-white"></span><span class="visually-hidden">Filter by</span><span class="filter-label--line--block">Tesco</span><span class="filter-label--line--inline filter-label--line--truncate">Celebrate</span><span class="filter-label--line--inline">&nbsp;(5)</span></a></label></div></li><li class="filter-option__container" id="Tiger Tiger" data-auto="filter-option" data-auto-selected="false"><div class="checkbox" data-auto="checkbox"><input id="filter-option--Tiger-Tiger-1458936" name="filter-option--Tiger-Tiger-1458936" type="checkbox"><label class="checkbox-label" for="filter-option--Tiger-Tiger-1458936" title="Tiger Tiger"><a class="filter-option--link" href="https://www.tesco.com/groceries/en-GB/shop/food-cupboard/all?brand=Tiger%20Tiger&amp;viewAll=brand"><span class="checkbox-square checkbox-square-linked"></span><span class="checkbox-check icon-tick-white"></span><span class="visually-hidden">Filter by</span><span class="filter-label--line--inline">Tiger Tiger</span><span class="filter-label--line--inline">&nbsp;(5)</span></a></label></div></li><li class="filter-option__container" id="Trebor" data-auto="filter-option" data-auto-selected="false"><div class="checkbox" data-auto="checkbox"><input id="filter-option--Trebor-4391106" name="filter-option--Trebor-4391106" type="checkbox"><label class="checkbox-label" for="filter-option--Trebor-4391106" title="Trebor"><a class="filter-option--link" href="https://www.tesco.com/groceries/en-GB/shop/food-cupboard/all?brand=Trebor&amp;viewAll=brand"><span class="checkbox-square checkbox-square-linked"></span><span class="checkbox-check icon-tick-white"></span><span class="visually-hidden">Filter by</span><span class="filter-label--line--inline">Trebor</span><span class="filter-label--line--inline">&nbsp;(5)</span></a></label></div></li><li class="filter-option__container" id="Tymbark" data-auto="filter-option" data-auto-selected="false"><div class="checkbox" data-auto="checkbox"><input id="filter-option--Tymbark-1638125" name="filter-option--Tymbark-1638125" type="checkbox"><label class="checkbox-label" for="filter-option--Tymbark-1638125" title="Tymbark"><a class="filter-option--link" href="https://www.tesco.com/groceries/en-GB/shop/food-cupboard/all?brand=Tymbark&amp;viewAll=brand"><span class="checkbox-square checkbox-square-linked"></span><span class="checkbox-check icon-tick-white"></span><span class="visually-hidden">Filter by</span><span class="filter-label--line--inline">Tymbark</span><span class="filter-label--line--inline">&nbsp;(5)</span></a></label></div></li><li class="filter-option__container" id="Urban Fresh" data-auto="filter-option" data-auto-selected="false"><div class="checkbox" data-auto="checkbox"><input id="filter-option--Urban-Fresh-1566865" name="filter-option--Urban-Fresh-1566865" type="checkbox"><label class="checkbox-label" for="filter-option--Urban-Fresh-1566865" title="Urban Fresh"><a class="filter-option--link" href="https://www.tesco.com/groceries/en-GB/shop/food-cupboard/all?brand=Urban%20Fresh&amp;viewAll=brand"><span class="checkbox-square checkbox-square-linked"></span><span class="checkbox-check icon-tick-white"></span><span class="visually-hidden">Filter by</span><span class="filter-label--line--inline">Urban Fresh</span><span class="filter-label--line--inline">&nbsp;(5)</span></a></label></div></li><li class="filter-option__container" id="Urban Fruit" data-auto="filter-option" data-auto-selected="false"><div class="checkbox" data-auto="checkbox"><input id="filter-option--Urban-Fruit-7995412" name="filter-option--Urban-Fruit-7995412" type="checkbox"><label class="checkbox-label" for="filter-option--Urban-Fruit-7995412" title="Urban Fruit"><a class="filter-option--link" href="https://www.tesco.com/groceries/en-GB/shop/food-cupboard/all?brand=Urban%20Fruit&amp;viewAll=brand"><span class="checkbox-square checkbox-square-linked"></span><span class="checkbox-check icon-tick-white"></span><span class="visually-hidden">Filter by</span><span class="filter-label--line--inline">Urban Fruit</span><span class="filter-label--line--inline">&nbsp;(5)</span></a></label></div></li><li class="filter-option__container" id="Wagamama" data-auto="filter-option" data-auto-selected="false"><div class="checkbox" data-auto="checkbox"><input id="filter-option--Wagamama-9328247" name="filter-option--Wagamama-9328247" type="checkbox"><label class="checkbox-label" for="filter-option--Wagamama-9328247" title="Wagamama"><a class="filter-option--link" href="https://www.tesco.com/groceries/en-GB/shop/food-cupboard/all?brand=Wagamama&amp;viewAll=brand"><span class="checkbox-square checkbox-square-linked"></span><span class="checkbox-check icon-tick-white"></span><span class="visually-hidden">Filter by</span><span class="filter-label--line--inline">Wagamama</span><span class="filter-label--line--inline">&nbsp;(5)</span></a></label></div></li><li class="filter-option__container" id="Weight Watchers" data-auto="filter-option" data-auto-selected="false"><div class="checkbox" data-auto="checkbox"><input id="filter-option--Weight-Watchers-4629072" name="filter-option--Weight-Watchers-4629072" type="checkbox"><label class="checkbox-label" for="filter-option--Weight-Watchers-4629072" title="Weight Watchers"><a class="filter-option--link" href="https://www.tesco.com/groceries/en-GB/shop/food-cupboard/all?brand=Weight%20Watchers&amp;viewAll=brand"><span class="checkbox-square checkbox-square-linked"></span><span class="checkbox-check icon-tick-white"></span><span class="visually-hidden">Filter by</span><span class="filter-label--line--block">Weight</span><span class="filter-label--line--inline filter-label--line--truncate">Watchers</span><span class="filter-label--line--inline">&nbsp;(5)</span></a></label></div></li><li class="filter-option__container" id="Winiary" data-auto="filter-option" data-auto-selected="false"><div class="checkbox" data-auto="checkbox"><input id="filter-option--Winiary-9833134" name="filter-option--Winiary-9833134" type="checkbox"><label class="checkbox-label" for="filter-option--Winiary-9833134" title="Winiary"><a class="filter-option--link" href="https://www.tesco.com/groceries/en-GB/shop/food-cupboard/all?brand=Winiary&amp;viewAll=brand"><span class="checkbox-square checkbox-square-linked"></span><span class="checkbox-check icon-tick-white"></span><span class="visually-hidden">Filter by</span><span class="filter-label--line--inline">Winiary</span><span class="filter-label--line--inline">&nbsp;(5)</span></a></label></div></li><li class="filter-option__container" id="Ayam" data-auto="filter-option" data-auto-selected="false"><div class="checkbox" data-auto="checkbox"><input id="filter-option--Ayam-7286763" name="filter-option--Ayam-7286763" type="checkbox"><label class="checkbox-label" for="filter-option--Ayam-7286763" title="Ayam"><a class="filter-option--link" href="https://www.tesco.com/groceries/en-GB/shop/food-cupboard/all?brand=Ayam&amp;viewAll=brand"><span class="checkbox-square checkbox-square-linked"></span><span class="checkbox-check icon-tick-white"></span><span class="visually-hidden">Filter by</span><span class="filter-label--line--inline">Ayam</span><span class="filter-label--line--inline">&nbsp;(4)</span></a></label></div></li><li class="filter-option__container" id="Barratt" data-auto="filter-option" data-auto-selected="false"><div class="checkbox" data-auto="checkbox"><input id="filter-option--Barratt-4400031" name="filter-option--Barratt-4400031" type="checkbox"><label class="checkbox-label" for="filter-option--Barratt-4400031" title="Barratt"><a class="filter-option--link" href="https://www.tesco.com/groceries/en-GB/shop/food-cupboard/all?brand=Barratt&amp;viewAll=brand"><span class="checkbox-square checkbox-square-linked"></span><span class="checkbox-check icon-tick-white"></span><span class="visually-hidden">Filter by</span><span class="filter-label--line--inline">Barratt</span><span class="filter-label--line--inline">&nbsp;(4)</span></a></label></div></li><li class="filter-option__container" id="Bendicks" data-auto="filter-option" data-auto-selected="false"><div class="checkbox" data-auto="checkbox"><input id="filter-option--Bendicks-3836077" name="filter-option--Bendicks-3836077" type="checkbox"><label class="checkbox-label" for="filter-option--Bendicks-3836077" title="Bendicks"><a class="filter-option--link" href="https://www.tesco.com/groceries/en-GB/shop/food-cupboard/all?brand=Bendicks&amp;viewAll=brand"><span class="checkbox-square checkbox-square-linked"></span><span class="checkbox-check icon-tick-white"></span><span class="visually-hidden">Filter by</span><span class="filter-label--line--inline">Bendicks</span><span class="filter-label--line--inline">&nbsp;(4)</span></a></label></div></li><li class="filter-option__container" id="Biological &amp; Me" data-auto="filter-option" data-auto-selected="false"><div class="checkbox" data-auto="checkbox"><input id="filter-option--Biological-Me-5652915" name="filter-option--Biological-Me-5652915" type="checkbox"><label class="checkbox-label" for="filter-option--Biological-Me-5652915" title="Biological &amp; Me"><a class="filter-option--link" href="https://www.tesco.com/groceries/en-GB/shop/food-cupboard/all?brand=Biological%20%26%20Me&amp;viewAll=brand"><span class="checkbox-square checkbox-square-linked"></span><span class="checkbox-check icon-tick-white"></span><span class="visually-hidden">Filter by</span><span class="filter-label--line--block">Biological &amp;</span><span class="filter-label--line--inline filter-label--line--truncate">Me</span><span class="filter-label--line--inline">&nbsp;(4)</span></a></label></div></li><li class="filter-option__container" id="Bip Limited" data-auto="filter-option" data-auto-selected="false"><div class="checkbox" data-auto="checkbox"><input id="filter-option--Bip-Limited-7571270" name="filter-option--Bip-Limited-7571270" type="checkbox"><label class="checkbox-label" for="filter-option--Bip-Limited-7571270" title="Bip Limited"><a class="filter-option--link" href="https://www.tesco.com/groceries/en-GB/shop/food-cupboard/all?brand=Bip%20Limited&amp;viewAll=brand"><span class="checkbox-square checkbox-square-linked"></span><span class="checkbox-check icon-tick-white"></span><span class="visually-hidden">Filter by</span><span class="filter-label--line--inline">Bip Limited</span><span class="filter-label--line--inline">&nbsp;(4)</span></a></label></div></li><li class="filter-option__container" id="Cheerios" data-auto="filter-option" data-auto-selected="false"><div class="checkbox" data-auto="checkbox"><input id="filter-option--Cheerios-5663372" name="filter-option--Cheerios-5663372" type="checkbox"><label class="checkbox-label" for="filter-option--Cheerios-5663372" title="Cheerios"><a class="filter-option--link" href="https://www.tesco.com/groceries/en-GB/shop/food-cupboard/all?brand=Cheerios&amp;viewAll=brand"><span class="checkbox-square checkbox-square-linked"></span><span class="checkbox-check icon-tick-white"></span><span class="visually-hidden">Filter by</span><span class="filter-label--line--inline">Cheerios</span><span class="filter-label--line--inline">&nbsp;(4)</span></a></label></div></li><li class="filter-option__container" id="Cheetos" data-auto="filter-option" data-auto-selected="false"><div class="checkbox" data-auto="checkbox"><input id="filter-option--Cheetos-2872245" name="filter-option--Cheetos-2872245" type="checkbox"><label class="checkbox-label" for="filter-option--Cheetos-2872245" title="Cheetos"><a class="filter-option--link" href="https://www.tesco.com/groceries/en-GB/shop/food-cupboard/all?brand=Cheetos&amp;viewAll=brand"><span class="checkbox-square checkbox-square-linked"></span><span class="checkbox-check icon-tick-white"></span><span class="visually-hidden">Filter by</span><span class="filter-label--line--inline">Cheetos</span><span class="filter-label--line--inline">&nbsp;(4)</span></a></label></div></li><li class="filter-option__container" id="Cirio" data-auto="filter-option" data-auto-selected="false"><div class="checkbox" data-auto="checkbox"><input id="filter-option--Cirio-8728381" name="filter-option--Cirio-8728381" type="checkbox"><label class="checkbox-label" for="filter-option--Cirio-8728381" title="Cirio"><a class="filter-option--link" href="https://www.tesco.com/groceries/en-GB/shop/food-cupboard/all?brand=Cirio&amp;viewAll=brand"><span class="checkbox-square checkbox-square-linked"></span><span class="checkbox-check icon-tick-white"></span><span class="visually-hidden">Filter by</span><span class="filter-label--line--inline">Cirio</span><span class="filter-label--line--inline">&nbsp;(4)</span></a></label></div></li><li class="filter-option__container" id="Di Martino" data-auto="filter-option" data-auto-selected="false"><div class="checkbox" data-auto="checkbox"><input id="filter-option--Di-Martino-2494587" name="filter-option--Di-Martino-2494587" type="checkbox"><label class="checkbox-label" for="filter-option--Di-Martino-2494587" title="Di Martino"><a class="filter-option--link" href="https://www.tesco.com/groceries/en-GB/shop/food-cupboard/all?brand=Di%20Martino&amp;viewAll=brand"><span class="checkbox-square checkbox-square-linked"></span><span class="checkbox-check icon-tick-white"></span><span class="visually-hidden">Filter by</span><span class="filter-label--line--inline">Di Martino</span><span class="filter-label--line--inline">&nbsp;(4)</span></a></label></div></li><li class="filter-option__container" id="Dr Wills" data-auto="filter-option" data-auto-selected="false"><div class="checkbox" data-auto="checkbox"><input id="filter-option--Dr-Wills-3265179" name="filter-option--Dr-Wills-3265179" type="checkbox"><label class="checkbox-label" for="filter-option--Dr-Wills-3265179" title="Dr Wills"><a class="filter-option--link" href="https://www.tesco.com/groceries/en-GB/shop/food-cupboard/all?brand=Dr%20Wills&amp;viewAll=brand"><span class="checkbox-square checkbox-square-linked"></span><span class="checkbox-check icon-tick-white"></span><span class="visually-hidden">Filter by</span><span class="filter-label--line--inline">Dr Wills</span><span class="filter-label--line--inline">&nbsp;(4)</span></a></label></div></li><li class="filter-option__container" id="Flahavans" data-auto="filter-option" data-auto-selected="false"><div class="checkbox" data-auto="checkbox"><input id="filter-option--Flahavans-1277515" name="filter-option--Flahavans-1277515" type="checkbox"><label class="checkbox-label" for="filter-option--Flahavans-1277515" title="Flahavans"><a class="filter-option--link" href="https://www.tesco.com/groceries/en-GB/shop/food-cupboard/all?brand=Flahavans&amp;viewAll=brand"><span class="checkbox-square checkbox-square-linked"></span><span class="checkbox-check icon-tick-white"></span><span class="visually-hidden">Filter by</span><span class="filter-label--line--inline">Flahavans</span><span class="filter-label--line--inline">&nbsp;(4)</span></a></label></div></li><li class="filter-option__container" id="Good4u" data-auto="filter-option" data-auto-selected="false"><div class="checkbox" data-auto="checkbox"><input id="filter-option--Good4u-8119900" name="filter-option--Good4u-8119900" type="checkbox"><label class="checkbox-label" for="filter-option--Good4u-8119900" title="Good4u"><a class="filter-option--link" href="https://www.tesco.com/groceries/en-GB/shop/food-cupboard/all?brand=Good4u&amp;viewAll=brand"><span class="checkbox-square checkbox-square-linked"></span><span class="checkbox-check icon-tick-white"></span><span class="visually-hidden">Filter by</span><span class="filter-label--line--inline">Good4u</span><span class="filter-label--line--inline">&nbsp;(4)</span></a></label></div></li><li class="filter-option__container" id="Gran Luchito" data-auto="filter-option" data-auto-selected="false"><div class="checkbox" data-auto="checkbox"><input id="filter-option--Gran-Luchito-9968704" name="filter-option--Gran-Luchito-9968704" type="checkbox"><label class="checkbox-label" for="filter-option--Gran-Luchito-9968704" title="Gran Luchito"><a class="filter-option--link" href="https://www.tesco.com/groceries/en-GB/shop/food-cupboard/all?brand=Gran%20Luchito&amp;viewAll=brand"><span class="checkbox-square checkbox-square-linked"></span><span class="checkbox-check icon-tick-white"></span><span class="visually-hidden">Filter by</span><span class="filter-label--line--inline">Gran Luchito</span><span class="filter-label--line--inline">&nbsp;(4)</span></a></label></div></li><li class="filter-option__container" id="Hormel" data-auto="filter-option" data-auto-selected="false"><div class="checkbox" data-auto="checkbox"><input id="filter-option--Hormel-3765898" name="filter-option--Hormel-3765898" type="checkbox"><label class="checkbox-label" for="filter-option--Hormel-3765898" title="Hormel"><a class="filter-option--link" href="https://www.tesco.com/groceries/en-GB/shop/food-cupboard/all?brand=Hormel&amp;viewAll=brand"><span class="checkbox-square checkbox-square-linked"></span><span class="checkbox-check icon-tick-white"></span><span class="visually-hidden">Filter by</span><span class="filter-label--line--inline">Hormel</span><span class="filter-label--line--inline">&nbsp;(4)</span></a></label></div></li><li class="filter-option__container" id="Kubus" data-auto="filter-option" data-auto-selected="false"><div class="checkbox" data-auto="checkbox"><input id="filter-option--Kubus-4110966" name="filter-option--Kubus-4110966" type="checkbox"><label class="checkbox-label" for="filter-option--Kubus-4110966" title="Kubus"><a class="filter-option--link" href="https://www.tesco.com/groceries/en-GB/shop/food-cupboard/all?brand=Kubus&amp;viewAll=brand"><span class="checkbox-square checkbox-square-linked"></span><span class="checkbox-check icon-tick-white"></span><span class="visually-hidden">Filter by</span><span class="filter-label--line--inline">Kubus</span><span class="filter-label--line--inline">&nbsp;(4)</span></a></label></div></li><li class="filter-option__container" id="Lisner" data-auto="filter-option" data-auto-selected="false"><div class="checkbox" data-auto="checkbox"><input id="filter-option--Lisner-878866" name="filter-option--Lisner-878866" type="checkbox"><label class="checkbox-label" for="filter-option--Lisner-878866" title="Lisner"><a class="filter-option--link" href="https://www.tesco.com/groceries/en-GB/shop/food-cupboard/all?brand=Lisner&amp;viewAll=brand"><span class="checkbox-square checkbox-square-linked"></span><span class="checkbox-check icon-tick-white"></span><span class="visually-hidden">Filter by</span><span class="filter-label--line--inline">Lisner</span><span class="filter-label--line--inline">&nbsp;(4)</span></a></label></div></li><li class="filter-option__container" id="Lotus" data-auto="filter-option" data-auto-selected="false"><div class="checkbox" data-auto="checkbox"><input id="filter-option--Lotus-7940697" name="filter-option--Lotus-7940697" type="checkbox"><label class="checkbox-label" for="filter-option--Lotus-7940697" title="Lotus"><a class="filter-option--link" href="https://www.tesco.com/groceries/en-GB/shop/food-cupboard/all?brand=Lotus&amp;viewAll=brand"><span class="checkbox-square checkbox-square-linked"></span><span class="checkbox-check icon-tick-white"></span><span class="visually-hidden">Filter by</span><span class="filter-label--line--inline">Lotus</span><span class="filter-label--line--inline">&nbsp;(4)</span></a></label></div></li><li class="filter-option__container" id="Lu" data-auto="filter-option" data-auto-selected="false"><div class="checkbox" data-auto="checkbox"><input id="filter-option--Lu-8422376" name="filter-option--Lu-8422376" type="checkbox"><label class="checkbox-label" for="filter-option--Lu-8422376" title="Lu"><a class="filter-option--link" href="https://www.tesco.com/groceries/en-GB/shop/food-cupboard/all?brand=Lu&amp;viewAll=brand"><span class="checkbox-square checkbox-square-linked"></span><span class="checkbox-check icon-tick-white"></span><span class="visually-hidden">Filter by</span><span class="filter-label--line--inline">Lu</span><span class="filter-label--line--inline">&nbsp;(4)</span></a></label></div></li><li class="filter-option__container" id="Mrs Crimble&#39;s" data-auto="filter-option" data-auto-selected="false"><div class="checkbox" data-auto="checkbox"><input id="filter-option--Mrs-Crimble&#39;s-5583412" name="filter-option--Mrs-Crimble&#39;s-5583412" type="checkbox"><label class="checkbox-label" for="filter-option--Mrs-Crimble&#39;s-5583412" title="Mrs Crimble&#39;s"><a class="filter-option--link" href="https://www.tesco.com/groceries/en-GB/shop/food-cupboard/all?brand=Mrs%20Crimble%27s&amp;viewAll=brand"><span class="checkbox-square checkbox-square-linked"></span><span class="checkbox-check icon-tick-white"></span><span class="visually-hidden">Filter by</span><span class="filter-label--line--inline">Mrs Crimble's</span><span class="filter-label--line--inline">&nbsp;(4)</span></a></label></div></li><li class="filter-option__container" id="Munchies" data-auto="filter-option" data-auto-selected="false"><div class="checkbox" data-auto="checkbox"><input id="filter-option--Munchies-1263518" name="filter-option--Munchies-1263518" type="checkbox"><label class="checkbox-label" for="filter-option--Munchies-1263518" title="Munchies"><a class="filter-option--link" href="https://www.tesco.com/groceries/en-GB/shop/food-cupboard/all?brand=Munchies&amp;viewAll=brand"><span class="checkbox-square checkbox-square-linked"></span><span class="checkbox-check icon-tick-white"></span><span class="visually-hidden">Filter by</span><span class="filter-label--line--inline">Munchies</span><span class="filter-label--line--inline">&nbsp;(4)</span></a></label></div></li><li class="filter-option__container" id="Ocean Spray" data-auto="filter-option" data-auto-selected="false"><div class="checkbox" data-auto="checkbox"><input id="filter-option--Ocean-Spray-5683452" name="filter-option--Ocean-Spray-5683452" type="checkbox"><label class="checkbox-label" for="filter-option--Ocean-Spray-5683452" title="Ocean Spray"><a class="filter-option--link" href="https://www.tesco.com/groceries/en-GB/shop/food-cupboard/all?brand=Ocean%20Spray&amp;viewAll=brand"><span class="checkbox-square checkbox-square-linked"></span><span class="checkbox-check icon-tick-white"></span><span class="visually-hidden">Filter by</span><span class="filter-label--line--inline">Ocean Spray</span><span class="filter-label--line--inline">&nbsp;(4)</span></a></label></div></li><li class="filter-option__container" id="Orgran" data-auto="filter-option" data-auto-selected="false"><div class="checkbox" data-auto="checkbox"><input id="filter-option--Orgran-802457" name="filter-option--Orgran-802457" type="checkbox"><label class="checkbox-label" for="filter-option--Orgran-802457" title="Orgran"><a class="filter-option--link" href="https://www.tesco.com/groceries/en-GB/shop/food-cupboard/all?brand=Orgran&amp;viewAll=brand"><span class="checkbox-square checkbox-square-linked"></span><span class="checkbox-check icon-tick-white"></span><span class="visually-hidden">Filter by</span><span class="filter-label--line--inline">Orgran</span><span class="filter-label--line--inline">&nbsp;(4)</span></a></label></div></li><li class="filter-option__container" id="Port Royal" data-auto="filter-option" data-auto-selected="false"><div class="checkbox" data-auto="checkbox"><input id="filter-option--Port-Royal-4648019" name="filter-option--Port-Royal-4648019" type="checkbox"><label class="checkbox-label" for="filter-option--Port-Royal-4648019" title="Port Royal"><a class="filter-option--link" href="https://www.tesco.com/groceries/en-GB/shop/food-cupboard/all?brand=Port%20Royal&amp;viewAll=brand"><span class="checkbox-square checkbox-square-linked"></span><span class="checkbox-check icon-tick-white"></span><span class="visually-hidden">Filter by</span><span class="filter-label--line--inline">Port Royal</span><span class="filter-label--line--inline">&nbsp;(4)</span></a></label></div></li><li class="filter-option__container" id="Robinsons" data-auto="filter-option" data-auto-selected="false"><div class="checkbox" data-auto="checkbox"><input id="filter-option--Robinsons-4440811" name="filter-option--Robinsons-4440811" type="checkbox"><label class="checkbox-label" for="filter-option--Robinsons-4440811" title="Robinsons"><a class="filter-option--link" href="https://www.tesco.com/groceries/en-GB/shop/food-cupboard/all?brand=Robinsons&amp;viewAll=brand"><span class="checkbox-square checkbox-square-linked"></span><span class="checkbox-check icon-tick-white"></span><span class="visually-hidden">Filter by</span><span class="filter-label--line--inline">Robinsons</span><span class="filter-label--line--inline">&nbsp;(4)</span></a></label></div></li><li class="filter-option__container" id="Royal" data-auto="filter-option" data-auto-selected="false"><div class="checkbox" data-auto="checkbox"><input id="filter-option--Royal-6486754" name="filter-option--Royal-6486754" type="checkbox"><label class="checkbox-label" for="filter-option--Royal-6486754" title="Royal"><a class="filter-option--link" href="https://www.tesco.com/groceries/en-GB/shop/food-cupboard/all?brand=Royal&amp;viewAll=brand"><span class="checkbox-square checkbox-square-linked"></span><span class="checkbox-check icon-tick-white"></span><span class="visually-hidden">Filter by</span><span class="filter-label--line--inline">Royal</span><span class="filter-label--line--inline">&nbsp;(4)</span></a></label></div></li><li class="filter-option__container" id="Snack-A-Jacks" data-auto="filter-option" data-auto-selected="false"><div class="checkbox" data-auto="checkbox"><input id="filter-option--Snack-A-Jacks-2294156" name="filter-option--Snack-A-Jacks-2294156" type="checkbox"><label class="checkbox-label" for="filter-option--Snack-A-Jacks-2294156" title="Snack-A-Jacks"><a class="filter-option--link" href="https://www.tesco.com/groceries/en-GB/shop/food-cupboard/all?brand=Snack-A-Jacks&amp;viewAll=brand"><span class="checkbox-square checkbox-square-linked"></span><span class="checkbox-check icon-tick-white"></span><span class="visually-hidden">Filter by</span><span class="filter-label--line--inline">Snack-A-Jacks</span><span class="filter-label--line--inline">&nbsp;(4)</span></a></label></div></li><li class="filter-option__container" id="Supermalt" data-auto="filter-option" data-auto-selected="false"><div class="checkbox" data-auto="checkbox"><input id="filter-option--Supermalt-9102915" name="filter-option--Supermalt-9102915" type="checkbox"><label class="checkbox-label" for="filter-option--Supermalt-9102915" title="Supermalt"><a class="filter-option--link" href="https://www.tesco.com/groceries/en-GB/shop/food-cupboard/all?brand=Supermalt&amp;viewAll=brand"><span class="checkbox-square checkbox-square-linked"></span><span class="checkbox-check icon-tick-white"></span><span class="visually-hidden">Filter by</span><span class="filter-label--line--inline">Supermalt</span><span class="filter-label--line--inline">&nbsp;(4)</span></a></label></div></li><li class="filter-option__container" id="Tic Tac" data-auto="filter-option" data-auto-selected="false"><div class="checkbox" data-auto="checkbox"><input id="filter-option--Tic-Tac-5068562" name="filter-option--Tic-Tac-5068562" type="checkbox"><label class="checkbox-label" for="filter-option--Tic-Tac-5068562" title="Tic Tac"><a class="filter-option--link" href="https://www.tesco.com/groceries/en-GB/shop/food-cupboard/all?brand=Tic%20Tac&amp;viewAll=brand"><span class="checkbox-square checkbox-square-linked"></span><span class="checkbox-check icon-tick-white"></span><span class="visually-hidden">Filter by</span><span class="filter-label--line--inline">Tic Tac</span><span class="filter-label--line--inline">&nbsp;(4)</span></a></label></div></li><li class="filter-option__container" id="Ufc" data-auto="filter-option" data-auto-selected="false"><div class="checkbox" data-auto="checkbox"><input id="filter-option--Ufc-4138021" name="filter-option--Ufc-4138021" type="checkbox"><label class="checkbox-label" for="filter-option--Ufc-4138021" title="Ufc"><a class="filter-option--link" href="https://www.tesco.com/groceries/en-GB/shop/food-cupboard/all?brand=Ufc&amp;viewAll=brand"><span class="checkbox-square checkbox-square-linked"></span><span class="checkbox-check icon-tick-white"></span><span class="visually-hidden">Filter by</span><span class="filter-label--line--inline">Ufc</span><span class="filter-label--line--inline">&nbsp;(4)</span></a></label></div></li><li class="filter-option__container" id="Veetee" data-auto="filter-option" data-auto-selected="false"><div class="checkbox" data-auto="checkbox"><input id="filter-option--Veetee-8951217" name="filter-option--Veetee-8951217" type="checkbox"><label class="checkbox-label" for="filter-option--Veetee-8951217" title="Veetee"><a class="filter-option--link" href="https://www.tesco.com/groceries/en-GB/shop/food-cupboard/all?brand=Veetee&amp;viewAll=brand"><span class="checkbox-square checkbox-square-linked"></span><span class="checkbox-check icon-tick-white"></span><span class="visually-hidden">Filter by</span><span class="filter-label--line--inline">Veetee</span><span class="filter-label--line--inline">&nbsp;(4)</span></a></label></div></li><li class="filter-option__container" id="Very Lazy" data-auto="filter-option" data-auto-selected="false"><div class="checkbox" data-auto="checkbox"><input id="filter-option--Very-Lazy-4421834" name="filter-option--Very-Lazy-4421834" type="checkbox"><label class="checkbox-label" for="filter-option--Very-Lazy-4421834" title="Very Lazy"><a class="filter-option--link" href="https://www.tesco.com/groceries/en-GB/shop/food-cupboard/all?brand=Very%20Lazy&amp;viewAll=brand"><span class="checkbox-square checkbox-square-linked"></span><span class="checkbox-check icon-tick-white"></span><span class="visually-hidden">Filter by</span><span class="filter-label--line--inline">Very Lazy</span><span class="filter-label--line--inline">&nbsp;(4)</span></a></label></div></li><li class="filter-option__container" id="Walkers Baked" data-auto="filter-option" data-auto-selected="false"><div class="checkbox" data-auto="checkbox"><input id="filter-option--Walkers-Baked-7644805" name="filter-option--Walkers-Baked-7644805" type="checkbox"><label class="checkbox-label" for="filter-option--Walkers-Baked-7644805" title="Walkers Baked"><a class="filter-option--link" href="https://www.tesco.com/groceries/en-GB/shop/food-cupboard/all?brand=Walkers%20Baked&amp;viewAll=brand"><span class="checkbox-square checkbox-square-linked"></span><span class="checkbox-check icon-tick-white"></span><span class="visually-hidden">Filter by</span><span class="filter-label--line--inline">Walkers Baked</span><span class="filter-label--line--inline">&nbsp;(4)</span></a></label></div></li><li class="filter-option__container" id="Wrights" data-auto="filter-option" data-auto-selected="false"><div class="checkbox" data-auto="checkbox"><input id="filter-option--Wrights-8409442" name="filter-option--Wrights-8409442" type="checkbox"><label class="checkbox-label" for="filter-option--Wrights-8409442" title="Wrights"><a class="filter-option--link" href="https://www.tesco.com/groceries/en-GB/shop/food-cupboard/all?brand=Wrights&amp;viewAll=brand"><span class="checkbox-square checkbox-square-linked"></span><span class="checkbox-check icon-tick-white"></span><span class="visually-hidden">Filter by</span><span class="filter-label--line--inline">Wrights</span><span class="filter-label--line--inline">&nbsp;(4)</span></a></label></div></li><li class="filter-option__container" id="Aasani" data-auto="filter-option" data-auto-selected="false"><div class="checkbox" data-auto="checkbox"><input id="filter-option--Aasani-8543375" name="filter-option--Aasani-8543375" type="checkbox"><label class="checkbox-label" for="filter-option--Aasani-8543375" title="Aasani"><a class="filter-option--link" href="https://www.tesco.com/groceries/en-GB/shop/food-cupboard/all?brand=Aasani&amp;viewAll=brand"><span class="checkbox-square checkbox-square-linked"></span><span class="checkbox-check icon-tick-white"></span><span class="visually-hidden">Filter by</span><span class="filter-label--line--inline">Aasani</span><span class="filter-label--line--inline">&nbsp;(3)</span></a></label></div></li><li class="filter-option__container" id="After Eight" data-auto="filter-option" data-auto-selected="false"><div class="checkbox" data-auto="checkbox"><input id="filter-option--After-Eight-3603512" name="filter-option--After-Eight-3603512" type="checkbox"><label class="checkbox-label" for="filter-option--After-Eight-3603512" title="After Eight"><a class="filter-option--link" href="https://www.tesco.com/groceries/en-GB/shop/food-cupboard/all?brand=After%20Eight&amp;viewAll=brand"><span class="checkbox-square checkbox-square-linked"></span><span class="checkbox-check icon-tick-white"></span><span class="visually-hidden">Filter by</span><span class="filter-label--line--inline">After Eight</span><span class="filter-label--line--inline">&nbsp;(3)</span></a></label></div></li><li class="filter-option__container" id="Ainsley Harriott" data-auto="filter-option" data-auto-selected="false"><div class="checkbox" data-auto="checkbox"><input id="filter-option--Ainsley-Harriott-9718366" name="filter-option--Ainsley-Harriott-9718366" type="checkbox"><label class="checkbox-label" for="filter-option--Ainsley-Harriott-9718366" title="Ainsley Harriott"><a class="filter-option--link" href="https://www.tesco.com/groceries/en-GB/shop/food-cupboard/all?brand=Ainsley%20Harriott&amp;viewAll=brand"><span class="checkbox-square checkbox-square-linked"></span><span class="checkbox-check icon-tick-white"></span><span class="visually-hidden">Filter by</span><span class="filter-label--line--block">Ainsley</span><span class="filter-label--line--inline filter-label--line--truncate">Harriott</span><span class="filter-label--line--inline">&nbsp;(3)</span></a></label></div></li><li class="filter-option__container" id="Aleyna" data-auto="filter-option" data-auto-selected="false"><div class="checkbox" data-auto="checkbox"><input id="filter-option--Aleyna-5341642" name="filter-option--Aleyna-5341642" type="checkbox"><label class="checkbox-label" for="filter-option--Aleyna-5341642" title="Aleyna"><a class="filter-option--link" href="https://www.tesco.com/groceries/en-GB/shop/food-cupboard/all?brand=Aleyna&amp;viewAll=brand"><span class="checkbox-square checkbox-square-linked"></span><span class="checkbox-check icon-tick-white"></span><span class="visually-hidden">Filter by</span><span class="filter-label--line--inline">Aleyna</span><span class="filter-label--line--inline">&nbsp;(3)</span></a></label></div></li><li class="filter-option__container" id="Bassetts" data-auto="filter-option" data-auto-selected="false"><div class="checkbox" data-auto="checkbox"><input id="filter-option--Bassetts-519951" name="filter-option--Bassetts-519951" type="checkbox"><label class="checkbox-label" for="filter-option--Bassetts-519951" title="Bassetts"><a class="filter-option--link" href="https://www.tesco.com/groceries/en-GB/shop/food-cupboard/all?brand=Bassetts&amp;viewAll=brand"><span class="checkbox-square checkbox-square-linked"></span><span class="checkbox-check icon-tick-white"></span><span class="visually-hidden">Filter by</span><span class="filter-label--line--inline">Bassetts</span><span class="filter-label--line--inline">&nbsp;(3)</span></a></label></div></li><li class="filter-option__container" id="Better Naked" data-auto="filter-option" data-auto-selected="false"><div class="checkbox" data-auto="checkbox"><input id="filter-option--Better-Naked-2546583" name="filter-option--Better-Naked-2546583" type="checkbox"><label class="checkbox-label" for="filter-option--Better-Naked-2546583" title="Better Naked"><a class="filter-option--link" href="https://www.tesco.com/groceries/en-GB/shop/food-cupboard/all?brand=Better%20Naked&amp;viewAll=brand"><span class="checkbox-square checkbox-square-linked"></span><span class="checkbox-check icon-tick-white"></span><span class="visually-hidden">Filter by</span><span class="filter-label--line--inline">Better Naked</span><span class="filter-label--line--inline">&nbsp;(3)</span></a></label></div></li><li class="filter-option__container" id="Bounce" data-auto="filter-option" data-auto-selected="false"><div class="checkbox" data-auto="checkbox"><input id="filter-option--Bounce-1589951" name="filter-option--Bounce-1589951" type="checkbox"><label class="checkbox-label" for="filter-option--Bounce-1589951" title="Bounce"><a class="filter-option--link" href="https://www.tesco.com/groceries/en-GB/shop/food-cupboard/all?brand=Bounce&amp;viewAll=brand"><span class="checkbox-square checkbox-square-linked"></span><span class="checkbox-check icon-tick-white"></span><span class="visually-hidden">Filter by</span><span class="filter-label--line--inline">Bounce</span><span class="filter-label--line--inline">&nbsp;(3)</span></a></label></div></li><li class="filter-option__container" id="Burtons" data-auto="filter-option" data-auto-selected="false"><div class="checkbox" data-auto="checkbox"><input id="filter-option--Burtons-5513227" name="filter-option--Burtons-5513227" type="checkbox"><label class="checkbox-label" for="filter-option--Burtons-5513227" title="Burtons"><a class="filter-option--link" href="https://www.tesco.com/groceries/en-GB/shop/food-cupboard/all?brand=Burtons&amp;viewAll=brand"><span class="checkbox-square checkbox-square-linked"></span><span class="checkbox-check icon-tick-white"></span><span class="visually-hidden">Filter by</span><span class="filter-label--line--inline">Burtons</span><span class="filter-label--line--inline">&nbsp;(3)</span></a></label></div></li><li class="filter-option__container" id="Calypso" data-auto="filter-option" data-auto-selected="false"><div class="checkbox" data-auto="checkbox"><input id="filter-option--Calypso-4749641" name="filter-option--Calypso-4749641" type="checkbox"><label class="checkbox-label" for="filter-option--Calypso-4749641" title="Calypso"><a class="filter-option--link" href="https://www.tesco.com/groceries/en-GB/shop/food-cupboard/all?brand=Calypso&amp;viewAll=brand"><span class="checkbox-square checkbox-square-linked"></span><span class="checkbox-check icon-tick-white"></span><span class="visually-hidden">Filter by</span><span class="filter-label--line--inline">Calypso</span><span class="filter-label--line--inline">&nbsp;(3)</span></a></label></div></li><li class="filter-option__container" id="Campbells" data-auto="filter-option" data-auto-selected="false"><div class="checkbox" data-auto="checkbox"><input id="filter-option--Campbells-7326892" name="filter-option--Campbells-7326892" type="checkbox"><label class="checkbox-label" for="filter-option--Campbells-7326892" title="Campbells"><a class="filter-option--link" href="https://www.tesco.com/groceries/en-GB/shop/food-cupboard/all?brand=Campbells&amp;viewAll=brand"><span class="checkbox-square checkbox-square-linked"></span><span class="checkbox-check icon-tick-white"></span><span class="visually-hidden">Filter by</span><span class="filter-label--line--inline">Campbells</span><span class="filter-label--line--inline">&nbsp;(3)</span></a></label></div></li><li class="filter-option__container" id="Candy Kittens" data-auto="filter-option" data-auto-selected="false"><div class="checkbox" data-auto="checkbox"><input id="filter-option--Candy-Kittens-5467664" name="filter-option--Candy-Kittens-5467664" type="checkbox"><label class="checkbox-label" for="filter-option--Candy-Kittens-5467664" title="Candy Kittens"><a class="filter-option--link" href="https://www.tesco.com/groceries/en-GB/shop/food-cupboard/all?brand=Candy%20Kittens&amp;viewAll=brand"><span class="checkbox-square checkbox-square-linked"></span><span class="checkbox-check icon-tick-white"></span><span class="visually-hidden">Filter by</span><span class="filter-label--line--inline">Candy Kittens</span><span class="filter-label--line--inline">&nbsp;(3)</span></a></label></div></li><li class="filter-option__container" id="Carrs" data-auto="filter-option" data-auto-selected="false"><div class="checkbox" data-auto="checkbox"><input id="filter-option--Carrs-4523567" name="filter-option--Carrs-4523567" type="checkbox"><label class="checkbox-label" for="filter-option--Carrs-4523567" title="Carrs"><a class="filter-option--link" href="https://www.tesco.com/groceries/en-GB/shop/food-cupboard/all?brand=Carrs&amp;viewAll=brand"><span class="checkbox-square checkbox-square-linked"></span><span class="checkbox-check icon-tick-white"></span><span class="visually-hidden">Filter by</span><span class="filter-label--line--inline">Carrs</span><span class="filter-label--line--inline">&nbsp;(3)</span></a></label></div></li><li class="filter-option__container" id="Cawoods" data-auto="filter-option" data-auto-selected="false"><div class="checkbox" data-auto="checkbox"><input id="filter-option--Cawoods-7509752" name="filter-option--Cawoods-7509752" type="checkbox"><label class="checkbox-label" for="filter-option--Cawoods-7509752" title="Cawoods"><a class="filter-option--link" href="https://www.tesco.com/groceries/en-GB/shop/food-cupboard/all?brand=Cawoods&amp;viewAll=brand"><span class="checkbox-square checkbox-square-linked"></span><span class="checkbox-check icon-tick-white"></span><span class="visually-hidden">Filter by</span><span class="filter-label--line--inline">Cawoods</span><span class="filter-label--line--inline">&nbsp;(3)</span></a></label></div></li><li class="filter-option__container" id="Celebrations" data-auto="filter-option" data-auto-selected="false"><div class="checkbox" data-auto="checkbox"><input id="filter-option--Celebrations-1246594" name="filter-option--Celebrations-1246594" type="checkbox"><label class="checkbox-label" for="filter-option--Celebrations-1246594" title="Celebrations"><a class="filter-option--link" href="https://www.tesco.com/groceries/en-GB/shop/food-cupboard/all?brand=Celebrations&amp;viewAll=brand"><span class="checkbox-square checkbox-square-linked"></span><span class="checkbox-check icon-tick-white"></span><span class="visually-hidden">Filter by</span><span class="filter-label--line--inline">Celebrations</span><span class="filter-label--line--inline">&nbsp;(3)</span></a></label></div></li><li class="filter-option__container" id="Chicken Tonight" data-auto="filter-option" data-auto-selected="false"><div class="checkbox" data-auto="checkbox"><input id="filter-option--Chicken-Tonight-9525149" name="filter-option--Chicken-Tonight-9525149" type="checkbox"><label class="checkbox-label" for="filter-option--Chicken-Tonight-9525149" title="Chicken Tonight"><a class="filter-option--link" href="https://www.tesco.com/groceries/en-GB/shop/food-cupboard/all?brand=Chicken%20Tonight&amp;viewAll=brand"><span class="checkbox-square checkbox-square-linked"></span><span class="checkbox-check icon-tick-white"></span><span class="visually-hidden">Filter by</span><span class="filter-label--line--block">Chicken</span><span class="filter-label--line--inline filter-label--line--truncate">Tonight</span><span class="filter-label--line--inline">&nbsp;(3)</span></a></label></div></li><li class="filter-option__container" id="Cornish Sea Salt" data-auto="filter-option" data-auto-selected="false"><div class="checkbox" data-auto="checkbox"><input id="filter-option--Cornish-Sea-Salt-7524606" name="filter-option--Cornish-Sea-Salt-7524606" type="checkbox"><label class="checkbox-label" for="filter-option--Cornish-Sea-Salt-7524606" title="Cornish Sea Salt"><a class="filter-option--link" href="https://www.tesco.com/groceries/en-GB/shop/food-cupboard/all?brand=Cornish%20Sea%20Salt&amp;viewAll=brand"><span class="checkbox-square checkbox-square-linked"></span><span class="checkbox-check icon-tick-white"></span><span class="visually-hidden">Filter by</span><span class="filter-label--line--block">Cornish Sea</span><span class="filter-label--line--inline filter-label--line--truncate">Salt</span><span class="filter-label--line--inline">&nbsp;(3)</span></a></label></div></li><li class="filter-option__container" id="Dietary Specials" data-auto="filter-option" data-auto-selected="false"><div class="checkbox" data-auto="checkbox"><input id="filter-option--Dietary-Specials-5919365" name="filter-option--Dietary-Specials-5919365" type="checkbox"><label class="checkbox-label" for="filter-option--Dietary-Specials-5919365" title="Dietary Specials"><a class="filter-option--link" href="https://www.tesco.com/groceries/en-GB/shop/food-cupboard/all?brand=Dietary%20Specials&amp;viewAll=brand"><span class="checkbox-square checkbox-square-linked"></span><span class="checkbox-check icon-tick-white"></span><span class="visually-hidden">Filter by</span><span class="filter-label--line--block">Dietary</span><span class="filter-label--line--inline filter-label--line--truncate">Specials</span><span class="filter-label--line--inline">&nbsp;(3)</span></a></label></div></li><li class="filter-option__container" id="Dolce &amp; Gabbana" data-auto="filter-option" data-auto-selected="false"><div class="checkbox" data-auto="checkbox"><input id="filter-option--Dolce-Gabbana-5587563" name="filter-option--Dolce-Gabbana-5587563" type="checkbox"><label class="checkbox-label" for="filter-option--Dolce-Gabbana-5587563" title="Dolce &amp; Gabbana"><a class="filter-option--link" href="https://www.tesco.com/groceries/en-GB/shop/food-cupboard/all?brand=Dolce%20%26%20Gabbana&amp;viewAll=brand"><span class="checkbox-square checkbox-square-linked"></span><span class="checkbox-check icon-tick-white"></span><span class="visually-hidden">Filter by</span><span class="filter-label--line--block">Dolce &amp;</span><span class="filter-label--line--inline filter-label--line--truncate">Gabbana</span><span class="filter-label--line--inline">&nbsp;(3)</span></a></label></div></li><li class="filter-option__container" id="Dorset Cereals" data-auto="filter-option" data-auto-selected="false"><div class="checkbox" data-auto="checkbox"><input id="filter-option--Dorset-Cereals-6909551" name="filter-option--Dorset-Cereals-6909551" type="checkbox"><label class="checkbox-label" for="filter-option--Dorset-Cereals-6909551" title="Dorset Cereals"><a class="filter-option--link" href="https://www.tesco.com/groceries/en-GB/shop/food-cupboard/all?brand=Dorset%20Cereals&amp;viewAll=brand"><span class="checkbox-square checkbox-square-linked"></span><span class="checkbox-check icon-tick-white"></span><span class="visually-hidden">Filter by</span><span class="filter-label--line--inline">Dorset Cereals</span><span class="filter-label--line--inline">&nbsp;(3)</span></a></label></div></li><li class="filter-option__container" id="Dr Schar" data-auto="filter-option" data-auto-selected="false"><div class="checkbox" data-auto="checkbox"><input id="filter-option--Dr-Schar-1298465" name="filter-option--Dr-Schar-1298465" type="checkbox"><label class="checkbox-label" for="filter-option--Dr-Schar-1298465" title="Dr Schar"><a class="filter-option--link" href="https://www.tesco.com/groceries/en-GB/shop/food-cupboard/all?brand=Dr%20Schar&amp;viewAll=brand"><span class="checkbox-square checkbox-square-linked"></span><span class="checkbox-check icon-tick-white"></span><span class="visually-hidden">Filter by</span><span class="filter-label--line--inline">Dr Schar</span><span class="filter-label--line--inline">&nbsp;(3)</span></a></label></div></li><li class="filter-option__container" id="English Provender" data-auto="filter-option" data-auto-selected="false"><div class="checkbox" data-auto="checkbox"><input id="filter-option--English-Provender-5592080" name="filter-option--English-Provender-5592080" type="checkbox"><label class="checkbox-label" for="filter-option--English-Provender-5592080" title="English Provender"><a class="filter-option--link" href="https://www.tesco.com/groceries/en-GB/shop/food-cupboard/all?brand=English%20Provender&amp;viewAll=brand"><span class="checkbox-square checkbox-square-linked"></span><span class="checkbox-check icon-tick-white"></span><span class="visually-hidden">Filter by</span><span class="filter-label--line--block">English</span><span class="filter-label--line--inline filter-label--line--truncate">Provender</span><span class="filter-label--line--inline">&nbsp;(3)</span></a></label></div></li><li class="filter-option__container" id="Epicure" data-auto="filter-option" data-auto-selected="false"><div class="checkbox" data-auto="checkbox"><input id="filter-option--Epicure-4102704" name="filter-option--Epicure-4102704" type="checkbox"><label class="checkbox-label" for="filter-option--Epicure-4102704" title="Epicure"><a class="filter-option--link" href="https://www.tesco.com/groceries/en-GB/shop/food-cupboard/all?brand=Epicure&amp;viewAll=brand"><span class="checkbox-square checkbox-square-linked"></span><span class="checkbox-check icon-tick-white"></span><span class="visually-hidden">Filter by</span><span class="filter-label--line--inline">Epicure</span><span class="filter-label--line--inline">&nbsp;(3)</span></a></label></div></li><li class="filter-option__container" id="Fire Pit" data-auto="filter-option" data-auto-selected="false"><div class="checkbox" data-auto="checkbox"><input id="filter-option--Fire-Pit-2976914" name="filter-option--Fire-Pit-2976914" type="checkbox"><label class="checkbox-label" for="filter-option--Fire-Pit-2976914" title="Fire Pit"><a class="filter-option--link" href="https://www.tesco.com/groceries/en-GB/shop/food-cupboard/all?brand=Fire%20Pit&amp;viewAll=brand"><span class="checkbox-square checkbox-square-linked"></span><span class="checkbox-check icon-tick-white"></span><span class="visually-hidden">Filter by</span><span class="filter-label--line--inline">Fire Pit</span><span class="filter-label--line--inline">&nbsp;(3)</span></a></label></div></li><li class="filter-option__container" id="Franks" data-auto="filter-option" data-auto-selected="false"><div class="checkbox" data-auto="checkbox"><input id="filter-option--Franks-6645356" name="filter-option--Franks-6645356" type="checkbox"><label class="checkbox-label" for="filter-option--Franks-6645356" title="Franks"><a class="filter-option--link" href="https://www.tesco.com/groceries/en-GB/shop/food-cupboard/all?brand=Franks&amp;viewAll=brand"><span class="checkbox-square checkbox-square-linked"></span><span class="checkbox-check icon-tick-white"></span><span class="visually-hidden">Filter by</span><span class="filter-label--line--inline">Franks</span><span class="filter-label--line--inline">&nbsp;(3)</span></a></label></div></li><li class="filter-option__container" id="Fru Crew" data-auto="filter-option" data-auto-selected="false"><div class="checkbox" data-auto="checkbox"><input id="filter-option--Fru-Crew-1570057" name="filter-option--Fru-Crew-1570057" type="checkbox"><label class="checkbox-label" for="filter-option--Fru-Crew-1570057" title="Fru Crew"><a class="filter-option--link" href="https://www.tesco.com/groceries/en-GB/shop/food-cupboard/all?brand=Fru%20Crew&amp;viewAll=brand"><span class="checkbox-square checkbox-square-linked"></span><span class="checkbox-check icon-tick-white"></span><span class="visually-hidden">Filter by</span><span class="filter-label--line--inline">Fru Crew</span><span class="filter-label--line--inline">&nbsp;(3)</span></a></label></div></li><li class="filter-option__container" id="Fry&#39;s" data-auto="filter-option" data-auto-selected="false"><div class="checkbox" data-auto="checkbox"><input id="filter-option--Fry&#39;s-1128873" name="filter-option--Fry&#39;s-1128873" type="checkbox"><label class="checkbox-label" for="filter-option--Fry&#39;s-1128873" title="Fry&#39;s"><a class="filter-option--link" href="https://www.tesco.com/groceries/en-GB/shop/food-cupboard/all?brand=Fry%27s&amp;viewAll=brand"><span class="checkbox-square checkbox-square-linked"></span><span class="checkbox-check icon-tick-white"></span><span class="visually-hidden">Filter by</span><span class="filter-label--line--inline">Fry's</span><span class="filter-label--line--inline">&nbsp;(3)</span></a></label></div></li><li class="filter-option__container" id="Frylight" data-auto="filter-option" data-auto-selected="false"><div class="checkbox" data-auto="checkbox"><input id="filter-option--Frylight-2007017" name="filter-option--Frylight-2007017" type="checkbox"><label class="checkbox-label" for="filter-option--Frylight-2007017" title="Frylight"><a class="filter-option--link" href="https://www.tesco.com/groceries/en-GB/shop/food-cupboard/all?brand=Frylight&amp;viewAll=brand"><span class="checkbox-square checkbox-square-linked"></span><span class="checkbox-check icon-tick-white"></span><span class="visually-hidden">Filter by</span><span class="filter-label--line--inline">Frylight</span><span class="filter-label--line--inline">&nbsp;(3)</span></a></label></div></li><li class="filter-option__container" id="Fulfill" data-auto="filter-option" data-auto-selected="false"><div class="checkbox" data-auto="checkbox"><input id="filter-option--Fulfill-8076246" name="filter-option--Fulfill-8076246" type="checkbox"><label class="checkbox-label" for="filter-option--Fulfill-8076246" title="Fulfill"><a class="filter-option--link" href="https://www.tesco.com/groceries/en-GB/shop/food-cupboard/all?brand=Fulfill&amp;viewAll=brand"><span class="checkbox-square checkbox-square-linked"></span><span class="checkbox-check icon-tick-white"></span><span class="visually-hidden">Filter by</span><span class="filter-label--line--inline">Fulfill</span><span class="filter-label--line--inline">&nbsp;(3)</span></a></label></div></li><li class="filter-option__container" id="Greens" data-auto="filter-option" data-auto-selected="false"><div class="checkbox" data-auto="checkbox"><input id="filter-option--Greens-6435547" name="filter-option--Greens-6435547" type="checkbox"><label class="checkbox-label" for="filter-option--Greens-6435547" title="Greens"><a class="filter-option--link" href="https://www.tesco.com/groceries/en-GB/shop/food-cupboard/all?brand=Greens&amp;viewAll=brand"><span class="checkbox-square checkbox-square-linked"></span><span class="checkbox-check icon-tick-white"></span><span class="visually-hidden">Filter by</span><span class="filter-label--line--inline">Greens</span><span class="filter-label--line--inline">&nbsp;(3)</span></a></label></div></li><li class="filter-option__container" id="Haywards" data-auto="filter-option" data-auto-selected="false"><div class="checkbox" data-auto="checkbox"><input id="filter-option--Haywards-2164172" name="filter-option--Haywards-2164172" type="checkbox"><label class="checkbox-label" for="filter-option--Haywards-2164172" title="Haywards"><a class="filter-option--link" href="https://www.tesco.com/groceries/en-GB/shop/food-cupboard/all?brand=Haywards&amp;viewAll=brand"><span class="checkbox-square checkbox-square-linked"></span><span class="checkbox-check icon-tick-white"></span><span class="visually-hidden">Filter by</span><span class="filter-label--line--inline">Haywards</span><span class="filter-label--line--inline">&nbsp;(3)</span></a></label></div></li><li class="filter-option__container" id="Hilltop" data-auto="filter-option" data-auto-selected="false"><div class="checkbox" data-auto="checkbox"><input id="filter-option--Hilltop-8873160" name="filter-option--Hilltop-8873160" type="checkbox"><label class="checkbox-label" for="filter-option--Hilltop-8873160" title="Hilltop"><a class="filter-option--link" href="https://www.tesco.com/groceries/en-GB/shop/food-cupboard/all?brand=Hilltop&amp;viewAll=brand"><span class="checkbox-square checkbox-square-linked"></span><span class="checkbox-check icon-tick-white"></span><span class="visually-hidden">Filter by</span><span class="filter-label--line--inline">Hilltop</span><span class="filter-label--line--inline">&nbsp;(3)</span></a></label></div></li><li class="filter-option__container" id="Hippeas" data-auto="filter-option" data-auto-selected="false"><div class="checkbox" data-auto="checkbox"><input id="filter-option--Hippeas-2042203" name="filter-option--Hippeas-2042203" type="checkbox"><label class="checkbox-label" for="filter-option--Hippeas-2042203" title="Hippeas"><a class="filter-option--link" href="https://www.tesco.com/groceries/en-GB/shop/food-cupboard/all?brand=Hippeas&amp;viewAll=brand"><span class="checkbox-square checkbox-square-linked"></span><span class="checkbox-check icon-tick-white"></span><span class="visually-hidden">Filter by</span><span class="filter-label--line--inline">Hippeas</span><span class="filter-label--line--inline">&nbsp;(3)</span></a></label></div></li><li class="filter-option__container" id="Jammin" data-auto="filter-option" data-auto-selected="false"><div class="checkbox" data-auto="checkbox"><input id="filter-option--Jammin-2038109" name="filter-option--Jammin-2038109" type="checkbox"><label class="checkbox-label" for="filter-option--Jammin-2038109" title="Jammin"><a class="filter-option--link" href="https://www.tesco.com/groceries/en-GB/shop/food-cupboard/all?brand=Jammin&amp;viewAll=brand"><span class="checkbox-square checkbox-square-linked"></span><span class="checkbox-check icon-tick-white"></span><span class="visually-hidden">Filter by</span><span class="filter-label--line--inline">Jammin</span><span class="filter-label--line--inline">&nbsp;(3)</span></a></label></div></li><li class="filter-option__container" id="Jvc" data-auto="filter-option" data-auto-selected="false"><div class="checkbox" data-auto="checkbox"><input id="filter-option--Jvc-5593191" name="filter-option--Jvc-5593191" type="checkbox"><label class="checkbox-label" for="filter-option--Jvc-5593191" title="Jvc"><a class="filter-option--link" href="https://www.tesco.com/groceries/en-GB/shop/food-cupboard/all?brand=Jvc&amp;viewAll=brand"><span class="checkbox-square checkbox-square-linked"></span><span class="checkbox-check icon-tick-white"></span><span class="visually-hidden">Filter by</span><span class="filter-label--line--inline">Jvc</span><span class="filter-label--line--inline">&nbsp;(3)</span></a></label></div></li><li class="filter-option__container" id="Kallo Foods" data-auto="filter-option" data-auto-selected="false"><div class="checkbox" data-auto="checkbox"><input id="filter-option--Kallo-Foods-8899469" name="filter-option--Kallo-Foods-8899469" type="checkbox"><label class="checkbox-label" for="filter-option--Kallo-Foods-8899469" title="Kallo Foods"><a class="filter-option--link" href="https://www.tesco.com/groceries/en-GB/shop/food-cupboard/all?brand=Kallo%20Foods&amp;viewAll=brand"><span class="checkbox-square checkbox-square-linked"></span><span class="checkbox-check icon-tick-white"></span><span class="visually-hidden">Filter by</span><span class="filter-label--line--inline">Kallo Foods</span><span class="filter-label--line--inline">&nbsp;(3)</span></a></label></div></li><li class="filter-option__container" id="Kucharek" data-auto="filter-option" data-auto-selected="false"><div class="checkbox" data-auto="checkbox"><input id="filter-option--Kucharek-2429265" name="filter-option--Kucharek-2429265" type="checkbox"><label class="checkbox-label" for="filter-option--Kucharek-2429265" title="Kucharek"><a class="filter-option--link" href="https://www.tesco.com/groceries/en-GB/shop/food-cupboard/all?brand=Kucharek&amp;viewAll=brand"><span class="checkbox-square checkbox-square-linked"></span><span class="checkbox-check icon-tick-white"></span><span class="visually-hidden">Filter by</span><span class="filter-label--line--inline">Kucharek</span><span class="filter-label--line--inline">&nbsp;(3)</span></a></label></div></li><li class="filter-option__container" id="Livia&#39;s" data-auto="filter-option" data-auto-selected="false"><div class="checkbox" data-auto="checkbox"><input id="filter-option--Livia&#39;s-3087320" name="filter-option--Livia&#39;s-3087320" type="checkbox"><label class="checkbox-label" for="filter-option--Livia&#39;s-3087320" title="Livia&#39;s"><a class="filter-option--link" href="https://www.tesco.com/groceries/en-GB/shop/food-cupboard/all?brand=Livia%27s&amp;viewAll=brand"><span class="checkbox-square checkbox-square-linked"></span><span class="checkbox-check icon-tick-white"></span><span class="visually-hidden">Filter by</span><span class="filter-label--line--inline">Livia's</span><span class="filter-label--line--inline">&nbsp;(3)</span></a></label></div></li><li class="filter-option__container" id="Lizi&#39;s" data-auto="filter-option" data-auto-selected="false"><div class="checkbox" data-auto="checkbox"><input id="filter-option--Lizi&#39;s-6304801" name="filter-option--Lizi&#39;s-6304801" type="checkbox"><label class="checkbox-label" for="filter-option--Lizi&#39;s-6304801" title="Lizi&#39;s"><a class="filter-option--link" href="https://www.tesco.com/groceries/en-GB/shop/food-cupboard/all?brand=Lizi%27s&amp;viewAll=brand"><span class="checkbox-square checkbox-square-linked"></span><span class="checkbox-check icon-tick-white"></span><span class="visually-hidden">Filter by</span><span class="filter-label--line--inline">Lizi's</span><span class="filter-label--line--inline">&nbsp;(3)</span></a></label></div></li><li class="filter-option__container" id="Lyles" data-auto="filter-option" data-auto-selected="false"><div class="checkbox" data-auto="checkbox"><input id="filter-option--Lyles-5416433" name="filter-option--Lyles-5416433" type="checkbox"><label class="checkbox-label" for="filter-option--Lyles-5416433" title="Lyles"><a class="filter-option--link" href="https://www.tesco.com/groceries/en-GB/shop/food-cupboard/all?brand=Lyles&amp;viewAll=brand"><span class="checkbox-square checkbox-square-linked"></span><span class="checkbox-check icon-tick-white"></span><span class="visually-hidden">Filter by</span><span class="filter-label--line--inline">Lyles</span><span class="filter-label--line--inline">&nbsp;(3)</span></a></label></div></li><li class="filter-option__container" id="Marigold Health" data-auto="filter-option" data-auto-selected="false"><div class="checkbox" data-auto="checkbox"><input id="filter-option--Marigold-Health-2391757" name="filter-option--Marigold-Health-2391757" type="checkbox"><label class="checkbox-label" for="filter-option--Marigold-Health-2391757" title="Marigold Health"><a class="filter-option--link" href="https://www.tesco.com/groceries/en-GB/shop/food-cupboard/all?brand=Marigold%20Health&amp;viewAll=brand"><span class="checkbox-square checkbox-square-linked"></span><span class="checkbox-check icon-tick-white"></span><span class="visually-hidden">Filter by</span><span class="filter-label--line--block">Marigold</span><span class="filter-label--line--inline filter-label--line--truncate">Health</span><span class="filter-label--line--inline">&nbsp;(3)</span></a></label></div></li><li class="filter-option__container" id="Mary Berry" data-auto="filter-option" data-auto-selected="false"><div class="checkbox" data-auto="checkbox"><input id="filter-option--Mary-Berry-4611520" name="filter-option--Mary-Berry-4611520" type="checkbox"><label class="checkbox-label" for="filter-option--Mary-Berry-4611520" title="Mary Berry"><a class="filter-option--link" href="https://www.tesco.com/groceries/en-GB/shop/food-cupboard/all?brand=Mary%20Berry&amp;viewAll=brand"><span class="checkbox-square checkbox-square-linked"></span><span class="checkbox-check icon-tick-white"></span><span class="visually-hidden">Filter by</span><span class="filter-label--line--inline">Mary Berry</span><span class="filter-label--line--inline">&nbsp;(3)</span></a></label></div></li><li class="filter-option__container" id="Mazzetti" data-auto="filter-option" data-auto-selected="false"><div class="checkbox" data-auto="checkbox"><input id="filter-option--Mazzetti-5884683" name="filter-option--Mazzetti-5884683" type="checkbox"><label class="checkbox-label" for="filter-option--Mazzetti-5884683" title="Mazzetti"><a class="filter-option--link" href="https://www.tesco.com/groceries/en-GB/shop/food-cupboard/all?brand=Mazzetti&amp;viewAll=brand"><span class="checkbox-square checkbox-square-linked"></span><span class="checkbox-check icon-tick-white"></span><span class="visually-hidden">Filter by</span><span class="filter-label--line--inline">Mazzetti</span><span class="filter-label--line--inline">&nbsp;(3)</span></a></label></div></li><li class="filter-option__container" id="Mighty Pea" data-auto="filter-option" data-auto-selected="false"><div class="checkbox" data-auto="checkbox"><input id="filter-option--Mighty-Pea-9161269" name="filter-option--Mighty-Pea-9161269" type="checkbox"><label class="checkbox-label" for="filter-option--Mighty-Pea-9161269" title="Mighty Pea"><a class="filter-option--link" href="https://www.tesco.com/groceries/en-GB/shop/food-cupboard/all?brand=Mighty%20Pea&amp;viewAll=brand"><span class="checkbox-square checkbox-square-linked"></span><span class="checkbox-check icon-tick-white"></span><span class="visually-hidden">Filter by</span><span class="filter-label--line--inline">Mighty Pea</span><span class="filter-label--line--inline">&nbsp;(3)</span></a></label></div></li><li class="filter-option__container" id="Milka" data-auto="filter-option" data-auto-selected="false"><div class="checkbox" data-auto="checkbox"><input id="filter-option--Milka-4122757" name="filter-option--Milka-4122757" type="checkbox"><label class="checkbox-label" for="filter-option--Milka-4122757" title="Milka"><a class="filter-option--link" href="https://www.tesco.com/groceries/en-GB/shop/food-cupboard/all?brand=Milka&amp;viewAll=brand"><span class="checkbox-square checkbox-square-linked"></span><span class="checkbox-check icon-tick-white"></span><span class="visually-hidden">Filter by</span><span class="filter-label--line--inline">Milka</span><span class="filter-label--line--inline">&nbsp;(3)</span></a></label></div></li><li class="filter-option__container" id="Montezuma&#39;s" data-auto="filter-option" data-auto-selected="false"><div class="checkbox" data-auto="checkbox"><input id="filter-option--Montezuma&#39;s-7270774" name="filter-option--Montezuma&#39;s-7270774" type="checkbox"><label class="checkbox-label" for="filter-option--Montezuma&#39;s-7270774" title="Montezuma&#39;s"><a class="filter-option--link" href="https://www.tesco.com/groceries/en-GB/shop/food-cupboard/all?brand=Montezuma%27s&amp;viewAll=brand"><span class="checkbox-square checkbox-square-linked"></span><span class="checkbox-check icon-tick-white"></span><span class="visually-hidden">Filter by</span><span class="filter-label--line--inline">Montezuma's</span><span class="filter-label--line--inline">&nbsp;(3)</span></a></label></div></li><li class="filter-option__container" id="Monty Bojangles" data-auto="filter-option" data-auto-selected="false"><div class="checkbox" data-auto="checkbox"><input id="filter-option--Monty-Bojangles-6000932" name="filter-option--Monty-Bojangles-6000932" type="checkbox"><label class="checkbox-label" for="filter-option--Monty-Bojangles-6000932" title="Monty Bojangles"><a class="filter-option--link" href="https://www.tesco.com/groceries/en-GB/shop/food-cupboard/all?brand=Monty%20Bojangles&amp;viewAll=brand"><span class="checkbox-square checkbox-square-linked"></span><span class="checkbox-check icon-tick-white"></span><span class="visually-hidden">Filter by</span><span class="filter-label--line--block">Monty</span><span class="filter-label--line--inline filter-label--line--truncate">Bojangles</span><span class="filter-label--line--inline">&nbsp;(3)</span></a></label></div></li><li class="filter-option__container" id="Mutti" data-auto="filter-option" data-auto-selected="false"><div class="checkbox" data-auto="checkbox"><input id="filter-option--Mutti-4920462" name="filter-option--Mutti-4920462" type="checkbox"><label class="checkbox-label" for="filter-option--Mutti-4920462" title="Mutti"><a class="filter-option--link" href="https://www.tesco.com/groceries/en-GB/shop/food-cupboard/all?brand=Mutti&amp;viewAll=brand"><span class="checkbox-square checkbox-square-linked"></span><span class="checkbox-check icon-tick-white"></span><span class="visually-hidden">Filter by</span><span class="filter-label--line--inline">Mutti</span><span class="filter-label--line--inline">&nbsp;(3)</span></a></label></div></li><li class="filter-option__container" id="Natures Path" data-auto="filter-option" data-auto-selected="false"><div class="checkbox" data-auto="checkbox"><input id="filter-option--Natures-Path-155764" name="filter-option--Natures-Path-155764" type="checkbox"><label class="checkbox-label" for="filter-option--Natures-Path-155764" title="Natures Path"><a class="filter-option--link" href="https://www.tesco.com/groceries/en-GB/shop/food-cupboard/all?brand=Natures%20Path&amp;viewAll=brand"><span class="checkbox-square checkbox-square-linked"></span><span class="checkbox-check icon-tick-white"></span><span class="visually-hidden">Filter by</span><span class="filter-label--line--inline">Natures Path</span><span class="filter-label--line--inline">&nbsp;(3)</span></a></label></div></li><li class="filter-option__container" id="Nik Naks" data-auto="filter-option" data-auto-selected="false"><div class="checkbox" data-auto="checkbox"><input id="filter-option--Nik-Naks-2587945" name="filter-option--Nik-Naks-2587945" type="checkbox"><label class="checkbox-label" for="filter-option--Nik-Naks-2587945" title="Nik Naks"><a class="filter-option--link" href="https://www.tesco.com/groceries/en-GB/shop/food-cupboard/all?brand=Nik%20Naks&amp;viewAll=brand"><span class="checkbox-square checkbox-square-linked"></span><span class="checkbox-check icon-tick-white"></span><span class="visually-hidden">Filter by</span><span class="filter-label--line--inline">Nik Naks</span><span class="filter-label--line--inline">&nbsp;(3)</span></a></label></div></li><li class="filter-option__container" id="Niru" data-auto="filter-option" data-auto-selected="false"><div class="checkbox" data-auto="checkbox"><input id="filter-option--Niru-5830195" name="filter-option--Niru-5830195" type="checkbox"><label class="checkbox-label" for="filter-option--Niru-5830195" title="Niru"><a class="filter-option--link" href="https://www.tesco.com/groceries/en-GB/shop/food-cupboard/all?brand=Niru&amp;viewAll=brand"><span class="checkbox-square checkbox-square-linked"></span><span class="checkbox-check icon-tick-white"></span><span class="visually-hidden">Filter by</span><span class="filter-label--line--inline">Niru</span><span class="filter-label--line--inline">&nbsp;(3)</span></a></label></div></li><li class="filter-option__container" id="Penn State" data-auto="filter-option" data-auto-selected="false"><div class="checkbox" data-auto="checkbox"><input id="filter-option--Penn-State-1883826" name="filter-option--Penn-State-1883826" type="checkbox"><label class="checkbox-label" for="filter-option--Penn-State-1883826" title="Penn State"><a class="filter-option--link" href="https://www.tesco.com/groceries/en-GB/shop/food-cupboard/all?brand=Penn%20State&amp;viewAll=brand"><span class="checkbox-square checkbox-square-linked"></span><span class="checkbox-check icon-tick-white"></span><span class="visually-hidden">Filter by</span><span class="filter-label--line--inline">Penn State</span><span class="filter-label--line--inline">&nbsp;(3)</span></a></label></div></li><li class="filter-option__container" id="Plenish" data-auto="filter-option" data-auto-selected="false"><div class="checkbox" data-auto="checkbox"><input id="filter-option--Plenish-8892800" name="filter-option--Plenish-8892800" type="checkbox"><label class="checkbox-label" for="filter-option--Plenish-8892800" title="Plenish"><a class="filter-option--link" href="https://www.tesco.com/groceries/en-GB/shop/food-cupboard/all?brand=Plenish&amp;viewAll=brand"><span class="checkbox-square checkbox-square-linked"></span><span class="checkbox-check icon-tick-white"></span><span class="visually-hidden">Filter by</span><span class="filter-label--line--inline">Plenish</span><span class="filter-label--line--inline">&nbsp;(3)</span></a></label></div></li><li class="filter-option__container" id="Polli" data-auto="filter-option" data-auto-selected="false"><div class="checkbox" data-auto="checkbox"><input id="filter-option--Polli-3262107" name="filter-option--Polli-3262107" type="checkbox"><label class="checkbox-label" for="filter-option--Polli-3262107" title="Polli"><a class="filter-option--link" href="https://www.tesco.com/groceries/en-GB/shop/food-cupboard/all?brand=Polli&amp;viewAll=brand"><span class="checkbox-square checkbox-square-linked"></span><span class="checkbox-check icon-tick-white"></span><span class="visually-hidden">Filter by</span><span class="filter-label--line--inline">Polli</span><span class="filter-label--line--inline">&nbsp;(3)</span></a></label></div></li><li class="filter-option__container" id="Reds" data-auto="filter-option" data-auto-selected="false"><div class="checkbox" data-auto="checkbox"><input id="filter-option--Reds-3070837" name="filter-option--Reds-3070837" type="checkbox"><label class="checkbox-label" for="filter-option--Reds-3070837" title="Reds"><a class="filter-option--link" href="https://www.tesco.com/groceries/en-GB/shop/food-cupboard/all?brand=Reds&amp;viewAll=brand"><span class="checkbox-square checkbox-square-linked"></span><span class="checkbox-check icon-tick-white"></span><span class="visually-hidden">Filter by</span><span class="filter-label--line--inline">Reds</span><span class="filter-label--line--inline">&nbsp;(3)</span></a></label></div></li><li class="filter-option__container" id="Risotto Scotti" data-auto="filter-option" data-auto-selected="false"><div class="checkbox" data-auto="checkbox"><input id="filter-option--Risotto-Scotti-4612977" name="filter-option--Risotto-Scotti-4612977" type="checkbox"><label class="checkbox-label" for="filter-option--Risotto-Scotti-4612977" title="Risotto Scotti"><a class="filter-option--link" href="https://www.tesco.com/groceries/en-GB/shop/food-cupboard/all?brand=Risotto%20Scotti&amp;viewAll=brand"><span class="checkbox-square checkbox-square-linked"></span><span class="checkbox-check icon-tick-white"></span><span class="visually-hidden">Filter by</span><span class="filter-label--line--inline">Risotto Scotti</span><span class="filter-label--line--inline">&nbsp;(3)</span></a></label></div></li><li class="filter-option__container" id="Ritz" data-auto="filter-option" data-auto-selected="false"><div class="checkbox" data-auto="checkbox"><input id="filter-option--Ritz-2212061" name="filter-option--Ritz-2212061" type="checkbox"><label class="checkbox-label" for="filter-option--Ritz-2212061" title="Ritz"><a class="filter-option--link" href="https://www.tesco.com/groceries/en-GB/shop/food-cupboard/all?brand=Ritz&amp;viewAll=brand"><span class="checkbox-square checkbox-square-linked"></span><span class="checkbox-check icon-tick-white"></span><span class="visually-hidden">Filter by</span><span class="filter-label--line--inline">Ritz</span><span class="filter-label--line--inline">&nbsp;(3)</span></a></label></div></li><li class="filter-option__container" id="Robertsons" data-auto="filter-option" data-auto-selected="false"><div class="checkbox" data-auto="checkbox"><input id="filter-option--Robertsons-4534585" name="filter-option--Robertsons-4534585" type="checkbox"><label class="checkbox-label" for="filter-option--Robertsons-4534585" title="Robertsons"><a class="filter-option--link" href="https://www.tesco.com/groceries/en-GB/shop/food-cupboard/all?brand=Robertsons&amp;viewAll=brand"><span class="checkbox-square checkbox-square-linked"></span><span class="checkbox-check icon-tick-white"></span><span class="visually-hidden">Filter by</span><span class="filter-label--line--inline">Robertsons</span><span class="filter-label--line--inline">&nbsp;(3)</span></a></label></div></li><li class="filter-option__container" id="Seabrook" data-auto="filter-option" data-auto-selected="false"><div class="checkbox" data-auto="checkbox"><input id="filter-option--Seabrook-8833478" name="filter-option--Seabrook-8833478" type="checkbox"><label class="checkbox-label" for="filter-option--Seabrook-8833478" title="Seabrook"><a class="filter-option--link" href="https://www.tesco.com/groceries/en-GB/shop/food-cupboard/all?brand=Seabrook&amp;viewAll=brand"><span class="checkbox-square checkbox-square-linked"></span><span class="checkbox-check icon-tick-white"></span><span class="visually-hidden">Filter by</span><span class="filter-label--line--inline">Seabrook</span><span class="filter-label--line--inline">&nbsp;(3)</span></a></label></div></li><li class="filter-option__container" id="Seeds Of Change" data-auto="filter-option" data-auto-selected="false"><div class="checkbox" data-auto="checkbox"><input id="filter-option--Seeds-Of-Change-9954669" name="filter-option--Seeds-Of-Change-9954669" type="checkbox"><label class="checkbox-label" for="filter-option--Seeds-Of-Change-9954669" title="Seeds Of Change"><a class="filter-option--link" href="https://www.tesco.com/groceries/en-GB/shop/food-cupboard/all?brand=Seeds%20Of%20Change&amp;viewAll=brand"><span class="checkbox-square checkbox-square-linked"></span><span class="checkbox-check icon-tick-white"></span><span class="visually-hidden">Filter by</span><span class="filter-label--line--block">Seeds Of</span><span class="filter-label--line--inline filter-label--line--truncate">Change</span><span class="filter-label--line--inline">&nbsp;(3)</span></a></label></div></li><li class="filter-option__container" id="Sensations" data-auto="filter-option" data-auto-selected="false"><div class="checkbox" data-auto="checkbox"><input id="filter-option--Sensations-7339162" name="filter-option--Sensations-7339162" type="checkbox"><label class="checkbox-label" for="filter-option--Sensations-7339162" title="Sensations"><a class="filter-option--link" href="https://www.tesco.com/groceries/en-GB/shop/food-cupboard/all?brand=Sensations&amp;viewAll=brand"><span class="checkbox-square checkbox-square-linked"></span><span class="checkbox-check icon-tick-white"></span><span class="visually-hidden">Filter by</span><span class="filter-label--line--inline">Sensations</span><span class="filter-label--line--inline">&nbsp;(3)</span></a></label></div></li><li class="filter-option__container" id="Shoshana" data-auto="filter-option" data-auto-selected="false"><div class="checkbox" data-auto="checkbox"><input id="filter-option--Shoshana-3515721" name="filter-option--Shoshana-3515721" type="checkbox"><label class="checkbox-label" for="filter-option--Shoshana-3515721" title="Shoshana"><a class="filter-option--link" href="https://www.tesco.com/groceries/en-GB/shop/food-cupboard/all?brand=Shoshana&amp;viewAll=brand"><span class="checkbox-square checkbox-square-linked"></span><span class="checkbox-check icon-tick-white"></span><span class="visually-hidden">Filter by</span><span class="filter-label--line--inline">Shoshana</span><span class="filter-label--line--inline">&nbsp;(3)</span></a></label></div></li><li class="filter-option__container" id="Smint" data-auto="filter-option" data-auto-selected="false"><div class="checkbox" data-auto="checkbox"><input id="filter-option--Smint-1699729" name="filter-option--Smint-1699729" type="checkbox"><label class="checkbox-label" for="filter-option--Smint-1699729" title="Smint"><a class="filter-option--link" href="https://www.tesco.com/groceries/en-GB/shop/food-cupboard/all?brand=Smint&amp;viewAll=brand"><span class="checkbox-square checkbox-square-linked"></span><span class="checkbox-check icon-tick-white"></span><span class="visually-hidden">Filter by</span><span class="filter-label--line--inline">Smint</span><span class="filter-label--line--inline">&nbsp;(3)</span></a></label></div></li><li class="filter-option__container" id="Summer Pride" data-auto="filter-option" data-auto-selected="false"><div class="checkbox" data-auto="checkbox"><input id="filter-option--Summer-Pride-262234" name="filter-option--Summer-Pride-262234" type="checkbox"><label class="checkbox-label" for="filter-option--Summer-Pride-262234" title="Summer Pride"><a class="filter-option--link" href="https://www.tesco.com/groceries/en-GB/shop/food-cupboard/all?brand=Summer%20Pride&amp;viewAll=brand"><span class="checkbox-square checkbox-square-linked"></span><span class="checkbox-check icon-tick-white"></span><span class="visually-hidden">Filter by</span><span class="filter-label--line--inline">Summer Pride</span><span class="filter-label--line--inline">&nbsp;(3)</span></a></label></div></li><li class="filter-option__container" id="Tesco Fire Pit" data-auto="filter-option" data-auto-selected="false"><div class="checkbox" data-auto="checkbox"><input id="filter-option--Tesco-Fire-Pit-343712" name="filter-option--Tesco-Fire-Pit-343712" type="checkbox"><label class="checkbox-label" for="filter-option--Tesco-Fire-Pit-343712" title="Tesco Fire Pit"><a class="filter-option--link" href="https://www.tesco.com/groceries/en-GB/shop/food-cupboard/all?brand=Tesco%20Fire%20Pit&amp;viewAll=brand"><span class="checkbox-square checkbox-square-linked"></span><span class="checkbox-check icon-tick-white"></span><span class="visually-hidden">Filter by</span><span class="filter-label--line--inline">Tesco Fire Pit</span><span class="filter-label--line--inline">&nbsp;(3)</span></a></label></div></li><li class="filter-option__container" id="Thai Taste" data-auto="filter-option" data-auto-selected="false"><div class="checkbox" data-auto="checkbox"><input id="filter-option--Thai-Taste-2559345" name="filter-option--Thai-Taste-2559345" type="checkbox"><label class="checkbox-label" for="filter-option--Thai-Taste-2559345" title="Thai Taste"><a class="filter-option--link" href="https://www.tesco.com/groceries/en-GB/shop/food-cupboard/all?brand=Thai%20Taste&amp;viewAll=brand"><span class="checkbox-square checkbox-square-linked"></span><span class="checkbox-check icon-tick-white"></span><span class="visually-hidden">Filter by</span><span class="filter-label--line--inline">Thai Taste</span><span class="filter-label--line--inline">&nbsp;(3)</span></a></label></div></li><li class="filter-option__container" id="The Fruit Factor" data-auto="filter-option" data-auto-selected="false"><div class="checkbox" data-auto="checkbox"><input id="filter-option--The-Fruit-Factor-9325435" name="filter-option--The-Fruit-Factor-9325435" type="checkbox"><label class="checkbox-label" for="filter-option--The-Fruit-Factor-9325435" title="The Fruit Factor"><a class="filter-option--link" href="https://www.tesco.com/groceries/en-GB/shop/food-cupboard/all?brand=The%20Fruit%20Factor&amp;viewAll=brand"><span class="checkbox-square checkbox-square-linked"></span><span class="checkbox-check icon-tick-white"></span><span class="visually-hidden">Filter by</span><span class="filter-label--line--block">The Fruit</span><span class="filter-label--line--inline filter-label--line--truncate">Factor</span><span class="filter-label--line--inline">&nbsp;(3)</span></a></label></div></li><li class="filter-option__container" id="Tony&#39;s" data-auto="filter-option" data-auto-selected="false"><div class="checkbox" data-auto="checkbox"><input id="filter-option--Tony&#39;s-7314445" name="filter-option--Tony&#39;s-7314445" type="checkbox"><label class="checkbox-label" for="filter-option--Tony&#39;s-7314445" title="Tony&#39;s"><a class="filter-option--link" href="https://www.tesco.com/groceries/en-GB/shop/food-cupboard/all?brand=Tony%27s&amp;viewAll=brand"><span class="checkbox-square checkbox-square-linked"></span><span class="checkbox-check icon-tick-white"></span><span class="visually-hidden">Filter by</span><span class="filter-label--line--inline">Tony's</span><span class="filter-label--line--inline">&nbsp;(3)</span></a></label></div></li><li class="filter-option__container" id="Tulip" data-auto="filter-option" data-auto-selected="false"><div class="checkbox" data-auto="checkbox"><input id="filter-option--Tulip-3799345" name="filter-option--Tulip-3799345" type="checkbox"><label class="checkbox-label" for="filter-option--Tulip-3799345" title="Tulip"><a class="filter-option--link" href="https://www.tesco.com/groceries/en-GB/shop/food-cupboard/all?brand=Tulip&amp;viewAll=brand"><span class="checkbox-square checkbox-square-linked"></span><span class="checkbox-check icon-tick-white"></span><span class="visually-hidden">Filter by</span><span class="filter-label--line--inline">Tulip</span><span class="filter-label--line--inline">&nbsp;(3)</span></a></label></div></li><li class="filter-option__container" id="Vifon" data-auto="filter-option" data-auto-selected="false"><div class="checkbox" data-auto="checkbox"><input id="filter-option--Vifon-3919141" name="filter-option--Vifon-3919141" type="checkbox"><label class="checkbox-label" for="filter-option--Vifon-3919141" title="Vifon"><a class="filter-option--link" href="https://www.tesco.com/groceries/en-GB/shop/food-cupboard/all?brand=Vifon&amp;viewAll=brand"><span class="checkbox-square checkbox-square-linked"></span><span class="checkbox-check icon-tick-white"></span><span class="visually-hidden">Filter by</span><span class="filter-label--line--inline">Vifon</span><span class="filter-label--line--inline">&nbsp;(3)</span></a></label></div></li><li class="filter-option__container" id="4Move" data-auto="filter-option" data-auto-selected="false"><div class="checkbox" data-auto="checkbox"><input id="filter-option--4Move-3953993" name="filter-option--4Move-3953993" type="checkbox"><label class="checkbox-label" for="filter-option--4Move-3953993" title="4Move"><a class="filter-option--link" href="https://www.tesco.com/groceries/en-GB/shop/food-cupboard/all?brand=4Move&amp;viewAll=brand"><span class="checkbox-square checkbox-square-linked"></span><span class="checkbox-check icon-tick-white"></span><span class="visually-hidden">Filter by</span><span class="filter-label--line--inline">4Move</span><span class="filter-label--line--inline">&nbsp;(2)</span></a></label></div></li><li class="filter-option__container" id="Akash" data-auto="filter-option" data-auto-selected="false"><div class="checkbox" data-auto="checkbox"><input id="filter-option--Akash-4182510" name="filter-option--Akash-4182510" type="checkbox"><label class="checkbox-label" for="filter-option--Akash-4182510" title="Akash"><a class="filter-option--link" href="https://www.tesco.com/groceries/en-GB/shop/food-cupboard/all?brand=Akash&amp;viewAll=brand"><span class="checkbox-square checkbox-square-linked"></span><span class="checkbox-check icon-tick-white"></span><span class="visually-hidden">Filter by</span><span class="filter-label--line--inline">Akash</span><span class="filter-label--line--inline">&nbsp;(2)</span></a></label></div></li><li class="filter-option__container" id="Atora" data-auto="filter-option" data-auto-selected="false"><div class="checkbox" data-auto="checkbox"><input id="filter-option--Atora-2964065" name="filter-option--Atora-2964065" type="checkbox"><label class="checkbox-label" for="filter-option--Atora-2964065" title="Atora"><a class="filter-option--link" href="https://www.tesco.com/groceries/en-GB/shop/food-cupboard/all?brand=Atora&amp;viewAll=brand"><span class="checkbox-square checkbox-square-linked"></span><span class="checkbox-check icon-tick-white"></span><span class="visually-hidden">Filter by</span><span class="filter-label--line--inline">Atora</span><span class="filter-label--line--inline">&nbsp;(2)</span></a></label></div></li><li class="filter-option__container" id="Balcerzak" data-auto="filter-option" data-auto-selected="false"><div class="checkbox" data-auto="checkbox"><input id="filter-option--Balcerzak-3497385" name="filter-option--Balcerzak-3497385" type="checkbox"><label class="checkbox-label" for="filter-option--Balcerzak-3497385" title="Balcerzak"><a class="filter-option--link" href="https://www.tesco.com/groceries/en-GB/shop/food-cupboard/all?brand=Balcerzak&amp;viewAll=brand"><span class="checkbox-square checkbox-square-linked"></span><span class="checkbox-check icon-tick-white"></span><span class="visually-hidden">Filter by</span><span class="filter-label--line--inline">Balcerzak</span><span class="filter-label--line--inline">&nbsp;(2)</span></a></label></div></li><li class="filter-option__container" id="Barny" data-auto="filter-option" data-auto-selected="false"><div class="checkbox" data-auto="checkbox"><input id="filter-option--Barny-350556" name="filter-option--Barny-350556" type="checkbox"><label class="checkbox-label" for="filter-option--Barny-350556" title="Barny"><a class="filter-option--link" href="https://www.tesco.com/groceries/en-GB/shop/food-cupboard/all?brand=Barny&amp;viewAll=brand"><span class="checkbox-square checkbox-square-linked"></span><span class="checkbox-check icon-tick-white"></span><span class="visually-hidden">Filter by</span><span class="filter-label--line--inline">Barny</span><span class="filter-label--line--inline">&nbsp;(2)</span></a></label></div></li><li class="filter-option__container" id="Bepps" data-auto="filter-option" data-auto-selected="false"><div class="checkbox" data-auto="checkbox"><input id="filter-option--Bepps-5891425" name="filter-option--Bepps-5891425" type="checkbox"><label class="checkbox-label" for="filter-option--Bepps-5891425" title="Bepps"><a class="filter-option--link" href="https://www.tesco.com/groceries/en-GB/shop/food-cupboard/all?brand=Bepps&amp;viewAll=brand"><span class="checkbox-square checkbox-square-linked"></span><span class="checkbox-check icon-tick-white"></span><span class="visually-hidden">Filter by</span><span class="filter-label--line--inline">Bepps</span><span class="filter-label--line--inline">&nbsp;(2)</span></a></label></div></li><li class="filter-option__container" id="Bigga" data-auto="filter-option" data-auto-selected="false"><div class="checkbox" data-auto="checkbox"><input id="filter-option--Bigga-3954416" name="filter-option--Bigga-3954416" type="checkbox"><label class="checkbox-label" for="filter-option--Bigga-3954416" title="Bigga"><a class="filter-option--link" href="https://www.tesco.com/groceries/en-GB/shop/food-cupboard/all?brand=Bigga&amp;viewAll=brand"><span class="checkbox-square checkbox-square-linked"></span><span class="checkbox-check icon-tick-white"></span><span class="visually-hidden">Filter by</span><span class="filter-label--line--inline">Bigga</span><span class="filter-label--line--inline">&nbsp;(2)</span></a></label></div></li><li class="filter-option__container" id="Blooms" data-auto="filter-option" data-auto-selected="false"><div class="checkbox" data-auto="checkbox"><input id="filter-option--Blooms-4738151" name="filter-option--Blooms-4738151" type="checkbox"><label class="checkbox-label" for="filter-option--Blooms-4738151" title="Blooms"><a class="filter-option--link" href="https://www.tesco.com/groceries/en-GB/shop/food-cupboard/all?brand=Blooms&amp;viewAll=brand"><span class="checkbox-square checkbox-square-linked"></span><span class="checkbox-check icon-tick-white"></span><span class="visually-hidden">Filter by</span><span class="filter-label--line--inline">Blooms</span><span class="filter-label--line--inline">&nbsp;(2)</span></a></label></div></li><li class="filter-option__container" id="Bolands" data-auto="filter-option" data-auto-selected="false"><div class="checkbox" data-auto="checkbox"><input id="filter-option--Bolands-737451" name="filter-option--Bolands-737451" type="checkbox"><label class="checkbox-label" for="filter-option--Bolands-737451" title="Bolands"><a class="filter-option--link" href="https://www.tesco.com/groceries/en-GB/shop/food-cupboard/all?brand=Bolands&amp;viewAll=brand"><span class="checkbox-square checkbox-square-linked"></span><span class="checkbox-check icon-tick-white"></span><span class="visually-hidden">Filter by</span><span class="filter-label--line--inline">Bolands</span><span class="filter-label--line--inline">&nbsp;(2)</span></a></label></div></li><li class="filter-option__container" id="Border" data-auto="filter-option" data-auto-selected="false"><div class="checkbox" data-auto="checkbox"><input id="filter-option--Border-3854572" name="filter-option--Border-3854572" type="checkbox"><label class="checkbox-label" for="filter-option--Border-3854572" title="Border"><a class="filter-option--link" href="https://www.tesco.com/groceries/en-GB/shop/food-cupboard/all?brand=Border&amp;viewAll=brand"><span class="checkbox-square checkbox-square-linked"></span><span class="checkbox-check icon-tick-white"></span><span class="visually-hidden">Filter by</span><span class="filter-label--line--inline">Border</span><span class="filter-label--line--inline">&nbsp;(2)</span></a></label></div></li><li class="filter-option__container" id="Bounty" data-auto="filter-option" data-auto-selected="false"><div class="checkbox" data-auto="checkbox"><input id="filter-option--Bounty-4117772" name="filter-option--Bounty-4117772" type="checkbox"><label class="checkbox-label" for="filter-option--Bounty-4117772" title="Bounty"><a class="filter-option--link" href="https://www.tesco.com/groceries/en-GB/shop/food-cupboard/all?brand=Bounty&amp;viewAll=brand"><span class="checkbox-square checkbox-square-linked"></span><span class="checkbox-check icon-tick-white"></span><span class="visually-hidden">Filter by</span><span class="filter-label--line--inline">Bounty</span><span class="filter-label--line--inline">&nbsp;(2)</span></a></label></div></li><li class="filter-option__container" id="Bundaberg" data-auto="filter-option" data-auto-selected="false"><div class="checkbox" data-auto="checkbox"><input id="filter-option--Bundaberg-856643" name="filter-option--Bundaberg-856643" type="checkbox"><label class="checkbox-label" for="filter-option--Bundaberg-856643" title="Bundaberg"><a class="filter-option--link" href="https://www.tesco.com/groceries/en-GB/shop/food-cupboard/all?brand=Bundaberg&amp;viewAll=brand"><span class="checkbox-square checkbox-square-linked"></span><span class="checkbox-check icon-tick-white"></span><span class="visually-hidden">Filter by</span><span class="filter-label--line--inline">Bundaberg</span><span class="filter-label--line--inline">&nbsp;(2)</span></a></label></div></li><li class="filter-option__container" id="Burts" data-auto="filter-option" data-auto-selected="false"><div class="checkbox" data-auto="checkbox"><input id="filter-option--Burts-216197" name="filter-option--Burts-216197" type="checkbox"><label class="checkbox-label" for="filter-option--Burts-216197" title="Burts"><a class="filter-option--link" href="https://www.tesco.com/groceries/en-GB/shop/food-cupboard/all?brand=Burts&amp;viewAll=brand"><span class="checkbox-square checkbox-square-linked"></span><span class="checkbox-check icon-tick-white"></span><span class="visually-hidden">Filter by</span><span class="filter-label--line--inline">Burts</span><span class="filter-label--line--inline">&nbsp;(2)</span></a></label></div></li><li class="filter-option__container" id="Cake Angels" data-auto="filter-option" data-auto-selected="false"><div class="checkbox" data-auto="checkbox"><input id="filter-option--Cake-Angels-6558054" name="filter-option--Cake-Angels-6558054" type="checkbox"><label class="checkbox-label" for="filter-option--Cake-Angels-6558054" title="Cake Angels"><a class="filter-option--link" href="https://www.tesco.com/groceries/en-GB/shop/food-cupboard/all?brand=Cake%20Angels&amp;viewAll=brand"><span class="checkbox-square checkbox-square-linked"></span><span class="checkbox-check icon-tick-white"></span><span class="visually-hidden">Filter by</span><span class="filter-label--line--inline">Cake Angels</span><span class="filter-label--line--inline">&nbsp;(2)</span></a></label></div></li><li class="filter-option__container" id="Camden" data-auto="filter-option" data-auto-selected="false"><div class="checkbox" data-auto="checkbox"><input id="filter-option--Camden-5953937" name="filter-option--Camden-5953937" type="checkbox"><label class="checkbox-label" for="filter-option--Camden-5953937" title="Camden"><a class="filter-option--link" href="https://www.tesco.com/groceries/en-GB/shop/food-cupboard/all?brand=Camden&amp;viewAll=brand"><span class="checkbox-square checkbox-square-linked"></span><span class="checkbox-check icon-tick-white"></span><span class="visually-hidden">Filter by</span><span class="filter-label--line--inline">Camden</span><span class="filter-label--line--inline">&nbsp;(2)</span></a></label></div></li><li class="filter-option__container" id="Carousel" data-auto="filter-option" data-auto-selected="false"><div class="checkbox" data-auto="checkbox"><input id="filter-option--Carousel-2610099" name="filter-option--Carousel-2610099" type="checkbox"><label class="checkbox-label" for="filter-option--Carousel-2610099" title="Carousel"><a class="filter-option--link" href="https://www.tesco.com/groceries/en-GB/shop/food-cupboard/all?brand=Carousel&amp;viewAll=brand"><span class="checkbox-square checkbox-square-linked"></span><span class="checkbox-check icon-tick-white"></span><span class="visually-hidden">Filter by</span><span class="filter-label--line--inline">Carousel</span><span class="filter-label--line--inline">&nbsp;(2)</span></a></label></div></li><li class="filter-option__container" id="Cheezees" data-auto="filter-option" data-auto-selected="false"><div class="checkbox" data-auto="checkbox"><input id="filter-option--Cheezees-5424235" name="filter-option--Cheezees-5424235" type="checkbox"><label class="checkbox-label" for="filter-option--Cheezees-5424235" title="Cheezees"><a class="filter-option--link" href="https://www.tesco.com/groceries/en-GB/shop/food-cupboard/all?brand=Cheezees&amp;viewAll=brand"><span class="checkbox-square checkbox-square-linked"></span><span class="checkbox-check icon-tick-white"></span><span class="visually-hidden">Filter by</span><span class="filter-label--line--inline">Cheezees</span><span class="filter-label--line--inline">&nbsp;(2)</span></a></label></div></li><li class="filter-option__container" id="Chin Chin" data-auto="filter-option" data-auto-selected="false"><div class="checkbox" data-auto="checkbox"><input id="filter-option--Chin-Chin-8068479" name="filter-option--Chin-Chin-8068479" type="checkbox"><label class="checkbox-label" for="filter-option--Chin-Chin-8068479" title="Chin Chin"><a class="filter-option--link" href="https://www.tesco.com/groceries/en-GB/shop/food-cupboard/all?brand=Chin%20Chin&amp;viewAll=brand"><span class="checkbox-square checkbox-square-linked"></span><span class="checkbox-check icon-tick-white"></span><span class="visually-hidden">Filter by</span><span class="filter-label--line--inline">Chin Chin</span><span class="filter-label--line--inline">&nbsp;(2)</span></a></label></div></li><li class="filter-option__container" id="Cholula" data-auto="filter-option" data-auto-selected="false"><div class="checkbox" data-auto="checkbox"><input id="filter-option--Cholula-6321086" name="filter-option--Cholula-6321086" type="checkbox"><label class="checkbox-label" for="filter-option--Cholula-6321086" title="Cholula"><a class="filter-option--link" href="https://www.tesco.com/groceries/en-GB/shop/food-cupboard/all?brand=Cholula&amp;viewAll=brand"><span class="checkbox-square checkbox-square-linked"></span><span class="checkbox-check icon-tick-white"></span><span class="visually-hidden">Filter by</span><span class="filter-label--line--inline">Cholula</span><span class="filter-label--line--inline">&nbsp;(2)</span></a></label></div></li><li class="filter-option__container" id="Creative Nature" data-auto="filter-option" data-auto-selected="false"><div class="checkbox" data-auto="checkbox"><input id="filter-option--Creative-Nature-1718678" name="filter-option--Creative-Nature-1718678" type="checkbox"><label class="checkbox-label" for="filter-option--Creative-Nature-1718678" title="Creative Nature"><a class="filter-option--link" href="https://www.tesco.com/groceries/en-GB/shop/food-cupboard/all?brand=Creative%20Nature&amp;viewAll=brand"><span class="checkbox-square checkbox-square-linked"></span><span class="checkbox-check icon-tick-white"></span><span class="visually-hidden">Filter by</span><span class="filter-label--line--block">Creative</span><span class="filter-label--line--inline filter-label--line--truncate">Nature</span><span class="filter-label--line--inline">&nbsp;(2)</span></a></label></div></li><li class="filter-option__container" id="Crisp &#39;N&#39; Dry" data-auto="filter-option" data-auto-selected="false"><div class="checkbox" data-auto="checkbox"><input id="filter-option--Crisp-&#39;N&#39;-Dry-1098909" name="filter-option--Crisp-&#39;N&#39;-Dry-1098909" type="checkbox"><label class="checkbox-label" for="filter-option--Crisp-&#39;N&#39;-Dry-1098909" title="Crisp &#39;N&#39; Dry"><a class="filter-option--link" href="https://www.tesco.com/groceries/en-GB/shop/food-cupboard/all?brand=Crisp%20%27N%27%20Dry&amp;viewAll=brand"><span class="checkbox-square checkbox-square-linked"></span><span class="checkbox-check icon-tick-white"></span><span class="visually-hidden">Filter by</span><span class="filter-label--line--inline">Crisp 'N' Dry</span><span class="filter-label--line--inline">&nbsp;(2)</span></a></label></div></li><li class="filter-option__container" id="Crosta &amp; Mollica" data-auto="filter-option" data-auto-selected="false"><div class="checkbox" data-auto="checkbox"><input id="filter-option--Crosta-Mollica-3566649" name="filter-option--Crosta-Mollica-3566649" type="checkbox"><label class="checkbox-label" for="filter-option--Crosta-Mollica-3566649" title="Crosta &amp; Mollica"><a class="filter-option--link" href="https://www.tesco.com/groceries/en-GB/shop/food-cupboard/all?brand=Crosta%20%26%20Mollica&amp;viewAll=brand"><span class="checkbox-square checkbox-square-linked"></span><span class="checkbox-check icon-tick-white"></span><span class="visually-hidden">Filter by</span><span class="filter-label--line--block">Crosta &amp;</span><span class="filter-label--line--inline filter-label--line--truncate">Mollica</span><span class="filter-label--line--inline">&nbsp;(2)</span></a></label></div></li><li class="filter-option__container" id="Crouton Co" data-auto="filter-option" data-auto-selected="false"><div class="checkbox" data-auto="checkbox"><input id="filter-option--Crouton-Co-9049295" name="filter-option--Crouton-Co-9049295" type="checkbox"><label class="checkbox-label" for="filter-option--Crouton-Co-9049295" title="Crouton Co"><a class="filter-option--link" href="https://www.tesco.com/groceries/en-GB/shop/food-cupboard/all?brand=Crouton%20Co&amp;viewAll=brand"><span class="checkbox-square checkbox-square-linked"></span><span class="checkbox-check icon-tick-white"></span><span class="visually-hidden">Filter by</span><span class="filter-label--line--inline">Crouton Co</span><span class="filter-label--line--inline">&nbsp;(2)</span></a></label></div></li><li class="filter-option__container" id="Cypressa" data-auto="filter-option" data-auto-selected="false"><div class="checkbox" data-auto="checkbox"><input id="filter-option--Cypressa-4046154" name="filter-option--Cypressa-4046154" type="checkbox"><label class="checkbox-label" for="filter-option--Cypressa-4046154" title="Cypressa"><a class="filter-option--link" href="https://www.tesco.com/groceries/en-GB/shop/food-cupboard/all?brand=Cypressa&amp;viewAll=brand"><span class="checkbox-square checkbox-square-linked"></span><span class="checkbox-check icon-tick-white"></span><span class="visually-hidden">Filter by</span><span class="filter-label--line--inline">Cypressa</span><span class="filter-label--line--inline">&nbsp;(2)</span></a></label></div></li><li class="filter-option__container" id="Dairy Box" data-auto="filter-option" data-auto-selected="false"><div class="checkbox" data-auto="checkbox"><input id="filter-option--Dairy-Box-7067433" name="filter-option--Dairy-Box-7067433" type="checkbox"><label class="checkbox-label" for="filter-option--Dairy-Box-7067433" title="Dairy Box"><a class="filter-option--link" href="https://www.tesco.com/groceries/en-GB/shop/food-cupboard/all?brand=Dairy%20Box&amp;viewAll=brand"><span class="checkbox-square checkbox-square-linked"></span><span class="checkbox-check icon-tick-white"></span><span class="visually-hidden">Filter by</span><span class="filter-label--line--inline">Dairy Box</span><span class="filter-label--line--inline">&nbsp;(2)</span></a></label></div></li><li class="filter-option__container" id="Dalgety" data-auto="filter-option" data-auto-selected="false"><div class="checkbox" data-auto="checkbox"><input id="filter-option--Dalgety-3537251" name="filter-option--Dalgety-3537251" type="checkbox"><label class="checkbox-label" for="filter-option--Dalgety-3537251" title="Dalgety"><a class="filter-option--link" href="https://www.tesco.com/groceries/en-GB/shop/food-cupboard/all?brand=Dalgety&amp;viewAll=brand"><span class="checkbox-square checkbox-square-linked"></span><span class="checkbox-check icon-tick-white"></span><span class="visually-hidden">Filter by</span><span class="filter-label--line--inline">Dalgety</span><span class="filter-label--line--inline">&nbsp;(2)</span></a></label></div></li><li class="filter-option__container" id="De Nigris" data-auto="filter-option" data-auto-selected="false"><div class="checkbox" data-auto="checkbox"><input id="filter-option--De-Nigris-29781" name="filter-option--De-Nigris-29781" type="checkbox"><label class="checkbox-label" for="filter-option--De-Nigris-29781" title="De Nigris"><a class="filter-option--link" href="https://www.tesco.com/groceries/en-GB/shop/food-cupboard/all?brand=De%20Nigris&amp;viewAll=brand"><span class="checkbox-square checkbox-square-linked"></span><span class="checkbox-check icon-tick-white"></span><span class="visually-hidden">Filter by</span><span class="filter-label--line--inline">De Nigris</span><span class="filter-label--line--inline">&nbsp;(2)</span></a></label></div></li><li class="filter-option__container" id="Drosed" data-auto="filter-option" data-auto-selected="false"><div class="checkbox" data-auto="checkbox"><input id="filter-option--Drosed-2696157" name="filter-option--Drosed-2696157" type="checkbox"><label class="checkbox-label" for="filter-option--Drosed-2696157" title="Drosed"><a class="filter-option--link" href="https://www.tesco.com/groceries/en-GB/shop/food-cupboard/all?brand=Drosed&amp;viewAll=brand"><span class="checkbox-square checkbox-square-linked"></span><span class="checkbox-check icon-tick-white"></span><span class="visually-hidden">Filter by</span><span class="filter-label--line--inline">Drosed</span><span class="filter-label--line--inline">&nbsp;(2)</span></a></label></div></li><li class="filter-option__container" id="Elephant Atta" data-auto="filter-option" data-auto-selected="false"><div class="checkbox" data-auto="checkbox"><input id="filter-option--Elephant-Atta-3730511" name="filter-option--Elephant-Atta-3730511" type="checkbox"><label class="checkbox-label" for="filter-option--Elephant-Atta-3730511" title="Elephant Atta"><a class="filter-option--link" href="https://www.tesco.com/groceries/en-GB/shop/food-cupboard/all?brand=Elephant%20Atta&amp;viewAll=brand"><span class="checkbox-square checkbox-square-linked"></span><span class="checkbox-check icon-tick-white"></span><span class="visually-hidden">Filter by</span><span class="filter-label--line--inline">Elephant Atta</span><span class="filter-label--line--inline">&nbsp;(2)</span></a></label></div></li><li class="filter-option__container" id="Emily" data-auto="filter-option" data-auto-selected="false"><div class="checkbox" data-auto="checkbox"><input id="filter-option--Emily-2970952" name="filter-option--Emily-2970952" type="checkbox"><label class="checkbox-label" for="filter-option--Emily-2970952" title="Emily"><a class="filter-option--link" href="https://www.tesco.com/groceries/en-GB/shop/food-cupboard/all?brand=Emily&amp;viewAll=brand"><span class="checkbox-square checkbox-square-linked"></span><span class="checkbox-check icon-tick-white"></span><span class="visually-hidden">Filter by</span><span class="filter-label--line--inline">Emily</span><span class="filter-label--line--inline">&nbsp;(2)</span></a></label></div></li><li class="filter-option__container" id="Excelsior" data-auto="filter-option" data-auto-selected="false"><div class="checkbox" data-auto="checkbox"><input id="filter-option--Excelsior-5197576" name="filter-option--Excelsior-5197576" type="checkbox"><label class="checkbox-label" for="filter-option--Excelsior-5197576" title="Excelsior"><a class="filter-option--link" href="https://www.tesco.com/groceries/en-GB/shop/food-cupboard/all?brand=Excelsior&amp;viewAll=brand"><span class="checkbox-square checkbox-square-linked"></span><span class="checkbox-check icon-tick-white"></span><span class="visually-hidden">Filter by</span><span class="filter-label--line--inline">Excelsior</span><span class="filter-label--line--inline">&nbsp;(2)</span></a></label></div></li><li class="filter-option__container" id="Flora" data-auto="filter-option" data-auto-selected="false"><div class="checkbox" data-auto="checkbox"><input id="filter-option--Flora-8959630" name="filter-option--Flora-8959630" type="checkbox"><label class="checkbox-label" for="filter-option--Flora-8959630" title="Flora"><a class="filter-option--link" href="https://www.tesco.com/groceries/en-GB/shop/food-cupboard/all?brand=Flora&amp;viewAll=brand"><span class="checkbox-square checkbox-square-linked"></span><span class="checkbox-check icon-tick-white"></span><span class="visually-hidden">Filter by</span><span class="filter-label--line--inline">Flora</span><span class="filter-label--line--inline">&nbsp;(2)</span></a></label></div></li><li class="filter-option__container" id="Flower &amp; White" data-auto="filter-option" data-auto-selected="false"><div class="checkbox" data-auto="checkbox"><input id="filter-option--Flower-White-7085255" name="filter-option--Flower-White-7085255" type="checkbox"><label class="checkbox-label" for="filter-option--Flower-White-7085255" title="Flower &amp; White"><a class="filter-option--link" href="https://www.tesco.com/groceries/en-GB/shop/food-cupboard/all?brand=Flower%20%26%20White&amp;viewAll=brand"><span class="checkbox-square checkbox-square-linked"></span><span class="checkbox-check icon-tick-white"></span><span class="visually-hidden">Filter by</span><span class="filter-label--line--inline">Flower &amp; White</span><span class="filter-label--line--inline">&nbsp;(2)</span></a></label></div></li><li class="filter-option__container" id="Fruit Factory" data-auto="filter-option" data-auto-selected="false"><div class="checkbox" data-auto="checkbox"><input id="filter-option--Fruit-Factory-5037200" name="filter-option--Fruit-Factory-5037200" type="checkbox"><label class="checkbox-label" for="filter-option--Fruit-Factory-5037200" title="Fruit Factory"><a class="filter-option--link" href="https://www.tesco.com/groceries/en-GB/shop/food-cupboard/all?brand=Fruit%20Factory&amp;viewAll=brand"><span class="checkbox-square checkbox-square-linked"></span><span class="checkbox-check icon-tick-white"></span><span class="visually-hidden">Filter by</span><span class="filter-label--line--inline">Fruit Factory</span><span class="filter-label--line--inline">&nbsp;(2)</span></a></label></div></li><li class="filter-option__container" id="Gallo" data-auto="filter-option" data-auto-selected="false"><div class="checkbox" data-auto="checkbox"><input id="filter-option--Gallo-9471280" name="filter-option--Gallo-9471280" type="checkbox"><label class="checkbox-label" for="filter-option--Gallo-9471280" title="Gallo"><a class="filter-option--link" href="https://www.tesco.com/groceries/en-GB/shop/food-cupboard/all?brand=Gallo&amp;viewAll=brand"><span class="checkbox-square checkbox-square-linked"></span><span class="checkbox-check icon-tick-white"></span><span class="visually-hidden">Filter by</span><span class="filter-label--line--inline">Gallo</span><span class="filter-label--line--inline">&nbsp;(2)</span></a></label></div></li><li class="filter-option__container" id="Geetas" data-auto="filter-option" data-auto-selected="false"><div class="checkbox" data-auto="checkbox"><input id="filter-option--Geetas-9266872" name="filter-option--Geetas-9266872" type="checkbox"><label class="checkbox-label" for="filter-option--Geetas-9266872" title="Geetas"><a class="filter-option--link" href="https://www.tesco.com/groceries/en-GB/shop/food-cupboard/all?brand=Geetas&amp;viewAll=brand"><span class="checkbox-square checkbox-square-linked"></span><span class="checkbox-check icon-tick-white"></span><span class="visually-hidden">Filter by</span><span class="filter-label--line--inline">Geetas</span><span class="filter-label--line--inline">&nbsp;(2)</span></a></label></div></li><li class="filter-option__container" id="Glenryck" data-auto="filter-option" data-auto-selected="false"><div class="checkbox" data-auto="checkbox"><input id="filter-option--Glenryck-3708550" name="filter-option--Glenryck-3708550" type="checkbox"><label class="checkbox-label" for="filter-option--Glenryck-3708550" title="Glenryck"><a class="filter-option--link" href="https://www.tesco.com/groceries/en-GB/shop/food-cupboard/all?brand=Glenryck&amp;viewAll=brand"><span class="checkbox-square checkbox-square-linked"></span><span class="checkbox-check icon-tick-white"></span><span class="visually-hidden">Filter by</span><span class="filter-label--line--inline">Glenryck</span><span class="filter-label--line--inline">&nbsp;(2)</span></a></label></div></li><li class="filter-option__container" id="Goldfish" data-auto="filter-option" data-auto-selected="false"><div class="checkbox" data-auto="checkbox"><input id="filter-option--Goldfish-1207678" name="filter-option--Goldfish-1207678" type="checkbox"><label class="checkbox-label" for="filter-option--Goldfish-1207678" title="Goldfish"><a class="filter-option--link" href="https://www.tesco.com/groceries/en-GB/shop/food-cupboard/all?brand=Goldfish&amp;viewAll=brand"><span class="checkbox-square checkbox-square-linked"></span><span class="checkbox-check icon-tick-white"></span><span class="visually-hidden">Filter by</span><span class="filter-label--line--inline">Goldfish</span><span class="filter-label--line--inline">&nbsp;(2)</span></a></label></div></li><li class="filter-option__container" id="Goplana" data-auto="filter-option" data-auto-selected="false"><div class="checkbox" data-auto="checkbox"><input id="filter-option--Goplana-7363887" name="filter-option--Goplana-7363887" type="checkbox"><label class="checkbox-label" for="filter-option--Goplana-7363887" title="Goplana"><a class="filter-option--link" href="https://www.tesco.com/groceries/en-GB/shop/food-cupboard/all?brand=Goplana&amp;viewAll=brand"><span class="checkbox-square checkbox-square-linked"></span><span class="checkbox-check icon-tick-white"></span><span class="visually-hidden">Filter by</span><span class="filter-label--line--inline">Goplana</span><span class="filter-label--line--inline">&nbsp;(2)</span></a></label></div></li><li class="filter-option__container" id="Gosh" data-auto="filter-option" data-auto-selected="false"><div class="checkbox" data-auto="checkbox"><input id="filter-option--Gosh-5181697" name="filter-option--Gosh-5181697" type="checkbox"><label class="checkbox-label" for="filter-option--Gosh-5181697" title="Gosh"><a class="filter-option--link" href="https://www.tesco.com/groceries/en-GB/shop/food-cupboard/all?brand=Gosh&amp;viewAll=brand"><span class="checkbox-square checkbox-square-linked"></span><span class="checkbox-check icon-tick-white"></span><span class="visually-hidden">Filter by</span><span class="filter-label--line--inline">Gosh</span><span class="filter-label--line--inline">&nbsp;(2)</span></a></label></div></li><li class="filter-option__container" id="Graal" data-auto="filter-option" data-auto-selected="false"><div class="checkbox" data-auto="checkbox"><input id="filter-option--Graal-6983753" name="filter-option--Graal-6983753" type="checkbox"><label class="checkbox-label" for="filter-option--Graal-6983753" title="Graal"><a class="filter-option--link" href="https://www.tesco.com/groceries/en-GB/shop/food-cupboard/all?brand=Graal&amp;viewAll=brand"><span class="checkbox-square checkbox-square-linked"></span><span class="checkbox-check icon-tick-white"></span><span class="visually-hidden">Filter by</span><span class="filter-label--line--inline">Graal</span><span class="filter-label--line--inline">&nbsp;(2)</span></a></label></div></li><li class="filter-option__container" id="Great Food" data-auto="filter-option" data-auto-selected="false"><div class="checkbox" data-auto="checkbox"><input id="filter-option--Great-Food-3033366" name="filter-option--Great-Food-3033366" type="checkbox"><label class="checkbox-label" for="filter-option--Great-Food-3033366" title="Great Food"><a class="filter-option--link" href="https://www.tesco.com/groceries/en-GB/shop/food-cupboard/all?brand=Great%20Food&amp;viewAll=brand"><span class="checkbox-square checkbox-square-linked"></span><span class="checkbox-check icon-tick-white"></span><span class="visually-hidden">Filter by</span><span class="filter-label--line--inline">Great Food</span><span class="filter-label--line--inline">&nbsp;(2)</span></a></label></div></li><li class="filter-option__container" id="Green &amp; Blacks" data-auto="filter-option" data-auto-selected="false"><div class="checkbox" data-auto="checkbox"><input id="filter-option--Green-Blacks-4969946" name="filter-option--Green-Blacks-4969946" type="checkbox"><label class="checkbox-label" for="filter-option--Green-Blacks-4969946" title="Green &amp; Blacks"><a class="filter-option--link" href="https://www.tesco.com/groceries/en-GB/shop/food-cupboard/all?brand=Green%20%26%20Blacks&amp;viewAll=brand"><span class="checkbox-square checkbox-square-linked"></span><span class="checkbox-check icon-tick-white"></span><span class="visually-hidden">Filter by</span><span class="filter-label--line--inline">Green &amp; Blacks</span><span class="filter-label--line--inline">&nbsp;(2)</span></a></label></div></li><li class="filter-option__container" id="Groovy" data-auto="filter-option" data-auto-selected="false"><div class="checkbox" data-auto="checkbox"><input id="filter-option--Groovy-8132138" name="filter-option--Groovy-8132138" type="checkbox"><label class="checkbox-label" for="filter-option--Groovy-8132138" title="Groovy"><a class="filter-option--link" href="https://www.tesco.com/groceries/en-GB/shop/food-cupboard/all?brand=Groovy&amp;viewAll=brand"><span class="checkbox-square checkbox-square-linked"></span><span class="checkbox-check icon-tick-white"></span><span class="visually-hidden">Filter by</span><span class="filter-label--line--inline">Groovy</span><span class="filter-label--line--inline">&nbsp;(2)</span></a></label></div></li><li class="filter-option__container" id="Gummi Zone" data-auto="filter-option" data-auto-selected="false"><div class="checkbox" data-auto="checkbox"><input id="filter-option--Gummi-Zone-1146359" name="filter-option--Gummi-Zone-1146359" type="checkbox"><label class="checkbox-label" for="filter-option--Gummi-Zone-1146359" title="Gummi Zone"><a class="filter-option--link" href="https://www.tesco.com/groceries/en-GB/shop/food-cupboard/all?brand=Gummi%20Zone&amp;viewAll=brand"><span class="checkbox-square checkbox-square-linked"></span><span class="checkbox-check icon-tick-white"></span><span class="visually-hidden">Filter by</span><span class="filter-label--line--inline">Gummi Zone</span><span class="filter-label--line--inline">&nbsp;(2)</span></a></label></div></li><li class="filter-option__container" id="Hansells" data-auto="filter-option" data-auto-selected="false"><div class="checkbox" data-auto="checkbox"><input id="filter-option--Hansells-7214894" name="filter-option--Hansells-7214894" type="checkbox"><label class="checkbox-label" for="filter-option--Hansells-7214894" title="Hansells"><a class="filter-option--link" href="https://www.tesco.com/groceries/en-GB/shop/food-cupboard/all?brand=Hansells&amp;viewAll=brand"><span class="checkbox-square checkbox-square-linked"></span><span class="checkbox-check icon-tick-white"></span><span class="visually-hidden">Filter by</span><span class="filter-label--line--inline">Hansells</span><span class="filter-label--line--inline">&nbsp;(2)</span></a></label></div></li><li class="filter-option__container" id="Hartley&#39;s" data-auto="filter-option" data-auto-selected="false"><div class="checkbox" data-auto="checkbox"><input id="filter-option--Hartley&#39;s-5129247" name="filter-option--Hartley&#39;s-5129247" type="checkbox"><label class="checkbox-label" for="filter-option--Hartley&#39;s-5129247" title="Hartley&#39;s"><a class="filter-option--link" href="https://www.tesco.com/groceries/en-GB/shop/food-cupboard/all?brand=Hartley%27s&amp;viewAll=brand"><span class="checkbox-square checkbox-square-linked"></span><span class="checkbox-check icon-tick-white"></span><span class="visually-hidden">Filter by</span><span class="filter-label--line--inline">Hartley's</span><span class="filter-label--line--inline">&nbsp;(2)</span></a></label></div></li><li class="filter-option__container" id="Heineken" data-auto="filter-option" data-auto-selected="false"><div class="checkbox" data-auto="checkbox"><input id="filter-option--Heineken-9990744" name="filter-option--Heineken-9990744" type="checkbox"><label class="checkbox-label" for="filter-option--Heineken-9990744" title="Heineken"><a class="filter-option--link" href="https://www.tesco.com/groceries/en-GB/shop/food-cupboard/all?brand=Heineken&amp;viewAll=brand"><span class="checkbox-square checkbox-square-linked"></span><span class="checkbox-check icon-tick-white"></span><span class="visually-hidden">Filter by</span><span class="filter-label--line--inline">Heineken</span><span class="filter-label--line--inline">&nbsp;(2)</span></a></label></div></li><li class="filter-option__container" id="Hermesetas" data-auto="filter-option" data-auto-selected="false"><div class="checkbox" data-auto="checkbox"><input id="filter-option--Hermesetas-6891477" name="filter-option--Hermesetas-6891477" type="checkbox"><label class="checkbox-label" for="filter-option--Hermesetas-6891477" title="Hermesetas"><a class="filter-option--link" href="https://www.tesco.com/groceries/en-GB/shop/food-cupboard/all?brand=Hermesetas&amp;viewAll=brand"><span class="checkbox-square checkbox-square-linked"></span><span class="checkbox-check icon-tick-white"></span><span class="visually-hidden">Filter by</span><span class="filter-label--line--inline">Hermesetas</span><span class="filter-label--line--inline">&nbsp;(2)</span></a></label></div></li><li class="filter-option__container" id="Hobnobs" data-auto="filter-option" data-auto-selected="false"><div class="checkbox" data-auto="checkbox"><input id="filter-option--Hobnobs-3348704" name="filter-option--Hobnobs-3348704" type="checkbox"><label class="checkbox-label" for="filter-option--Hobnobs-3348704" title="Hobnobs"><a class="filter-option--link" href="https://www.tesco.com/groceries/en-GB/shop/food-cupboard/all?brand=Hobnobs&amp;viewAll=brand"><span class="checkbox-square checkbox-square-linked"></span><span class="checkbox-check icon-tick-white"></span><span class="visually-hidden">Filter by</span><span class="filter-label--line--inline">Hobnobs</span><span class="filter-label--line--inline">&nbsp;(2)</span></a></label></div></li><li class="filter-option__container" id="Holly&#39;s Food Emp" data-auto="filter-option" data-auto-selected="false"><div class="checkbox" data-auto="checkbox"><input id="filter-option--Holly&#39;s-Food-Emp-7335672" name="filter-option--Holly&#39;s-Food-Emp-7335672" type="checkbox"><label class="checkbox-label" for="filter-option--Holly&#39;s-Food-Emp-7335672" title="Holly&#39;s Food Emp"><a class="filter-option--link" href="https://www.tesco.com/groceries/en-GB/shop/food-cupboard/all?brand=Holly%27s%20Food%20Emp&amp;viewAll=brand"><span class="checkbox-square checkbox-square-linked"></span><span class="checkbox-check icon-tick-white"></span><span class="visually-hidden">Filter by</span><span class="filter-label--line--block">Holly's Food</span><span class="filter-label--line--inline filter-label--line--truncate">Emp</span><span class="filter-label--line--inline">&nbsp;(2)</span></a></label></div></li><li class="filter-option__container" id="Idahoan" data-auto="filter-option" data-auto-selected="false"><div class="checkbox" data-auto="checkbox"><input id="filter-option--Idahoan-957091" name="filter-option--Idahoan-957091" type="checkbox"><label class="checkbox-label" for="filter-option--Idahoan-957091" title="Idahoan"><a class="filter-option--link" href="https://www.tesco.com/groceries/en-GB/shop/food-cupboard/all?brand=Idahoan&amp;viewAll=brand"><span class="checkbox-square checkbox-square-linked"></span><span class="checkbox-check icon-tick-white"></span><span class="visually-hidden">Filter by</span><span class="filter-label--line--inline">Idahoan</span><span class="filter-label--line--inline">&nbsp;(2)</span></a></label></div></li><li class="filter-option__container" id="Island Pride" data-auto="filter-option" data-auto-selected="false"><div class="checkbox" data-auto="checkbox"><input id="filter-option--Island-Pride-4001208" name="filter-option--Island-Pride-4001208" type="checkbox"><label class="checkbox-label" for="filter-option--Island-Pride-4001208" title="Island Pride"><a class="filter-option--link" href="https://www.tesco.com/groceries/en-GB/shop/food-cupboard/all?brand=Island%20Pride&amp;viewAll=brand"><span class="checkbox-square checkbox-square-linked"></span><span class="checkbox-check icon-tick-white"></span><span class="visually-hidden">Filter by</span><span class="filter-label--line--inline">Island Pride</span><span class="filter-label--line--inline">&nbsp;(2)</span></a></label></div></li><li class="filter-option__container" id="Jack Daniels" data-auto="filter-option" data-auto-selected="false"><div class="checkbox" data-auto="checkbox"><input id="filter-option--Jack-Daniels-2563535" name="filter-option--Jack-Daniels-2563535" type="checkbox"><label class="checkbox-label" for="filter-option--Jack-Daniels-2563535" title="Jack Daniels"><a class="filter-option--link" href="https://www.tesco.com/groceries/en-GB/shop/food-cupboard/all?brand=Jack%20Daniels&amp;viewAll=brand"><span class="checkbox-square checkbox-square-linked"></span><span class="checkbox-check icon-tick-white"></span><span class="visually-hidden">Filter by</span><span class="filter-label--line--inline">Jack Daniels</span><span class="filter-label--line--inline">&nbsp;(2)</span></a></label></div></li><li class="filter-option__container" id="Jammie Dodgers" data-auto="filter-option" data-auto-selected="false"><div class="checkbox" data-auto="checkbox"><input id="filter-option--Jammie-Dodgers-4529752" name="filter-option--Jammie-Dodgers-4529752" type="checkbox"><label class="checkbox-label" for="filter-option--Jammie-Dodgers-4529752" title="Jammie Dodgers"><a class="filter-option--link" href="https://www.tesco.com/groceries/en-GB/shop/food-cupboard/all?brand=Jammie%20Dodgers&amp;viewAll=brand"><span class="checkbox-square checkbox-square-linked"></span><span class="checkbox-check icon-tick-white"></span><span class="visually-hidden">Filter by</span><span class="filter-label--line--inline">Jammie Dodgers</span><span class="filter-label--line--inline">&nbsp;(2)</span></a></label></div></li><li class="filter-option__container" id="Jimjams" data-auto="filter-option" data-auto-selected="false"><div class="checkbox" data-auto="checkbox"><input id="filter-option--Jimjams-8789068" name="filter-option--Jimjams-8789068" type="checkbox"><label class="checkbox-label" for="filter-option--Jimjams-8789068" title="Jimjams"><a class="filter-option--link" href="https://www.tesco.com/groceries/en-GB/shop/food-cupboard/all?brand=Jimjams&amp;viewAll=brand"><span class="checkbox-square checkbox-square-linked"></span><span class="checkbox-check icon-tick-white"></span><span class="visually-hidden">Filter by</span><span class="filter-label--line--inline">Jimjams</span><span class="filter-label--line--inline">&nbsp;(2)</span></a></label></div></li><li class="filter-option__container" id="Kiddylicious" data-auto="filter-option" data-auto-selected="false"><div class="checkbox" data-auto="checkbox"><input id="filter-option--Kiddylicious-9262380" name="filter-option--Kiddylicious-9262380" type="checkbox"><label class="checkbox-label" for="filter-option--Kiddylicious-9262380" title="Kiddylicious"><a class="filter-option--link" href="https://www.tesco.com/groceries/en-GB/shop/food-cupboard/all?brand=Kiddylicious&amp;viewAll=brand"><span class="checkbox-square checkbox-square-linked"></span><span class="checkbox-check icon-tick-white"></span><span class="visually-hidden">Filter by</span><span class="filter-label--line--inline">Kiddylicious</span><span class="filter-label--line--inline">&nbsp;(2)</span></a></label></div></li><li class="filter-option__container" id="Kingsland Wines" data-auto="filter-option" data-auto-selected="false"><div class="checkbox" data-auto="checkbox"><input id="filter-option--Kingsland-Wines-7148111" name="filter-option--Kingsland-Wines-7148111" type="checkbox"><label class="checkbox-label" for="filter-option--Kingsland-Wines-7148111" title="Kingsland Wines"><a class="filter-option--link" href="https://www.tesco.com/groceries/en-GB/shop/food-cupboard/all?brand=Kingsland%20Wines&amp;viewAll=brand"><span class="checkbox-square checkbox-square-linked"></span><span class="checkbox-check icon-tick-white"></span><span class="visually-hidden">Filter by</span><span class="filter-label--line--block">Kingsland</span><span class="filter-label--line--inline filter-label--line--truncate">Wines</span><span class="filter-label--line--inline">&nbsp;(2)</span></a></label></div></li><li class="filter-option__container" id="Koko" data-auto="filter-option" data-auto-selected="false"><div class="checkbox" data-auto="checkbox"><input id="filter-option--Koko-3997085" name="filter-option--Koko-3997085" type="checkbox"><label class="checkbox-label" for="filter-option--Koko-3997085" title="Koko"><a class="filter-option--link" href="https://www.tesco.com/groceries/en-GB/shop/food-cupboard/all?brand=Koko&amp;viewAll=brand"><span class="checkbox-square checkbox-square-linked"></span><span class="checkbox-check icon-tick-white"></span><span class="visually-hidden">Filter by</span><span class="filter-label--line--inline">Koko</span><span class="filter-label--line--inline">&nbsp;(2)</span></a></label></div></li><li class="filter-option__container" id="Kulfi Ice" data-auto="filter-option" data-auto-selected="false"><div class="checkbox" data-auto="checkbox"><input id="filter-option--Kulfi-Ice-6422868" name="filter-option--Kulfi-Ice-6422868" type="checkbox"><label class="checkbox-label" for="filter-option--Kulfi-Ice-6422868" title="Kulfi Ice"><a class="filter-option--link" href="https://www.tesco.com/groceries/en-GB/shop/food-cupboard/all?brand=Kulfi%20Ice&amp;viewAll=brand"><span class="checkbox-square checkbox-square-linked"></span><span class="checkbox-check icon-tick-white"></span><span class="visually-hidden">Filter by</span><span class="filter-label--line--inline">Kulfi Ice</span><span class="filter-label--line--inline">&nbsp;(2)</span></a></label></div></li><li class="filter-option__container" id="La Espanola" data-auto="filter-option" data-auto-selected="false"><div class="checkbox" data-auto="checkbox"><input id="filter-option--La-Espanola-8721076" name="filter-option--La-Espanola-8721076" type="checkbox"><label class="checkbox-label" for="filter-option--La-Espanola-8721076" title="La Espanola"><a class="filter-option--link" href="https://www.tesco.com/groceries/en-GB/shop/food-cupboard/all?brand=La%20Espanola&amp;viewAll=brand"><span class="checkbox-square checkbox-square-linked"></span><span class="checkbox-check icon-tick-white"></span><span class="visually-hidden">Filter by</span><span class="filter-label--line--inline">La Espanola</span><span class="filter-label--line--inline">&nbsp;(2)</span></a></label></div></li><li class="filter-option__container" id="La Vieja Fabrica" data-auto="filter-option" data-auto-selected="false"><div class="checkbox" data-auto="checkbox"><input id="filter-option--La-Vieja-Fabrica-5211080" name="filter-option--La-Vieja-Fabrica-5211080" type="checkbox"><label class="checkbox-label" for="filter-option--La-Vieja-Fabrica-5211080" title="La Vieja Fabrica"><a class="filter-option--link" href="https://www.tesco.com/groceries/en-GB/shop/food-cupboard/all?brand=La%20Vieja%20Fabrica&amp;viewAll=brand"><span class="checkbox-square checkbox-square-linked"></span><span class="checkbox-check icon-tick-white"></span><span class="visually-hidden">Filter by</span><span class="filter-label--line--block">La Vieja</span><span class="filter-label--line--inline filter-label--line--truncate">Fabrica</span><span class="filter-label--line--inline">&nbsp;(2)</span></a></label></div></li><li class="filter-option__container" id="Laciate" data-auto="filter-option" data-auto-selected="false"><div class="checkbox" data-auto="checkbox"><input id="filter-option--Laciate-2556968" name="filter-option--Laciate-2556968" type="checkbox"><label class="checkbox-label" for="filter-option--Laciate-2556968" title="Laciate"><a class="filter-option--link" href="https://www.tesco.com/groceries/en-GB/shop/food-cupboard/all?brand=Laciate&amp;viewAll=brand"><span class="checkbox-square checkbox-square-linked"></span><span class="checkbox-check icon-tick-white"></span><span class="visually-hidden">Filter by</span><span class="filter-label--line--inline">Laciate</span><span class="filter-label--line--inline">&nbsp;(2)</span></a></label></div></li><li class="filter-option__container" id="Lancashire" data-auto="filter-option" data-auto-selected="false"><div class="checkbox" data-auto="checkbox"><input id="filter-option--Lancashire-8899965" name="filter-option--Lancashire-8899965" type="checkbox"><label class="checkbox-label" for="filter-option--Lancashire-8899965" title="Lancashire"><a class="filter-option--link" href="https://www.tesco.com/groceries/en-GB/shop/food-cupboard/all?brand=Lancashire&amp;viewAll=brand"><span class="checkbox-square checkbox-square-linked"></span><span class="checkbox-check icon-tick-white"></span><span class="visually-hidden">Filter by</span><span class="filter-label--line--inline">Lancashire</span><span class="filter-label--line--inline">&nbsp;(2)</span></a></label></div></li><li class="filter-option__container" id="Lea &amp; Perrins" data-auto="filter-option" data-auto-selected="false"><div class="checkbox" data-auto="checkbox"><input id="filter-option--Lea-Perrins-5302416" name="filter-option--Lea-Perrins-5302416" type="checkbox"><label class="checkbox-label" for="filter-option--Lea-Perrins-5302416" title="Lea &amp; Perrins"><a class="filter-option--link" href="https://www.tesco.com/groceries/en-GB/shop/food-cupboard/all?brand=Lea%20%26%20Perrins&amp;viewAll=brand"><span class="checkbox-square checkbox-square-linked"></span><span class="checkbox-check icon-tick-white"></span><span class="visually-hidden">Filter by</span><span class="filter-label--line--inline">Lea &amp; Perrins</span><span class="filter-label--line--inline">&nbsp;(2)</span></a></label></div></li><li class="filter-option__container" id="Lindor" data-auto="filter-option" data-auto-selected="false"><div class="checkbox" data-auto="checkbox"><input id="filter-option--Lindor-5645255" name="filter-option--Lindor-5645255" type="checkbox"><label class="checkbox-label" for="filter-option--Lindor-5645255" title="Lindor"><a class="filter-option--link" href="https://www.tesco.com/groceries/en-GB/shop/food-cupboard/all?brand=Lindor&amp;viewAll=brand"><span class="checkbox-square checkbox-square-linked"></span><span class="checkbox-check icon-tick-white"></span><span class="visually-hidden">Filter by</span><span class="filter-label--line--inline">Lindor</span><span class="filter-label--line--inline">&nbsp;(2)</span></a></label></div></li><li class="filter-option__container" id="Local Jude&#39;s Ice" data-auto="filter-option" data-auto-selected="false"><div class="checkbox" data-auto="checkbox"><input id="filter-option--Local-Jude&#39;s-Ice-9709709" name="filter-option--Local-Jude&#39;s-Ice-9709709" type="checkbox"><label class="checkbox-label" for="filter-option--Local-Jude&#39;s-Ice-9709709" title="Local Jude&#39;s Ice"><a class="filter-option--link" href="https://www.tesco.com/groceries/en-GB/shop/food-cupboard/all?brand=Local%20Jude%27s%20Ice&amp;viewAll=brand"><span class="checkbox-square checkbox-square-linked"></span><span class="checkbox-check icon-tick-white"></span><span class="visually-hidden">Filter by</span><span class="filter-label--line--block">Local Jude's</span><span class="filter-label--line--inline filter-label--line--truncate">Ice</span><span class="filter-label--line--inline">&nbsp;(2)</span></a></label></div></li><li class="filter-option__container" id="Love Raw" data-auto="filter-option" data-auto-selected="false"><div class="checkbox" data-auto="checkbox"><input id="filter-option--Love-Raw-5610248" name="filter-option--Love-Raw-5610248" type="checkbox"><label class="checkbox-label" for="filter-option--Love-Raw-5610248" title="Love Raw"><a class="filter-option--link" href="https://www.tesco.com/groceries/en-GB/shop/food-cupboard/all?brand=Love%20Raw&amp;viewAll=brand"><span class="checkbox-square checkbox-square-linked"></span><span class="checkbox-check icon-tick-white"></span><span class="visually-hidden">Filter by</span><span class="filter-label--line--inline">Love Raw</span><span class="filter-label--line--inline">&nbsp;(2)</span></a></label></div></li><li class="filter-option__container" id="Lyle&#39;s" data-auto="filter-option" data-auto-selected="false"><div class="checkbox" data-auto="checkbox"><input id="filter-option--Lyle&#39;s-1849233" name="filter-option--Lyle&#39;s-1849233" type="checkbox"><label class="checkbox-label" for="filter-option--Lyle&#39;s-1849233" title="Lyle&#39;s"><a class="filter-option--link" href="https://www.tesco.com/groceries/en-GB/shop/food-cupboard/all?brand=Lyle%27s&amp;viewAll=brand"><span class="checkbox-square checkbox-square-linked"></span><span class="checkbox-check icon-tick-white"></span><span class="visually-hidden">Filter by</span><span class="filter-label--line--inline">Lyle's</span><span class="filter-label--line--inline">&nbsp;(2)</span></a></label></div></li><li class="filter-option__container" id="Maoam" data-auto="filter-option" data-auto-selected="false"><div class="checkbox" data-auto="checkbox"><input id="filter-option--Maoam-4187290" name="filter-option--Maoam-4187290" type="checkbox"><label class="checkbox-label" for="filter-option--Maoam-4187290" title="Maoam"><a class="filter-option--link" href="https://www.tesco.com/groceries/en-GB/shop/food-cupboard/all?brand=Maoam&amp;viewAll=brand"><span class="checkbox-square checkbox-square-linked"></span><span class="checkbox-check icon-tick-white"></span><span class="visually-hidden">Filter by</span><span class="filter-label--line--inline">Maoam</span><span class="filter-label--line--inline">&nbsp;(2)</span></a></label></div></li><li class="filter-option__container" id="Mara Seaweed" data-auto="filter-option" data-auto-selected="false"><div class="checkbox" data-auto="checkbox"><input id="filter-option--Mara-Seaweed-9028488" name="filter-option--Mara-Seaweed-9028488" type="checkbox"><label class="checkbox-label" for="filter-option--Mara-Seaweed-9028488" title="Mara Seaweed"><a class="filter-option--link" href="https://www.tesco.com/groceries/en-GB/shop/food-cupboard/all?brand=Mara%20Seaweed&amp;viewAll=brand"><span class="checkbox-square checkbox-square-linked"></span><span class="checkbox-check icon-tick-white"></span><span class="visually-hidden">Filter by</span><span class="filter-label--line--inline">Mara Seaweed</span><span class="filter-label--line--inline">&nbsp;(2)</span></a></label></div></li><li class="filter-option__container" id="Marigold" data-auto="filter-option" data-auto-selected="false"><div class="checkbox" data-auto="checkbox"><input id="filter-option--Marigold-691593" name="filter-option--Marigold-691593" type="checkbox"><label class="checkbox-label" for="filter-option--Marigold-691593" title="Marigold"><a class="filter-option--link" href="https://www.tesco.com/groceries/en-GB/shop/food-cupboard/all?brand=Marigold&amp;viewAll=brand"><span class="checkbox-square checkbox-square-linked"></span><span class="checkbox-check icon-tick-white"></span><span class="visually-hidden">Filter by</span><span class="filter-label--line--inline">Marigold</span><span class="filter-label--line--inline">&nbsp;(2)</span></a></label></div></li><li class="filter-option__container" id="Market Fresh" data-auto="filter-option" data-auto-selected="false"><div class="checkbox" data-auto="checkbox"><input id="filter-option--Market-Fresh-655159" name="filter-option--Market-Fresh-655159" type="checkbox"><label class="checkbox-label" for="filter-option--Market-Fresh-655159" title="Market Fresh"><a class="filter-option--link" href="https://www.tesco.com/groceries/en-GB/shop/food-cupboard/all?brand=Market%20Fresh&amp;viewAll=brand"><span class="checkbox-square checkbox-square-linked"></span><span class="checkbox-check icon-tick-white"></span><span class="visually-hidden">Filter by</span><span class="filter-label--line--inline">Market Fresh</span><span class="filter-label--line--inline">&nbsp;(2)</span></a></label></div></li><li class="filter-option__container" id="Maximuscle" data-auto="filter-option" data-auto-selected="false"><div class="checkbox" data-auto="checkbox"><input id="filter-option--Maximuscle-5528167" name="filter-option--Maximuscle-5528167" type="checkbox"><label class="checkbox-label" for="filter-option--Maximuscle-5528167" title="Maximuscle"><a class="filter-option--link" href="https://www.tesco.com/groceries/en-GB/shop/food-cupboard/all?brand=Maximuscle&amp;viewAll=brand"><span class="checkbox-square checkbox-square-linked"></span><span class="checkbox-check icon-tick-white"></span><span class="visually-hidden">Filter by</span><span class="filter-label--line--inline">Maximuscle</span><span class="filter-label--line--inline">&nbsp;(2)</span></a></label></div></li><li class="filter-option__container" id="Mazola" data-auto="filter-option" data-auto-selected="false"><div class="checkbox" data-auto="checkbox"><input id="filter-option--Mazola-9864836" name="filter-option--Mazola-9864836" type="checkbox"><label class="checkbox-label" for="filter-option--Mazola-9864836" title="Mazola"><a class="filter-option--link" href="https://www.tesco.com/groceries/en-GB/shop/food-cupboard/all?brand=Mazola&amp;viewAll=brand"><span class="checkbox-square checkbox-square-linked"></span><span class="checkbox-check icon-tick-white"></span><span class="visually-hidden">Filter by</span><span class="filter-label--line--inline">Mazola</span><span class="filter-label--line--inline">&nbsp;(2)</span></a></label></div></li><li class="filter-option__container" id="Mcdougalls" data-auto="filter-option" data-auto-selected="false"><div class="checkbox" data-auto="checkbox"><input id="filter-option--Mcdougalls-4485874" name="filter-option--Mcdougalls-4485874" type="checkbox"><label class="checkbox-label" for="filter-option--Mcdougalls-4485874" title="Mcdougalls"><a class="filter-option--link" href="https://www.tesco.com/groceries/en-GB/shop/food-cupboard/all?brand=Mcdougalls&amp;viewAll=brand"><span class="checkbox-square checkbox-square-linked"></span><span class="checkbox-check icon-tick-white"></span><span class="visually-hidden">Filter by</span><span class="filter-label--line--inline">Mcdougalls</span><span class="filter-label--line--inline">&nbsp;(2)</span></a></label></div></li><li class="filter-option__container" id="Meiji" data-auto="filter-option" data-auto-selected="false"><div class="checkbox" data-auto="checkbox"><input id="filter-option--Meiji-3207596" name="filter-option--Meiji-3207596" type="checkbox"><label class="checkbox-label" for="filter-option--Meiji-3207596" title="Meiji"><a class="filter-option--link" href="https://www.tesco.com/groceries/en-GB/shop/food-cupboard/all?brand=Meiji&amp;viewAll=brand"><span class="checkbox-square checkbox-square-linked"></span><span class="checkbox-check icon-tick-white"></span><span class="visually-hidden">Filter by</span><span class="filter-label--line--inline">Meiji</span><span class="filter-label--line--inline">&nbsp;(2)</span></a></label></div></li><li class="filter-option__container" id="Mieszko" data-auto="filter-option" data-auto-selected="false"><div class="checkbox" data-auto="checkbox"><input id="filter-option--Mieszko-2532378" name="filter-option--Mieszko-2532378" type="checkbox"><label class="checkbox-label" for="filter-option--Mieszko-2532378" title="Mieszko"><a class="filter-option--link" href="https://www.tesco.com/groceries/en-GB/shop/food-cupboard/all?brand=Mieszko&amp;viewAll=brand"><span class="checkbox-square checkbox-square-linked"></span><span class="checkbox-check icon-tick-white"></span><span class="visually-hidden">Filter by</span><span class="filter-label--line--inline">Mieszko</span><span class="filter-label--line--inline">&nbsp;(2)</span></a></label></div></li><li class="filter-option__container" id="Milky Way" data-auto="filter-option" data-auto-selected="false"><div class="checkbox" data-auto="checkbox"><input id="filter-option--Milky-Way-2446503" name="filter-option--Milky-Way-2446503" type="checkbox"><label class="checkbox-label" for="filter-option--Milky-Way-2446503" title="Milky Way"><a class="filter-option--link" href="https://www.tesco.com/groceries/en-GB/shop/food-cupboard/all?brand=Milky%20Way&amp;viewAll=brand"><span class="checkbox-square checkbox-square-linked"></span><span class="checkbox-check icon-tick-white"></span><span class="visually-hidden">Filter by</span><span class="filter-label--line--inline">Milky Way</span><span class="filter-label--line--inline">&nbsp;(2)</span></a></label></div></li><li class="filter-option__container" id="Mister Free&#39;d" data-auto="filter-option" data-auto-selected="false"><div class="checkbox" data-auto="checkbox"><input id="filter-option--Mister-Free&#39;d-8678809" name="filter-option--Mister-Free&#39;d-8678809" type="checkbox"><label class="checkbox-label" for="filter-option--Mister-Free&#39;d-8678809" title="Mister Free&#39;d"><a class="filter-option--link" href="https://www.tesco.com/groceries/en-GB/shop/food-cupboard/all?brand=Mister%20Free%27d&amp;viewAll=brand"><span class="checkbox-square checkbox-square-linked"></span><span class="checkbox-check icon-tick-white"></span><span class="visually-hidden">Filter by</span><span class="filter-label--line--inline">Mister Free'd</span><span class="filter-label--line--inline">&nbsp;(2)</span></a></label></div></li><li class="filter-option__container" id="Mr Freeds" data-auto="filter-option" data-auto-selected="false"><div class="checkbox" data-auto="checkbox"><input id="filter-option--Mr-Freeds-1548592" name="filter-option--Mr-Freeds-1548592" type="checkbox"><label class="checkbox-label" for="filter-option--Mr-Freeds-1548592" title="Mr Freeds"><a class="filter-option--link" href="https://www.tesco.com/groceries/en-GB/shop/food-cupboard/all?brand=Mr%20Freeds&amp;viewAll=brand"><span class="checkbox-square checkbox-square-linked"></span><span class="checkbox-check icon-tick-white"></span><span class="visually-hidden">Filter by</span><span class="filter-label--line--inline">Mr Freeds</span><span class="filter-label--line--inline">&nbsp;(2)</span></a></label></div></li><li class="filter-option__container" id="Mr Freeze" data-auto="filter-option" data-auto-selected="false"><div class="checkbox" data-auto="checkbox"><input id="filter-option--Mr-Freeze-1004625" name="filter-option--Mr-Freeze-1004625" type="checkbox"><label class="checkbox-label" for="filter-option--Mr-Freeze-1004625" title="Mr Freeze"><a class="filter-option--link" href="https://www.tesco.com/groceries/en-GB/shop/food-cupboard/all?brand=Mr%20Freeze&amp;viewAll=brand"><span class="checkbox-square checkbox-square-linked"></span><span class="checkbox-check icon-tick-white"></span><span class="visually-hidden">Filter by</span><span class="filter-label--line--inline">Mr Freeze</span><span class="filter-label--line--inline">&nbsp;(2)</span></a></label></div></li><li class="filter-option__container" id="Mr Porky" data-auto="filter-option" data-auto-selected="false"><div class="checkbox" data-auto="checkbox"><input id="filter-option--Mr-Porky-666477" name="filter-option--Mr-Porky-666477" type="checkbox"><label class="checkbox-label" for="filter-option--Mr-Porky-666477" title="Mr Porky"><a class="filter-option--link" href="https://www.tesco.com/groceries/en-GB/shop/food-cupboard/all?brand=Mr%20Porky&amp;viewAll=brand"><span class="checkbox-square checkbox-square-linked"></span><span class="checkbox-check icon-tick-white"></span><span class="visually-hidden">Filter by</span><span class="filter-label--line--inline">Mr Porky</span><span class="filter-label--line--inline">&nbsp;(2)</span></a></label></div></li><li class="filter-option__container" id="Naked" data-auto="filter-option" data-auto-selected="false"><div class="checkbox" data-auto="checkbox"><input id="filter-option--Naked-3818774" name="filter-option--Naked-3818774" type="checkbox"><label class="checkbox-label" for="filter-option--Naked-3818774" title="Naked"><a class="filter-option--link" href="https://www.tesco.com/groceries/en-GB/shop/food-cupboard/all?brand=Naked&amp;viewAll=brand"><span class="checkbox-square checkbox-square-linked"></span><span class="checkbox-check icon-tick-white"></span><span class="visually-hidden">Filter by</span><span class="filter-label--line--inline">Naked</span><span class="filter-label--line--inline">&nbsp;(2)</span></a></label></div></li><li class="filter-option__container" id="Natural Balance" data-auto="filter-option" data-auto-selected="false"><div class="checkbox" data-auto="checkbox"><input id="filter-option--Natural-Balance-156172" name="filter-option--Natural-Balance-156172" type="checkbox"><label class="checkbox-label" for="filter-option--Natural-Balance-156172" title="Natural Balance"><a class="filter-option--link" href="https://www.tesco.com/groceries/en-GB/shop/food-cupboard/all?brand=Natural%20Balance&amp;viewAll=brand"><span class="checkbox-square checkbox-square-linked"></span><span class="checkbox-check icon-tick-white"></span><span class="visually-hidden">Filter by</span><span class="filter-label--line--block">Natural</span><span class="filter-label--line--inline filter-label--line--truncate">Balance</span><span class="filter-label--line--inline">&nbsp;(2)</span></a></label></div></li><li class="filter-option__container" id="Nature&#39;s Finest" data-auto="filter-option" data-auto-selected="false"><div class="checkbox" data-auto="checkbox"><input id="filter-option--Nature&#39;s-Finest-1516604" name="filter-option--Nature&#39;s-Finest-1516604" type="checkbox"><label class="checkbox-label" for="filter-option--Nature&#39;s-Finest-1516604" title="Nature&#39;s Finest"><a class="filter-option--link" href="https://www.tesco.com/groceries/en-GB/shop/food-cupboard/all?brand=Nature%27s%20Finest&amp;viewAll=brand"><span class="checkbox-square checkbox-square-linked"></span><span class="checkbox-check icon-tick-white"></span><span class="visually-hidden">Filter by</span><span class="filter-label--line--block">Nature's</span><span class="filter-label--line--inline filter-label--line--truncate">Finest</span><span class="filter-label--line--inline">&nbsp;(2)</span></a></label></div></li><li class="filter-option__container" id="Nesquik" data-auto="filter-option" data-auto-selected="false"><div class="checkbox" data-auto="checkbox"><input id="filter-option--Nesquik-220288" name="filter-option--Nesquik-220288" type="checkbox"><label class="checkbox-label" for="filter-option--Nesquik-220288" title="Nesquik"><a class="filter-option--link" href="https://www.tesco.com/groceries/en-GB/shop/food-cupboard/all?brand=Nesquik&amp;viewAll=brand"><span class="checkbox-square checkbox-square-linked"></span><span class="checkbox-check icon-tick-white"></span><span class="visually-hidden">Filter by</span><span class="filter-label--line--inline">Nesquik</span><span class="filter-label--line--inline">&nbsp;(2)</span></a></label></div></li><li class="filter-option__container" id="Newmans Own" data-auto="filter-option" data-auto-selected="false"><div class="checkbox" data-auto="checkbox"><input id="filter-option--Newmans-Own-7067769" name="filter-option--Newmans-Own-7067769" type="checkbox"><label class="checkbox-label" for="filter-option--Newmans-Own-7067769" title="Newmans Own"><a class="filter-option--link" href="https://www.tesco.com/groceries/en-GB/shop/food-cupboard/all?brand=Newmans%20Own&amp;viewAll=brand"><span class="checkbox-square checkbox-square-linked"></span><span class="checkbox-check icon-tick-white"></span><span class="visually-hidden">Filter by</span><span class="filter-label--line--inline">Newmans Own</span><span class="filter-label--line--inline">&nbsp;(2)</span></a></label></div></li><li class="filter-option__container" id="Nishaan" data-auto="filter-option" data-auto-selected="false"><div class="checkbox" data-auto="checkbox"><input id="filter-option--Nishaan-8110902" name="filter-option--Nishaan-8110902" type="checkbox"><label class="checkbox-label" for="filter-option--Nishaan-8110902" title="Nishaan"><a class="filter-option--link" href="https://www.tesco.com/groceries/en-GB/shop/food-cupboard/all?brand=Nishaan&amp;viewAll=brand"><span class="checkbox-square checkbox-square-linked"></span><span class="checkbox-check icon-tick-white"></span><span class="visually-hidden">Filter by</span><span class="filter-label--line--inline">Nishaan</span><span class="filter-label--line--inline">&nbsp;(2)</span></a></label></div></li><li class="filter-option__container" id="Nomadic" data-auto="filter-option" data-auto-selected="false"><div class="checkbox" data-auto="checkbox"><input id="filter-option--Nomadic-7267183" name="filter-option--Nomadic-7267183" type="checkbox"><label class="checkbox-label" for="filter-option--Nomadic-7267183" title="Nomadic"><a class="filter-option--link" href="https://www.tesco.com/groceries/en-GB/shop/food-cupboard/all?brand=Nomadic&amp;viewAll=brand"><span class="checkbox-square checkbox-square-linked"></span><span class="checkbox-check icon-tick-white"></span><span class="visually-hidden">Filter by</span><span class="filter-label--line--inline">Nomadic</span><span class="filter-label--line--inline">&nbsp;(2)</span></a></label></div></li><li class="filter-option__container" id="Nuts About Nature" data-auto="filter-option" data-auto-selected="false"><div class="checkbox" data-auto="checkbox"><input id="filter-option--Nuts-About-Nature-1359566" name="filter-option--Nuts-About-Nature-1359566" type="checkbox"><label class="checkbox-label" for="filter-option--Nuts-About-Nature-1359566" title="Nuts About Nature"><a class="filter-option--link" href="https://www.tesco.com/groceries/en-GB/shop/food-cupboard/all?brand=Nuts%20About%20Nature&amp;viewAll=brand"><span class="checkbox-square checkbox-square-linked"></span><span class="checkbox-check icon-tick-white"></span><span class="visually-hidden">Filter by</span><span class="filter-label--line--block">Nuts About</span><span class="filter-label--line--inline filter-label--line--truncate">Nature</span><span class="filter-label--line--inline">&nbsp;(2)</span></a></label></div></li><li class="filter-option__container" id="Oatly" data-auto="filter-option" data-auto-selected="false"><div class="checkbox" data-auto="checkbox"><input id="filter-option--Oatly-3717420" name="filter-option--Oatly-3717420" type="checkbox"><label class="checkbox-label" for="filter-option--Oatly-3717420" title="Oatly"><a class="filter-option--link" href="https://www.tesco.com/groceries/en-GB/shop/food-cupboard/all?brand=Oatly&amp;viewAll=brand"><span class="checkbox-square checkbox-square-linked"></span><span class="checkbox-check icon-tick-white"></span><span class="visually-hidden">Filter by</span><span class="filter-label--line--inline">Oatly</span><span class="filter-label--line--inline">&nbsp;(2)</span></a></label></div></li><li class="filter-option__container" id="Ocean Crest" data-auto="filter-option" data-auto-selected="false"><div class="checkbox" data-auto="checkbox"><input id="filter-option--Ocean-Crest-2877941" name="filter-option--Ocean-Crest-2877941" type="checkbox"><label class="checkbox-label" for="filter-option--Ocean-Crest-2877941" title="Ocean Crest"><a class="filter-option--link" href="https://www.tesco.com/groceries/en-GB/shop/food-cupboard/all?brand=Ocean%20Crest&amp;viewAll=brand"><span class="checkbox-square checkbox-square-linked"></span><span class="checkbox-check icon-tick-white"></span><span class="visually-hidden">Filter by</span><span class="filter-label--line--inline">Ocean Crest</span><span class="filter-label--line--inline">&nbsp;(2)</span></a></label></div></li><li class="filter-option__container" id="Old Jamaica" data-auto="filter-option" data-auto-selected="false"><div class="checkbox" data-auto="checkbox"><input id="filter-option--Old-Jamaica-2041134" name="filter-option--Old-Jamaica-2041134" type="checkbox"><label class="checkbox-label" for="filter-option--Old-Jamaica-2041134" title="Old Jamaica"><a class="filter-option--link" href="https://www.tesco.com/groceries/en-GB/shop/food-cupboard/all?brand=Old%20Jamaica&amp;viewAll=brand"><span class="checkbox-square checkbox-square-linked"></span><span class="checkbox-check icon-tick-white"></span><span class="visually-hidden">Filter by</span><span class="filter-label--line--inline">Old Jamaica</span><span class="filter-label--line--inline">&nbsp;(2)</span></a></label></div></li><li class="filter-option__container" id="Organic Doves Fm" data-auto="filter-option" data-auto-selected="false"><div class="checkbox" data-auto="checkbox"><input id="filter-option--Organic-Doves-Fm-1143767" name="filter-option--Organic-Doves-Fm-1143767" type="checkbox"><label class="checkbox-label" for="filter-option--Organic-Doves-Fm-1143767" title="Organic Doves Fm"><a class="filter-option--link" href="https://www.tesco.com/groceries/en-GB/shop/food-cupboard/all?brand=Organic%20Doves%20Fm&amp;viewAll=brand"><span class="checkbox-square checkbox-square-linked"></span><span class="checkbox-check icon-tick-white"></span><span class="visually-hidden">Filter by</span><span class="filter-label--line--block">Organic</span><span class="filter-label--line--inline filter-label--line--truncate">Doves Fm</span><span class="filter-label--line--inline">&nbsp;(2)</span></a></label></div></li><li class="filter-option__container" id="Osu" data-auto="filter-option" data-auto-selected="false"><div class="checkbox" data-auto="checkbox"><input id="filter-option--Osu-9671043" name="filter-option--Osu-9671043" type="checkbox"><label class="checkbox-label" for="filter-option--Osu-9671043" title="Osu"><a class="filter-option--link" href="https://www.tesco.com/groceries/en-GB/shop/food-cupboard/all?brand=Osu&amp;viewAll=brand"><span class="checkbox-square checkbox-square-linked"></span><span class="checkbox-check icon-tick-white"></span><span class="visually-hidden">Filter by</span><span class="filter-label--line--inline">Osu</span><span class="filter-label--line--inline">&nbsp;(2)</span></a></label></div></li><li class="filter-option__container" id="Papa" data-auto="filter-option" data-auto-selected="false"><div class="checkbox" data-auto="checkbox"><input id="filter-option--Papa-4811742" name="filter-option--Papa-4811742" type="checkbox"><label class="checkbox-label" for="filter-option--Papa-4811742" title="Papa"><a class="filter-option--link" href="https://www.tesco.com/groceries/en-GB/shop/food-cupboard/all?brand=Papa&amp;viewAll=brand"><span class="checkbox-square checkbox-square-linked"></span><span class="checkbox-check icon-tick-white"></span><span class="visually-hidden">Filter by</span><span class="filter-label--line--inline">Papa</span><span class="filter-label--line--inline">&nbsp;(2)</span></a></label></div></li><li class="filter-option__container" id="Passage To Asia" data-auto="filter-option" data-auto-selected="false"><div class="checkbox" data-auto="checkbox"><input id="filter-option--Passage-To-Asia-6719163" name="filter-option--Passage-To-Asia-6719163" type="checkbox"><label class="checkbox-label" for="filter-option--Passage-To-Asia-6719163" title="Passage To Asia"><a class="filter-option--link" href="https://www.tesco.com/groceries/en-GB/shop/food-cupboard/all?brand=Passage%20To%20Asia&amp;viewAll=brand"><span class="checkbox-square checkbox-square-linked"></span><span class="checkbox-check icon-tick-white"></span><span class="visually-hidden">Filter by</span><span class="filter-label--line--block">Passage To</span><span class="filter-label--line--inline filter-label--line--truncate">Asia</span><span class="filter-label--line--inline">&nbsp;(2)</span></a></label></div></li><li class="filter-option__container" id="Paw Patrol" data-auto="filter-option" data-auto-selected="false"><div class="checkbox" data-auto="checkbox"><input id="filter-option--Paw-Patrol-7821050" name="filter-option--Paw-Patrol-7821050" type="checkbox"><label class="checkbox-label" for="filter-option--Paw-Patrol-7821050" title="Paw Patrol"><a class="filter-option--link" href="https://www.tesco.com/groceries/en-GB/shop/food-cupboard/all?brand=Paw%20Patrol&amp;viewAll=brand"><span class="checkbox-square checkbox-square-linked"></span><span class="checkbox-check icon-tick-white"></span><span class="visually-hidden">Filter by</span><span class="filter-label--line--inline">Paw Patrol</span><span class="filter-label--line--inline">&nbsp;(2)</span></a></label></div></li><li class="filter-option__container" id="Pek" data-auto="filter-option" data-auto-selected="false"><div class="checkbox" data-auto="checkbox"><input id="filter-option--Pek-9500825" name="filter-option--Pek-9500825" type="checkbox"><label class="checkbox-label" for="filter-option--Pek-9500825" title="Pek"><a class="filter-option--link" href="https://www.tesco.com/groceries/en-GB/shop/food-cupboard/all?brand=Pek&amp;viewAll=brand"><span class="checkbox-square checkbox-square-linked"></span><span class="checkbox-check icon-tick-white"></span><span class="visually-hidden">Filter by</span><span class="filter-label--line--inline">Pek</span><span class="filter-label--line--inline">&nbsp;(2)</span></a></label></div></li><li class="filter-option__container" id="Peppa Pig" data-auto="filter-option" data-auto-selected="false"><div class="checkbox" data-auto="checkbox"><input id="filter-option--Peppa-Pig-5185632" name="filter-option--Peppa-Pig-5185632" type="checkbox"><label class="checkbox-label" for="filter-option--Peppa-Pig-5185632" title="Peppa Pig"><a class="filter-option--link" href="https://www.tesco.com/groceries/en-GB/shop/food-cupboard/all?brand=Peppa%20Pig&amp;viewAll=brand"><span class="checkbox-square checkbox-square-linked"></span><span class="checkbox-check icon-tick-white"></span><span class="visually-hidden">Filter by</span><span class="filter-label--line--inline">Peppa Pig</span><span class="filter-label--line--inline">&nbsp;(2)</span></a></label></div></li><li class="filter-option__container" id="Pez" data-auto="filter-option" data-auto-selected="false"><div class="checkbox" data-auto="checkbox"><input id="filter-option--Pez-5183188" name="filter-option--Pez-5183188" type="checkbox"><label class="checkbox-label" for="filter-option--Pez-5183188" title="Pez"><a class="filter-option--link" href="https://www.tesco.com/groceries/en-GB/shop/food-cupboard/all?brand=Pez&amp;viewAll=brand"><span class="checkbox-square checkbox-square-linked"></span><span class="checkbox-check icon-tick-white"></span><span class="visually-hidden">Filter by</span><span class="filter-label--line--inline">Pez</span><span class="filter-label--line--inline">&nbsp;(2)</span></a></label></div></li><li class="filter-option__container" id="Piccolo" data-auto="filter-option" data-auto-selected="false"><div class="checkbox" data-auto="checkbox"><input id="filter-option--Piccolo-206385" name="filter-option--Piccolo-206385" type="checkbox"><label class="checkbox-label" for="filter-option--Piccolo-206385" title="Piccolo"><a class="filter-option--link" href="https://www.tesco.com/groceries/en-GB/shop/food-cupboard/all?brand=Piccolo&amp;viewAll=brand"><span class="checkbox-square checkbox-square-linked"></span><span class="checkbox-check icon-tick-white"></span><span class="visually-hidden">Filter by</span><span class="filter-label--line--inline">Piccolo</span><span class="filter-label--line--inline">&nbsp;(2)</span></a></label></div></li><li class="filter-option__container" id="Pimlico" data-auto="filter-option" data-auto-selected="false"><div class="checkbox" data-auto="checkbox"><input id="filter-option--Pimlico-2908859" name="filter-option--Pimlico-2908859" type="checkbox"><label class="checkbox-label" for="filter-option--Pimlico-2908859" title="Pimlico"><a class="filter-option--link" href="https://www.tesco.com/groceries/en-GB/shop/food-cupboard/all?brand=Pimlico&amp;viewAll=brand"><span class="checkbox-square checkbox-square-linked"></span><span class="checkbox-check icon-tick-white"></span><span class="visually-hidden">Filter by</span><span class="filter-label--line--inline">Pimlico</span><span class="filter-label--line--inline">&nbsp;(2)</span></a></label></div></li><li class="filter-option__container" id="Polo" data-auto="filter-option" data-auto-selected="false"><div class="checkbox" data-auto="checkbox"><input id="filter-option--Polo-7302906" name="filter-option--Polo-7302906" type="checkbox"><label class="checkbox-label" for="filter-option--Polo-7302906" title="Polo"><a class="filter-option--link" href="https://www.tesco.com/groceries/en-GB/shop/food-cupboard/all?brand=Polo&amp;viewAll=brand"><span class="checkbox-square checkbox-square-linked"></span><span class="checkbox-check icon-tick-white"></span><span class="visually-hidden">Filter by</span><span class="filter-label--line--inline">Polo</span><span class="filter-label--line--inline">&nbsp;(2)</span></a></label></div></li><li class="filter-option__container" id="Pom Bear" data-auto="filter-option" data-auto-selected="false"><div class="checkbox" data-auto="checkbox"><input id="filter-option--Pom-Bear-418916" name="filter-option--Pom-Bear-418916" type="checkbox"><label class="checkbox-label" for="filter-option--Pom-Bear-418916" title="Pom Bear"><a class="filter-option--link" href="https://www.tesco.com/groceries/en-GB/shop/food-cupboard/all?brand=Pom%20Bear&amp;viewAll=brand"><span class="checkbox-square checkbox-square-linked"></span><span class="checkbox-check icon-tick-white"></span><span class="visually-hidden">Filter by</span><span class="filter-label--line--inline">Pom Bear</span><span class="filter-label--line--inline">&nbsp;(2)</span></a></label></div></li><li class="filter-option__container" id="Pot Pasta" data-auto="filter-option" data-auto-selected="false"><div class="checkbox" data-auto="checkbox"><input id="filter-option--Pot-Pasta-6391739" name="filter-option--Pot-Pasta-6391739" type="checkbox"><label class="checkbox-label" for="filter-option--Pot-Pasta-6391739" title="Pot Pasta"><a class="filter-option--link" href="https://www.tesco.com/groceries/en-GB/shop/food-cupboard/all?brand=Pot%20Pasta&amp;viewAll=brand"><span class="checkbox-square checkbox-square-linked"></span><span class="checkbox-check icon-tick-white"></span><span class="visually-hidden">Filter by</span><span class="filter-label--line--inline">Pot Pasta</span><span class="filter-label--line--inline">&nbsp;(2)</span></a></label></div></li><li class="filter-option__container" id="Potts" data-auto="filter-option" data-auto-selected="false"><div class="checkbox" data-auto="checkbox"><input id="filter-option--Potts-4723156" name="filter-option--Potts-4723156" type="checkbox"><label class="checkbox-label" for="filter-option--Potts-4723156" title="Potts"><a class="filter-option--link" href="https://www.tesco.com/groceries/en-GB/shop/food-cupboard/all?brand=Potts&amp;viewAll=brand"><span class="checkbox-square checkbox-square-linked"></span><span class="checkbox-check icon-tick-white"></span><span class="visually-hidden">Filter by</span><span class="filter-label--line--inline">Potts</span><span class="filter-label--line--inline">&nbsp;(2)</span></a></label></div></li><li class="filter-option__container" id="Pudliszki" data-auto="filter-option" data-auto-selected="false"><div class="checkbox" data-auto="checkbox"><input id="filter-option--Pudliszki-6576375" name="filter-option--Pudliszki-6576375" type="checkbox"><label class="checkbox-label" for="filter-option--Pudliszki-6576375" title="Pudliszki"><a class="filter-option--link" href="https://www.tesco.com/groceries/en-GB/shop/food-cupboard/all?brand=Pudliszki&amp;viewAll=brand"><span class="checkbox-square checkbox-square-linked"></span><span class="checkbox-check icon-tick-white"></span><span class="visually-hidden">Filter by</span><span class="filter-label--line--inline">Pudliszki</span><span class="filter-label--line--inline">&nbsp;(2)</span></a></label></div></li><li class="filter-option__container" id="Pulsin Limited" data-auto="filter-option" data-auto-selected="false"><div class="checkbox" data-auto="checkbox"><input id="filter-option--Pulsin-Limited-4180801" name="filter-option--Pulsin-Limited-4180801" type="checkbox"><label class="checkbox-label" for="filter-option--Pulsin-Limited-4180801" title="Pulsin Limited"><a class="filter-option--link" href="https://www.tesco.com/groceries/en-GB/shop/food-cupboard/all?brand=Pulsin%20Limited&amp;viewAll=brand"><span class="checkbox-square checkbox-square-linked"></span><span class="checkbox-check icon-tick-white"></span><span class="visually-hidden">Filter by</span><span class="filter-label--line--inline">Pulsin Limited</span><span class="filter-label--line--inline">&nbsp;(2)</span></a></label></div></li><li class="filter-option__container" id="Revels" data-auto="filter-option" data-auto-selected="false"><div class="checkbox" data-auto="checkbox"><input id="filter-option--Revels-5303314" name="filter-option--Revels-5303314" type="checkbox"><label class="checkbox-label" for="filter-option--Revels-5303314" title="Revels"><a class="filter-option--link" href="https://www.tesco.com/groceries/en-GB/shop/food-cupboard/all?brand=Revels&amp;viewAll=brand"><span class="checkbox-square checkbox-square-linked"></span><span class="checkbox-check icon-tick-white"></span><span class="visually-hidden">Filter by</span><span class="filter-label--line--inline">Revels</span><span class="filter-label--line--inline">&nbsp;(2)</span></a></label></div></li><li class="filter-option__container" id="Rio" data-auto="filter-option" data-auto-selected="false"><div class="checkbox" data-auto="checkbox"><input id="filter-option--Rio-2171755" name="filter-option--Rio-2171755" type="checkbox"><label class="checkbox-label" for="filter-option--Rio-2171755" title="Rio"><a class="filter-option--link" href="https://www.tesco.com/groceries/en-GB/shop/food-cupboard/all?brand=Rio&amp;viewAll=brand"><span class="checkbox-square checkbox-square-linked"></span><span class="checkbox-check icon-tick-white"></span><span class="visually-hidden">Filter by</span><span class="filter-label--line--inline">Rio</span><span class="filter-label--line--inline">&nbsp;(2)</span></a></label></div></li><li class="filter-option__container" id="Risotto Gallo" data-auto="filter-option" data-auto-selected="false"><div class="checkbox" data-auto="checkbox"><input id="filter-option--Risotto-Gallo-4324829" name="filter-option--Risotto-Gallo-4324829" type="checkbox"><label class="checkbox-label" for="filter-option--Risotto-Gallo-4324829" title="Risotto Gallo"><a class="filter-option--link" href="https://www.tesco.com/groceries/en-GB/shop/food-cupboard/all?brand=Risotto%20Gallo&amp;viewAll=brand"><span class="checkbox-square checkbox-square-linked"></span><span class="checkbox-check icon-tick-white"></span><span class="visually-hidden">Filter by</span><span class="filter-label--line--inline">Risotto Gallo</span><span class="filter-label--line--inline">&nbsp;(2)</span></a></label></div></li><li class="filter-option__container" id="Rochelle" data-auto="filter-option" data-auto-selected="false"><div class="checkbox" data-auto="checkbox"><input id="filter-option--Rochelle-5683175" name="filter-option--Rochelle-5683175" type="checkbox"><label class="checkbox-label" for="filter-option--Rochelle-5683175" title="Rochelle"><a class="filter-option--link" href="https://www.tesco.com/groceries/en-GB/shop/food-cupboard/all?brand=Rochelle&amp;viewAll=brand"><span class="checkbox-square checkbox-square-linked"></span><span class="checkbox-check icon-tick-white"></span><span class="visually-hidden">Filter by</span><span class="filter-label--line--inline">Rochelle</span><span class="filter-label--line--inline">&nbsp;(2)</span></a></label></div></li><li class="filter-option__container" id="Royal Chai" data-auto="filter-option" data-auto-selected="false"><div class="checkbox" data-auto="checkbox"><input id="filter-option--Royal-Chai-3069367" name="filter-option--Royal-Chai-3069367" type="checkbox"><label class="checkbox-label" for="filter-option--Royal-Chai-3069367" title="Royal Chai"><a class="filter-option--link" href="https://www.tesco.com/groceries/en-GB/shop/food-cupboard/all?brand=Royal%20Chai&amp;viewAll=brand"><span class="checkbox-square checkbox-square-linked"></span><span class="checkbox-check icon-tick-white"></span><span class="visually-hidden">Filter by</span><span class="filter-label--line--inline">Royal Chai</span><span class="filter-label--line--inline">&nbsp;(2)</span></a></label></div></li><li class="filter-option__container" id="Samai" data-auto="filter-option" data-auto-selected="false"><div class="checkbox" data-auto="checkbox"><input id="filter-option--Samai-2380578" name="filter-option--Samai-2380578" type="checkbox"><label class="checkbox-label" for="filter-option--Samai-2380578" title="Samai"><a class="filter-option--link" href="https://www.tesco.com/groceries/en-GB/shop/food-cupboard/all?brand=Samai&amp;viewAll=brand"><span class="checkbox-square checkbox-square-linked"></span><span class="checkbox-check icon-tick-white"></span><span class="visually-hidden">Filter by</span><span class="filter-label--line--inline">Samai</span><span class="filter-label--line--inline">&nbsp;(2)</span></a></label></div></li><li class="filter-option__container" id="Sarsons" data-auto="filter-option" data-auto-selected="false"><div class="checkbox" data-auto="checkbox"><input id="filter-option--Sarsons-4767180" name="filter-option--Sarsons-4767180" type="checkbox"><label class="checkbox-label" for="filter-option--Sarsons-4767180" title="Sarsons"><a class="filter-option--link" href="https://www.tesco.com/groceries/en-GB/shop/food-cupboard/all?brand=Sarsons&amp;viewAll=brand"><span class="checkbox-square checkbox-square-linked"></span><span class="checkbox-check icon-tick-white"></span><span class="visually-hidden">Filter by</span><span class="filter-label--line--inline">Sarsons</span><span class="filter-label--line--inline">&nbsp;(2)</span></a></label></div></li><li class="filter-option__container" id="Sephra" data-auto="filter-option" data-auto-selected="false"><div class="checkbox" data-auto="checkbox"><input id="filter-option--Sephra-366938" name="filter-option--Sephra-366938" type="checkbox"><label class="checkbox-label" for="filter-option--Sephra-366938" title="Sephra"><a class="filter-option--link" href="https://www.tesco.com/groceries/en-GB/shop/food-cupboard/all?brand=Sephra&amp;viewAll=brand"><span class="checkbox-square checkbox-square-linked"></span><span class="checkbox-check icon-tick-white"></span><span class="visually-hidden">Filter by</span><span class="filter-label--line--inline">Sephra</span><span class="filter-label--line--inline">&nbsp;(2)</span></a></label></div></li><li class="filter-option__container" id="Shagun" data-auto="filter-option" data-auto-selected="false"><div class="checkbox" data-auto="checkbox"><input id="filter-option--Shagun-1782896" name="filter-option--Shagun-1782896" type="checkbox"><label class="checkbox-label" for="filter-option--Shagun-1782896" title="Shagun"><a class="filter-option--link" href="https://www.tesco.com/groceries/en-GB/shop/food-cupboard/all?brand=Shagun&amp;viewAll=brand"><span class="checkbox-square checkbox-square-linked"></span><span class="checkbox-check icon-tick-white"></span><span class="visually-hidden">Filter by</span><span class="filter-label--line--inline">Shagun</span><span class="filter-label--line--inline">&nbsp;(2)</span></a></label></div></li><li class="filter-option__container" id="Shredded Wheat" data-auto="filter-option" data-auto-selected="false"><div class="checkbox" data-auto="checkbox"><input id="filter-option--Shredded-Wheat-8052221" name="filter-option--Shredded-Wheat-8052221" type="checkbox"><label class="checkbox-label" for="filter-option--Shredded-Wheat-8052221" title="Shredded Wheat"><a class="filter-option--link" href="https://www.tesco.com/groceries/en-GB/shop/food-cupboard/all?brand=Shredded%20Wheat&amp;viewAll=brand"><span class="checkbox-square checkbox-square-linked"></span><span class="checkbox-check icon-tick-white"></span><span class="visually-hidden">Filter by</span><span class="filter-label--line--inline">Shredded Wheat</span><span class="filter-label--line--inline">&nbsp;(2)</span></a></label></div></li><li class="filter-option__container" id="Skinny" data-auto="filter-option" data-auto-selected="false"><div class="checkbox" data-auto="checkbox"><input id="filter-option--Skinny-2091074" name="filter-option--Skinny-2091074" type="checkbox"><label class="checkbox-label" for="filter-option--Skinny-2091074" title="Skinny"><a class="filter-option--link" href="https://www.tesco.com/groceries/en-GB/shop/food-cupboard/all?brand=Skinny&amp;viewAll=brand"><span class="checkbox-square checkbox-square-linked"></span><span class="checkbox-check icon-tick-white"></span><span class="visually-hidden">Filter by</span><span class="filter-label--line--inline">Skinny</span><span class="filter-label--line--inline">&nbsp;(2)</span></a></label></div></li><li class="filter-option__container" id="Skips" data-auto="filter-option" data-auto-selected="false"><div class="checkbox" data-auto="checkbox"><input id="filter-option--Skips-6453015" name="filter-option--Skips-6453015" type="checkbox"><label class="checkbox-label" for="filter-option--Skips-6453015" title="Skips"><a class="filter-option--link" href="https://www.tesco.com/groceries/en-GB/shop/food-cupboard/all?brand=Skips&amp;viewAll=brand"><span class="checkbox-square checkbox-square-linked"></span><span class="checkbox-check icon-tick-white"></span><span class="visually-hidden">Filter by</span><span class="filter-label--line--inline">Skips</span><span class="filter-label--line--inline">&nbsp;(2)</span></a></label></div></li><li class="filter-option__container" id="Smiths" data-auto="filter-option" data-auto-selected="false"><div class="checkbox" data-auto="checkbox"><input id="filter-option--Smiths-1959266" name="filter-option--Smiths-1959266" type="checkbox"><label class="checkbox-label" for="filter-option--Smiths-1959266" title="Smiths"><a class="filter-option--link" href="https://www.tesco.com/groceries/en-GB/shop/food-cupboard/all?brand=Smiths&amp;viewAll=brand"><span class="checkbox-square checkbox-square-linked"></span><span class="checkbox-check icon-tick-white"></span><span class="visually-hidden">Filter by</span><span class="filter-label--line--inline">Smiths</span><span class="filter-label--line--inline">&nbsp;(2)</span></a></label></div></li><li class="filter-option__container" id="Snack A Jacks" data-auto="filter-option" data-auto-selected="false"><div class="checkbox" data-auto="checkbox"><input id="filter-option--Snack-A-Jacks-9485486" name="filter-option--Snack-A-Jacks-9485486" type="checkbox"><label class="checkbox-label" for="filter-option--Snack-A-Jacks-9485486" title="Snack A Jacks"><a class="filter-option--link" href="https://www.tesco.com/groceries/en-GB/shop/food-cupboard/all?brand=Snack%20A%20Jacks&amp;viewAll=brand"><span class="checkbox-square checkbox-square-linked"></span><span class="checkbox-check icon-tick-white"></span><span class="visually-hidden">Filter by</span><span class="filter-label--line--inline">Snack A Jacks</span><span class="filter-label--line--inline">&nbsp;(2)</span></a></label></div></li><li class="filter-option__container" id="Snaffling Pig" data-auto="filter-option" data-auto-selected="false"><div class="checkbox" data-auto="checkbox"><input id="filter-option--Snaffling-Pig-6499807" name="filter-option--Snaffling-Pig-6499807" type="checkbox"><label class="checkbox-label" for="filter-option--Snaffling-Pig-6499807" title="Snaffling Pig"><a class="filter-option--link" href="https://www.tesco.com/groceries/en-GB/shop/food-cupboard/all?brand=Snaffling%20Pig&amp;viewAll=brand"><span class="checkbox-square checkbox-square-linked"></span><span class="checkbox-check icon-tick-white"></span><span class="visually-hidden">Filter by</span><span class="filter-label--line--inline">Snaffling Pig</span><span class="filter-label--line--inline">&nbsp;(2)</span></a></label></div></li><li class="filter-option__container" id="Solidarnosc" data-auto="filter-option" data-auto-selected="false"><div class="checkbox" data-auto="checkbox"><input id="filter-option--Solidarnosc-4258245" name="filter-option--Solidarnosc-4258245" type="checkbox"><label class="checkbox-label" for="filter-option--Solidarnosc-4258245" title="Solidarnosc"><a class="filter-option--link" href="https://www.tesco.com/groceries/en-GB/shop/food-cupboard/all?brand=Solidarnosc&amp;viewAll=brand"><span class="checkbox-square checkbox-square-linked"></span><span class="checkbox-check icon-tick-white"></span><span class="visually-hidden">Filter by</span><span class="filter-label--line--inline">Solidarnosc</span><span class="filter-label--line--inline">&nbsp;(2)</span></a></label></div></li><li class="filter-option__container" id="Sour Patch Kids" data-auto="filter-option" data-auto-selected="false"><div class="checkbox" data-auto="checkbox"><input id="filter-option--Sour-Patch-Kids-4939335" name="filter-option--Sour-Patch-Kids-4939335" type="checkbox"><label class="checkbox-label" for="filter-option--Sour-Patch-Kids-4939335" title="Sour Patch Kids"><a class="filter-option--link" href="https://www.tesco.com/groceries/en-GB/shop/food-cupboard/all?brand=Sour%20Patch%20Kids&amp;viewAll=brand"><span class="checkbox-square checkbox-square-linked"></span><span class="checkbox-check icon-tick-white"></span><span class="visually-hidden">Filter by</span><span class="filter-label--line--block">Sour Patch</span><span class="filter-label--line--inline filter-label--line--truncate">Kids</span><span class="filter-label--line--inline">&nbsp;(2)</span></a></label></div></li><li class="filter-option__container" id="Space Raiders" data-auto="filter-option" data-auto-selected="false"><div class="checkbox" data-auto="checkbox"><input id="filter-option--Space-Raiders-4676460" name="filter-option--Space-Raiders-4676460" type="checkbox"><label class="checkbox-label" for="filter-option--Space-Raiders-4676460" title="Space Raiders"><a class="filter-option--link" href="https://www.tesco.com/groceries/en-GB/shop/food-cupboard/all?brand=Space%20Raiders&amp;viewAll=brand"><span class="checkbox-square checkbox-square-linked"></span><span class="checkbox-check icon-tick-white"></span><span class="visually-hidden">Filter by</span><span class="filter-label--line--inline">Space Raiders</span><span class="filter-label--line--inline">&nbsp;(2)</span></a></label></div></li><li class="filter-option__container" id="Spichlerz" data-auto="filter-option" data-auto-selected="false"><div class="checkbox" data-auto="checkbox"><input id="filter-option--Spichlerz-3554767" name="filter-option--Spichlerz-3554767" type="checkbox"><label class="checkbox-label" for="filter-option--Spichlerz-3554767" title="Spichlerz"><a class="filter-option--link" href="https://www.tesco.com/groceries/en-GB/shop/food-cupboard/all?brand=Spichlerz&amp;viewAll=brand"><span class="checkbox-square checkbox-square-linked"></span><span class="checkbox-check icon-tick-white"></span><span class="visually-hidden">Filter by</span><span class="filter-label--line--inline">Spichlerz</span><span class="filter-label--line--inline">&nbsp;(2)</span></a></label></div></li><li class="filter-option__container" id="Splenda" data-auto="filter-option" data-auto-selected="false"><div class="checkbox" data-auto="checkbox"><input id="filter-option--Splenda-6035225" name="filter-option--Splenda-6035225" type="checkbox"><label class="checkbox-label" for="filter-option--Splenda-6035225" title="Splenda"><a class="filter-option--link" href="https://www.tesco.com/groceries/en-GB/shop/food-cupboard/all?brand=Splenda&amp;viewAll=brand"><span class="checkbox-square checkbox-square-linked"></span><span class="checkbox-check icon-tick-white"></span><span class="visually-hidden">Filter by</span><span class="filter-label--line--inline">Splenda</span><span class="filter-label--line--inline">&nbsp;(2)</span></a></label></div></li><li class="filter-option__container" id="Spoon" data-auto="filter-option" data-auto-selected="false"><div class="checkbox" data-auto="checkbox"><input id="filter-option--Spoon-8563441" name="filter-option--Spoon-8563441" type="checkbox"><label class="checkbox-label" for="filter-option--Spoon-8563441" title="Spoon"><a class="filter-option--link" href="https://www.tesco.com/groceries/en-GB/shop/food-cupboard/all?brand=Spoon&amp;viewAll=brand"><span class="checkbox-square checkbox-square-linked"></span><span class="checkbox-check icon-tick-white"></span><span class="visually-hidden">Filter by</span><span class="filter-label--line--inline">Spoon</span><span class="filter-label--line--inline">&nbsp;(2)</span></a></label></div></li><li class="filter-option__container" id="Stagg" data-auto="filter-option" data-auto-selected="false"><div class="checkbox" data-auto="checkbox"><input id="filter-option--Stagg-2277911" name="filter-option--Stagg-2277911" type="checkbox"><label class="checkbox-label" for="filter-option--Stagg-2277911" title="Stagg"><a class="filter-option--link" href="https://www.tesco.com/groceries/en-GB/shop/food-cupboard/all?brand=Stagg&amp;viewAll=brand"><span class="checkbox-square checkbox-square-linked"></span><span class="checkbox-check icon-tick-white"></span><span class="visually-hidden">Filter by</span><span class="filter-label--line--inline">Stagg</span><span class="filter-label--line--inline">&nbsp;(2)</span></a></label></div></li><li class="filter-option__container" id="Streamline" data-auto="filter-option" data-auto-selected="false"><div class="checkbox" data-auto="checkbox"><input id="filter-option--Streamline-6295569" name="filter-option--Streamline-6295569" type="checkbox"><label class="checkbox-label" for="filter-option--Streamline-6295569" title="Streamline"><a class="filter-option--link" href="https://www.tesco.com/groceries/en-GB/shop/food-cupboard/all?brand=Streamline&amp;viewAll=brand"><span class="checkbox-square checkbox-square-linked"></span><span class="checkbox-check icon-tick-white"></span><span class="visually-hidden">Filter by</span><span class="filter-label--line--inline">Streamline</span><span class="filter-label--line--inline">&nbsp;(2)</span></a></label></div></li><li class="filter-option__container" id="Street Kitchen" data-auto="filter-option" data-auto-selected="false"><div class="checkbox" data-auto="checkbox"><input id="filter-option--Street-Kitchen-7235836" name="filter-option--Street-Kitchen-7235836" type="checkbox"><label class="checkbox-label" for="filter-option--Street-Kitchen-7235836" title="Street Kitchen"><a class="filter-option--link" href="https://www.tesco.com/groceries/en-GB/shop/food-cupboard/all?brand=Street%20Kitchen&amp;viewAll=brand"><span class="checkbox-square checkbox-square-linked"></span><span class="checkbox-check icon-tick-white"></span><span class="visually-hidden">Filter by</span><span class="filter-label--line--inline">Street Kitchen</span><span class="filter-label--line--inline">&nbsp;(2)</span></a></label></div></li><li class="filter-option__container" id="Stute" data-auto="filter-option" data-auto-selected="false"><div class="checkbox" data-auto="checkbox"><input id="filter-option--Stute-5543162" name="filter-option--Stute-5543162" type="checkbox"><label class="checkbox-label" for="filter-option--Stute-5543162" title="Stute"><a class="filter-option--link" href="https://www.tesco.com/groceries/en-GB/shop/food-cupboard/all?brand=Stute&amp;viewAll=brand"><span class="checkbox-square checkbox-square-linked"></span><span class="checkbox-check icon-tick-white"></span><span class="visually-hidden">Filter by</span><span class="filter-label--line--inline">Stute</span><span class="filter-label--line--inline">&nbsp;(2)</span></a></label></div></li><li class="filter-option__container" id="Sunpat" data-auto="filter-option" data-auto-selected="false"><div class="checkbox" data-auto="checkbox"><input id="filter-option--Sunpat-829718" name="filter-option--Sunpat-829718" type="checkbox"><label class="checkbox-label" for="filter-option--Sunpat-829718" title="Sunpat"><a class="filter-option--link" href="https://www.tesco.com/groceries/en-GB/shop/food-cupboard/all?brand=Sunpat&amp;viewAll=brand"><span class="checkbox-square checkbox-square-linked"></span><span class="checkbox-check icon-tick-white"></span><span class="visually-hidden">Filter by</span><span class="filter-label--line--inline">Sunpat</span><span class="filter-label--line--inline">&nbsp;(2)</span></a></label></div></li><li class="filter-option__container" id="Supercook" data-auto="filter-option" data-auto-selected="false"><div class="checkbox" data-auto="checkbox"><input id="filter-option--Supercook-25426" name="filter-option--Supercook-25426" type="checkbox"><label class="checkbox-label" for="filter-option--Supercook-25426" title="Supercook"><a class="filter-option--link" href="https://www.tesco.com/groceries/en-GB/shop/food-cupboard/all?brand=Supercook&amp;viewAll=brand"><span class="checkbox-square checkbox-square-linked"></span><span class="checkbox-check icon-tick-white"></span><span class="visually-hidden">Filter by</span><span class="filter-label--line--inline">Supercook</span><span class="filter-label--line--inline">&nbsp;(2)</span></a></label></div></li><li class="filter-option__container" id="Sweet Baby Rays" data-auto="filter-option" data-auto-selected="false"><div class="checkbox" data-auto="checkbox"><input id="filter-option--Sweet-Baby-Rays-6404880" name="filter-option--Sweet-Baby-Rays-6404880" type="checkbox"><label class="checkbox-label" for="filter-option--Sweet-Baby-Rays-6404880" title="Sweet Baby Rays"><a class="filter-option--link" href="https://www.tesco.com/groceries/en-GB/shop/food-cupboard/all?brand=Sweet%20Baby%20Rays&amp;viewAll=brand"><span class="checkbox-square checkbox-square-linked"></span><span class="checkbox-check icon-tick-white"></span><span class="visually-hidden">Filter by</span><span class="filter-label--line--block">Sweet Baby</span><span class="filter-label--line--inline filter-label--line--truncate">Rays</span><span class="filter-label--line--inline">&nbsp;(2)</span></a></label></div></li><li class="filter-option__container" id="Talking Tables" data-auto="filter-option" data-auto-selected="false"><div class="checkbox" data-auto="checkbox"><input id="filter-option--Talking-Tables-9303786" name="filter-option--Talking-Tables-9303786" type="checkbox"><label class="checkbox-label" for="filter-option--Talking-Tables-9303786" title="Talking Tables"><a class="filter-option--link" href="https://www.tesco.com/groceries/en-GB/shop/food-cupboard/all?brand=Talking%20Tables&amp;viewAll=brand"><span class="checkbox-square checkbox-square-linked"></span><span class="checkbox-check icon-tick-white"></span><span class="visually-hidden">Filter by</span><span class="filter-label--line--inline">Talking Tables</span><span class="filter-label--line--inline">&nbsp;(2)</span></a></label></div></li><li class="filter-option__container" id="Tao Kae Noi" data-auto="filter-option" data-auto-selected="false"><div class="checkbox" data-auto="checkbox"><input id="filter-option--Tao-Kae-Noi-6782454" name="filter-option--Tao-Kae-Noi-6782454" type="checkbox"><label class="checkbox-label" for="filter-option--Tao-Kae-Noi-6782454" title="Tao Kae Noi"><a class="filter-option--link" href="https://www.tesco.com/groceries/en-GB/shop/food-cupboard/all?brand=Tao%20Kae%20Noi&amp;viewAll=brand"><span class="checkbox-square checkbox-square-linked"></span><span class="checkbox-check icon-tick-white"></span><span class="visually-hidden">Filter by</span><span class="filter-label--line--inline">Tao Kae Noi</span><span class="filter-label--line--inline">&nbsp;(2)</span></a></label></div></li><li class="filter-option__container" id="Terrys" data-auto="filter-option" data-auto-selected="false"><div class="checkbox" data-auto="checkbox"><input id="filter-option--Terrys-9800529" name="filter-option--Terrys-9800529" type="checkbox"><label class="checkbox-label" for="filter-option--Terrys-9800529" title="Terrys"><a class="filter-option--link" href="https://www.tesco.com/groceries/en-GB/shop/food-cupboard/all?brand=Terrys&amp;viewAll=brand"><span class="checkbox-square checkbox-square-linked"></span><span class="checkbox-check icon-tick-white"></span><span class="visually-hidden">Filter by</span><span class="filter-label--line--inline">Terrys</span><span class="filter-label--line--inline">&nbsp;(2)</span></a></label></div></li><li class="filter-option__container" id="The Skinny Cracker Co" data-auto="filter-option" data-auto-selected="false"><div class="checkbox" data-auto="checkbox"><input id="filter-option--The-Skinny-Cracker-Co-4098974" name="filter-option--The-Skinny-Cracker-Co-4098974" type="checkbox"><label class="checkbox-label" for="filter-option--The-Skinny-Cracker-Co-4098974" title="The Skinny Cracker Co"><a class="filter-option--link" href="https://www.tesco.com/groceries/en-GB/shop/food-cupboard/all?brand=The%20Skinny%20Cracker%20Co&amp;viewAll=brand"><span class="checkbox-square checkbox-square-linked"></span><span class="checkbox-check icon-tick-white"></span><span class="visually-hidden">Filter by</span><span class="filter-label--line--block">The Skinny</span><span class="filter-label--line--inline filter-label--line--truncate">Cracker Co</span><span class="filter-label--line--inline">&nbsp;(2)</span></a></label></div></li><li class="filter-option__container" id="Thomas J. Fudge&#39;" data-auto="filter-option" data-auto-selected="false"><div class="checkbox" data-auto="checkbox"><input id="filter-option--Thomas-J.-Fudge&#39;-1194584" name="filter-option--Thomas-J.-Fudge&#39;-1194584" type="checkbox"><label class="checkbox-label" for="filter-option--Thomas-J.-Fudge&#39;-1194584" title="Thomas J. Fudge&#39;"><a class="filter-option--link" href="https://www.tesco.com/groceries/en-GB/shop/food-cupboard/all?brand=Thomas%20J.%20Fudge%27&amp;viewAll=brand"><span class="checkbox-square checkbox-square-linked"></span><span class="checkbox-check icon-tick-white"></span><span class="visually-hidden">Filter by</span><span class="filter-label--line--block">Thomas J.</span><span class="filter-label--line--inline filter-label--line--truncate">Fudge'</span><span class="filter-label--line--inline">&nbsp;(2)</span></a></label></div></li><li class="filter-option__container" id="Toffifee" data-auto="filter-option" data-auto-selected="false"><div class="checkbox" data-auto="checkbox"><input id="filter-option--Toffifee-7618352" name="filter-option--Toffifee-7618352" type="checkbox"><label class="checkbox-label" for="filter-option--Toffifee-7618352" title="Toffifee"><a class="filter-option--link" href="https://www.tesco.com/groceries/en-GB/shop/food-cupboard/all?brand=Toffifee&amp;viewAll=brand"><span class="checkbox-square checkbox-square-linked"></span><span class="checkbox-check icon-tick-white"></span><span class="visually-hidden">Filter by</span><span class="filter-label--line--inline">Toffifee</span><span class="filter-label--line--inline">&nbsp;(2)</span></a></label></div></li><li class="filter-option__container" id="Tropical Vibes" data-auto="filter-option" data-auto-selected="false"><div class="checkbox" data-auto="checkbox"><input id="filter-option--Tropical-Vibes-7560219" name="filter-option--Tropical-Vibes-7560219" type="checkbox"><label class="checkbox-label" for="filter-option--Tropical-Vibes-7560219" title="Tropical Vibes"><a class="filter-option--link" href="https://www.tesco.com/groceries/en-GB/shop/food-cupboard/all?brand=Tropical%20Vibes&amp;viewAll=brand"><span class="checkbox-square checkbox-square-linked"></span><span class="checkbox-check icon-tick-white"></span><span class="visually-hidden">Filter by</span><span class="filter-label--line--inline">Tropical Vibes</span><span class="filter-label--line--inline">&nbsp;(2)</span></a></label></div></li><li class="filter-option__container" id="Truvia" data-auto="filter-option" data-auto-selected="false"><div class="checkbox" data-auto="checkbox"><input id="filter-option--Truvia-2047825" name="filter-option--Truvia-2047825" type="checkbox"><label class="checkbox-label" for="filter-option--Truvia-2047825" title="Truvia"><a class="filter-option--link" href="https://www.tesco.com/groceries/en-GB/shop/food-cupboard/all?brand=Truvia&amp;viewAll=brand"><span class="checkbox-square checkbox-square-linked"></span><span class="checkbox-check icon-tick-white"></span><span class="visually-hidden">Filter by</span><span class="filter-label--line--inline">Truvia</span><span class="filter-label--line--inline">&nbsp;(2)</span></a></label></div></li><li class="filter-option__container" id="Tunnocks" data-auto="filter-option" data-auto-selected="false"><div class="checkbox" data-auto="checkbox"><input id="filter-option--Tunnocks-607795" name="filter-option--Tunnocks-607795" type="checkbox"><label class="checkbox-label" for="filter-option--Tunnocks-607795" title="Tunnocks"><a class="filter-option--link" href="https://www.tesco.com/groceries/en-GB/shop/food-cupboard/all?brand=Tunnocks&amp;viewAll=brand"><span class="checkbox-square checkbox-square-linked"></span><span class="checkbox-check icon-tick-white"></span><span class="visually-hidden">Filter by</span><span class="filter-label--line--inline">Tunnocks</span><span class="filter-label--line--inline">&nbsp;(2)</span></a></label></div></li><li class="filter-option__container" id="U Jedrusia" data-auto="filter-option" data-auto-selected="false"><div class="checkbox" data-auto="checkbox"><input id="filter-option--U-Jedrusia-6375002" name="filter-option--U-Jedrusia-6375002" type="checkbox"><label class="checkbox-label" for="filter-option--U-Jedrusia-6375002" title="U Jedrusia"><a class="filter-option--link" href="https://www.tesco.com/groceries/en-GB/shop/food-cupboard/all?brand=U%20Jedrusia&amp;viewAll=brand"><span class="checkbox-square checkbox-square-linked"></span><span class="checkbox-check icon-tick-white"></span><span class="visually-hidden">Filter by</span><span class="filter-label--line--inline">U Jedrusia</span><span class="filter-label--line--inline">&nbsp;(2)</span></a></label></div></li><li class="filter-option__container" id="Up &amp; Go" data-auto="filter-option" data-auto-selected="false"><div class="checkbox" data-auto="checkbox"><input id="filter-option--Up-Go-7372389" name="filter-option--Up-Go-7372389" type="checkbox"><label class="checkbox-label" for="filter-option--Up-Go-7372389" title="Up &amp; Go"><a class="filter-option--link" href="https://www.tesco.com/groceries/en-GB/shop/food-cupboard/all?brand=Up%20%26%20Go&amp;viewAll=brand"><span class="checkbox-square checkbox-square-linked"></span><span class="checkbox-check icon-tick-white"></span><span class="visually-hidden">Filter by</span><span class="filter-label--line--inline">Up &amp; Go</span><span class="filter-label--line--inline">&nbsp;(2)</span></a></label></div></li><li class="filter-option__container" id="Up&amp;Go" data-auto="filter-option" data-auto-selected="false"><div class="checkbox" data-auto="checkbox"><input id="filter-option--Up&amp;Go-2151303" name="filter-option--Up&amp;Go-2151303" type="checkbox"><label class="checkbox-label" for="filter-option--Up&amp;Go-2151303" title="Up&amp;Go"><a class="filter-option--link" href="https://www.tesco.com/groceries/en-GB/shop/food-cupboard/all?brand=Up%26Go&amp;viewAll=brand"><span class="checkbox-square checkbox-square-linked"></span><span class="checkbox-check icon-tick-white"></span><span class="visually-hidden">Filter by</span><span class="filter-label--line--inline">Up&amp;Go</span><span class="filter-label--line--inline">&nbsp;(2)</span></a></label></div></li><li class="filter-option__container" id="Weetos" data-auto="filter-option" data-auto-selected="false"><div class="checkbox" data-auto="checkbox"><input id="filter-option--Weetos-4443837" name="filter-option--Weetos-4443837" type="checkbox"><label class="checkbox-label" for="filter-option--Weetos-4443837" title="Weetos"><a class="filter-option--link" href="https://www.tesco.com/groceries/en-GB/shop/food-cupboard/all?brand=Weetos&amp;viewAll=brand"><span class="checkbox-square checkbox-square-linked"></span><span class="checkbox-check icon-tick-white"></span><span class="visually-hidden">Filter by</span><span class="filter-label--line--inline">Weetos</span><span class="filter-label--line--inline">&nbsp;(2)</span></a></label></div></li><li class="filter-option__container" id="Well &amp; Truly" data-auto="filter-option" data-auto-selected="false"><div class="checkbox" data-auto="checkbox"><input id="filter-option--Well-Truly-8731274" name="filter-option--Well-Truly-8731274" type="checkbox"><label class="checkbox-label" for="filter-option--Well-Truly-8731274" title="Well &amp; Truly"><a class="filter-option--link" href="https://www.tesco.com/groceries/en-GB/shop/food-cupboard/all?brand=Well%20%26%20Truly&amp;viewAll=brand"><span class="checkbox-square checkbox-square-linked"></span><span class="checkbox-check icon-tick-white"></span><span class="visually-hidden">Filter by</span><span class="filter-label--line--inline">Well &amp; Truly</span><span class="filter-label--line--inline">&nbsp;(2)</span></a></label></div></li><li class="filter-option__container" id="White Pearl" data-auto="filter-option" data-auto-selected="false"><div class="checkbox" data-auto="checkbox"><input id="filter-option--White-Pearl-7306097" name="filter-option--White-Pearl-7306097" type="checkbox"><label class="checkbox-label" for="filter-option--White-Pearl-7306097" title="White Pearl"><a class="filter-option--link" href="https://www.tesco.com/groceries/en-GB/shop/food-cupboard/all?brand=White%20Pearl&amp;viewAll=brand"><span class="checkbox-square checkbox-square-linked"></span><span class="checkbox-check icon-tick-white"></span><span class="visually-hidden">Filter by</span><span class="filter-label--line--inline">White Pearl</span><span class="filter-label--line--inline">&nbsp;(2)</span></a></label></div></li><li class="filter-option__container" id="Wibisco" data-auto="filter-option" data-auto-selected="false"><div class="checkbox" data-auto="checkbox"><input id="filter-option--Wibisco-373680" name="filter-option--Wibisco-373680" type="checkbox"><label class="checkbox-label" for="filter-option--Wibisco-373680" title="Wibisco"><a class="filter-option--link" href="https://www.tesco.com/groceries/en-GB/shop/food-cupboard/all?brand=Wibisco&amp;viewAll=brand"><span class="checkbox-square checkbox-square-linked"></span><span class="checkbox-check icon-tick-white"></span><span class="visually-hidden">Filter by</span><span class="filter-label--line--inline">Wibisco</span><span class="filter-label--line--inline">&nbsp;(2)</span></a></label></div></li><li class="filter-option__container" id="Wikinger" data-auto="filter-option" data-auto-selected="false"><div class="checkbox" data-auto="checkbox"><input id="filter-option--Wikinger-6575709" name="filter-option--Wikinger-6575709" type="checkbox"><label class="checkbox-label" for="filter-option--Wikinger-6575709" title="Wikinger"><a class="filter-option--link" href="https://www.tesco.com/groceries/en-GB/shop/food-cupboard/all?brand=Wikinger&amp;viewAll=brand"><span class="checkbox-square checkbox-square-linked"></span><span class="checkbox-check icon-tick-white"></span><span class="visually-hidden">Filter by</span><span class="filter-label--line--inline">Wikinger</span><span class="filter-label--line--inline">&nbsp;(2)</span></a></label></div></li><li class="filter-option__container" id="Yarden" data-auto="filter-option" data-auto-selected="false"><div class="checkbox" data-auto="checkbox"><input id="filter-option--Yarden-4533208" name="filter-option--Yarden-4533208" type="checkbox"><label class="checkbox-label" for="filter-option--Yarden-4533208" title="Yarden"><a class="filter-option--link" href="https://www.tesco.com/groceries/en-GB/shop/food-cupboard/all?brand=Yarden&amp;viewAll=brand"><span class="checkbox-square checkbox-square-linked"></span><span class="checkbox-check icon-tick-white"></span><span class="visually-hidden">Filter by</span><span class="filter-label--line--inline">Yarden</span><span class="filter-label--line--inline">&nbsp;(2)</span></a></label></div></li><li class="filter-option__container" id="Ye Olde Oak" data-auto="filter-option" data-auto-selected="false"><div class="checkbox" data-auto="checkbox"><input id="filter-option--Ye-Olde-Oak-5668637" name="filter-option--Ye-Olde-Oak-5668637" type="checkbox"><label class="checkbox-label" for="filter-option--Ye-Olde-Oak-5668637" title="Ye Olde Oak"><a class="filter-option--link" href="https://www.tesco.com/groceries/en-GB/shop/food-cupboard/all?brand=Ye%20Olde%20Oak&amp;viewAll=brand"><span class="checkbox-square checkbox-square-linked"></span><span class="checkbox-check icon-tick-white"></span><span class="visually-hidden">Filter by</span><span class="filter-label--line--inline">Ye Olde Oak</span><span class="filter-label--line--inline">&nbsp;(2)</span></a></label></div></li><li class="filter-option__container" id="Africas Finest" data-auto="filter-option" data-auto-selected="false"><div class="checkbox" data-auto="checkbox"><input id="filter-option--Africas-Finest-3786270" name="filter-option--Africas-Finest-3786270" type="checkbox"><label class="checkbox-label" for="filter-option--Africas-Finest-3786270" title="Africas Finest"><a class="filter-option--link" href="https://www.tesco.com/groceries/en-GB/shop/food-cupboard/all?brand=Africas%20Finest&amp;viewAll=brand"><span class="checkbox-square checkbox-square-linked"></span><span class="checkbox-check icon-tick-white"></span><span class="visually-hidden">Filter by</span><span class="filter-label--line--inline">Africas Finest</span><span class="filter-label--line--inline">&nbsp;(1)</span></a></label></div></li><li class="filter-option__container" id="Aksam" data-auto="filter-option" data-auto-selected="false"><div class="checkbox" data-auto="checkbox"><input id="filter-option--Aksam-5082458" name="filter-option--Aksam-5082458" type="checkbox"><label class="checkbox-label" for="filter-option--Aksam-5082458" title="Aksam"><a class="filter-option--link" href="https://www.tesco.com/groceries/en-GB/shop/food-cupboard/all?brand=Aksam&amp;viewAll=brand"><span class="checkbox-square checkbox-square-linked"></span><span class="checkbox-check icon-tick-white"></span><span class="visually-hidden">Filter by</span><span class="filter-label--line--inline">Aksam</span><span class="filter-label--line--inline">&nbsp;(1)</span></a></label></div></li><li class="filter-option__container" id="Alfa One" data-auto="filter-option" data-auto-selected="false"><div class="checkbox" data-auto="checkbox"><input id="filter-option--Alfa-One-9700277" name="filter-option--Alfa-One-9700277" type="checkbox"><label class="checkbox-label" for="filter-option--Alfa-One-9700277" title="Alfa One"><a class="filter-option--link" href="https://www.tesco.com/groceries/en-GB/shop/food-cupboard/all?brand=Alfa%20One&amp;viewAll=brand"><span class="checkbox-square checkbox-square-linked"></span><span class="checkbox-check icon-tick-white"></span><span class="visually-hidden">Filter by</span><span class="filter-label--line--inline">Alfa One</span><span class="filter-label--line--inline">&nbsp;(1)</span></a></label></div></li><li class="filter-option__container" id="Alibi" data-auto="filter-option" data-auto-selected="false"><div class="checkbox" data-auto="checkbox"><input id="filter-option--Alibi-7193975" name="filter-option--Alibi-7193975" type="checkbox"><label class="checkbox-label" for="filter-option--Alibi-7193975" title="Alibi"><a class="filter-option--link" href="https://www.tesco.com/groceries/en-GB/shop/food-cupboard/all?brand=Alibi&amp;viewAll=brand"><span class="checkbox-square checkbox-square-linked"></span><span class="checkbox-check icon-tick-white"></span><span class="visually-hidden">Filter by</span><span class="filter-label--line--inline">Alibi</span><span class="filter-label--line--inline">&nbsp;(1)</span></a></label></div></li><li class="filter-option__container" id="All Natural" data-auto="filter-option" data-auto-selected="false"><div class="checkbox" data-auto="checkbox"><input id="filter-option--All-Natural-3799786" name="filter-option--All-Natural-3799786" type="checkbox"><label class="checkbox-label" for="filter-option--All-Natural-3799786" title="All Natural"><a class="filter-option--link" href="https://www.tesco.com/groceries/en-GB/shop/food-cupboard/all?brand=All%20Natural&amp;viewAll=brand"><span class="checkbox-square checkbox-square-linked"></span><span class="checkbox-check icon-tick-white"></span><span class="visually-hidden">Filter by</span><span class="filter-label--line--inline">All Natural</span><span class="filter-label--line--inline">&nbsp;(1)</span></a></label></div></li><li class="filter-option__container" id="Apollo" data-auto="filter-option" data-auto-selected="false"><div class="checkbox" data-auto="checkbox"><input id="filter-option--Apollo-7757898" name="filter-option--Apollo-7757898" type="checkbox"><label class="checkbox-label" for="filter-option--Apollo-7757898" title="Apollo"><a class="filter-option--link" href="https://www.tesco.com/groceries/en-GB/shop/food-cupboard/all?brand=Apollo&amp;viewAll=brand"><span class="checkbox-square checkbox-square-linked"></span><span class="checkbox-check icon-tick-white"></span><span class="visually-hidden">Filter by</span><span class="filter-label--line--inline">Apollo</span><span class="filter-label--line--inline">&nbsp;(1)</span></a></label></div></li><li class="filter-option__container" id="Aqua Coco" data-auto="filter-option" data-auto-selected="false"><div class="checkbox" data-auto="checkbox"><input id="filter-option--Aqua-Coco-9194036" name="filter-option--Aqua-Coco-9194036" type="checkbox"><label class="checkbox-label" for="filter-option--Aqua-Coco-9194036" title="Aqua Coco"><a class="filter-option--link" href="https://www.tesco.com/groceries/en-GB/shop/food-cupboard/all?brand=Aqua%20Coco&amp;viewAll=brand"><span class="checkbox-square checkbox-square-linked"></span><span class="checkbox-check icon-tick-white"></span><span class="visually-hidden">Filter by</span><span class="filter-label--line--inline">Aqua Coco</span><span class="filter-label--line--inline">&nbsp;(1)</span></a></label></div></li><li class="filter-option__container" id="Asahi" data-auto="filter-option" data-auto-selected="false"><div class="checkbox" data-auto="checkbox"><input id="filter-option--Asahi-4131766" name="filter-option--Asahi-4131766" type="checkbox"><label class="checkbox-label" for="filter-option--Asahi-4131766" title="Asahi"><a class="filter-option--link" href="https://www.tesco.com/groceries/en-GB/shop/food-cupboard/all?brand=Asahi&amp;viewAll=brand"><span class="checkbox-square checkbox-square-linked"></span><span class="checkbox-check icon-tick-white"></span><span class="visually-hidden">Filter by</span><span class="filter-label--line--inline">Asahi</span><span class="filter-label--line--inline">&nbsp;(1)</span></a></label></div></li><li class="filter-option__container" id="Aspall" data-auto="filter-option" data-auto-selected="false"><div class="checkbox" data-auto="checkbox"><input id="filter-option--Aspall-1037238" name="filter-option--Aspall-1037238" type="checkbox"><label class="checkbox-label" for="filter-option--Aspall-1037238" title="Aspall"><a class="filter-option--link" href="https://www.tesco.com/groceries/en-GB/shop/food-cupboard/all?brand=Aspall&amp;viewAll=brand"><span class="checkbox-square checkbox-square-linked"></span><span class="checkbox-check icon-tick-white"></span><span class="visually-hidden">Filter by</span><span class="filter-label--line--inline">Aspall</span><span class="filter-label--line--inline">&nbsp;(1)</span></a></label></div></li><li class="filter-option__container" id="Attiki" data-auto="filter-option" data-auto-selected="false"><div class="checkbox" data-auto="checkbox"><input id="filter-option--Attiki-2270053" name="filter-option--Attiki-2270053" type="checkbox"><label class="checkbox-label" for="filter-option--Attiki-2270053" title="Attiki"><a class="filter-option--link" href="https://www.tesco.com/groceries/en-GB/shop/food-cupboard/all?brand=Attiki&amp;viewAll=brand"><span class="checkbox-square checkbox-square-linked"></span><span class="checkbox-check icon-tick-white"></span><span class="visually-hidden">Filter by</span><span class="filter-label--line--inline">Attiki</span><span class="filter-label--line--inline">&nbsp;(1)</span></a></label></div></li><li class="filter-option__container" id="Baldwins" data-auto="filter-option" data-auto-selected="false"><div class="checkbox" data-auto="checkbox"><input id="filter-option--Baldwins-4373606" name="filter-option--Baldwins-4373606" type="checkbox"><label class="checkbox-label" for="filter-option--Baldwins-4373606" title="Baldwins"><a class="filter-option--link" href="https://www.tesco.com/groceries/en-GB/shop/food-cupboard/all?brand=Baldwins&amp;viewAll=brand"><span class="checkbox-square checkbox-square-linked"></span><span class="checkbox-check icon-tick-white"></span><span class="visually-hidden">Filter by</span><span class="filter-label--line--inline">Baldwins</span><span class="filter-label--line--inline">&nbsp;(1)</span></a></label></div></li><li class="filter-option__container" id="Ballymaloe" data-auto="filter-option" data-auto-selected="false"><div class="checkbox" data-auto="checkbox"><input id="filter-option--Ballymaloe-3444378" name="filter-option--Ballymaloe-3444378" type="checkbox"><label class="checkbox-label" for="filter-option--Ballymaloe-3444378" title="Ballymaloe"><a class="filter-option--link" href="https://www.tesco.com/groceries/en-GB/shop/food-cupboard/all?brand=Ballymaloe&amp;viewAll=brand"><span class="checkbox-square checkbox-square-linked"></span><span class="checkbox-check icon-tick-white"></span><span class="visually-hidden">Filter by</span><span class="filter-label--line--inline">Ballymaloe</span><span class="filter-label--line--inline">&nbsp;(1)</span></a></label></div></li><li class="filter-option__container" id="Barber" data-auto="filter-option" data-auto-selected="false"><div class="checkbox" data-auto="checkbox"><input id="filter-option--Barber-8630699" name="filter-option--Barber-8630699" type="checkbox"><label class="checkbox-label" for="filter-option--Barber-8630699" title="Barber"><a class="filter-option--link" href="https://www.tesco.com/groceries/en-GB/shop/food-cupboard/all?brand=Barber&amp;viewAll=brand"><span class="checkbox-square checkbox-square-linked"></span><span class="checkbox-check icon-tick-white"></span><span class="visually-hidden">Filter by</span><span class="filter-label--line--inline">Barber</span><span class="filter-label--line--inline">&nbsp;(1)</span></a></label></div></li><li class="filter-option__container" id="Bavaria" data-auto="filter-option" data-auto-selected="false"><div class="checkbox" data-auto="checkbox"><input id="filter-option--Bavaria-5662233" name="filter-option--Bavaria-5662233" type="checkbox"><label class="checkbox-label" for="filter-option--Bavaria-5662233" title="Bavaria"><a class="filter-option--link" href="https://www.tesco.com/groceries/en-GB/shop/food-cupboard/all?brand=Bavaria&amp;viewAll=brand"><span class="checkbox-square checkbox-square-linked"></span><span class="checkbox-check icon-tick-white"></span><span class="visually-hidden">Filter by</span><span class="filter-label--line--inline">Bavaria</span><span class="filter-label--line--inline">&nbsp;(1)</span></a></label></div></li><li class="filter-option__container" id="Biere D&#39;or" data-auto="filter-option" data-auto-selected="false"><div class="checkbox" data-auto="checkbox"><input id="filter-option--Biere-D&#39;or-1874648" name="filter-option--Biere-D&#39;or-1874648" type="checkbox"><label class="checkbox-label" for="filter-option--Biere-D&#39;or-1874648" title="Biere D&#39;or"><a class="filter-option--link" href="https://www.tesco.com/groceries/en-GB/shop/food-cupboard/all?brand=Biere%20D%27or&amp;viewAll=brand"><span class="checkbox-square checkbox-square-linked"></span><span class="checkbox-check icon-tick-white"></span><span class="visually-hidden">Filter by</span><span class="filter-label--line--inline">Biere D'or</span><span class="filter-label--line--inline">&nbsp;(1)</span></a></label></div></li><li class="filter-option__container" id="Big Bamboo" data-auto="filter-option" data-auto-selected="false"><div class="checkbox" data-auto="checkbox"><input id="filter-option--Big-Bamboo-2803957" name="filter-option--Big-Bamboo-2803957" type="checkbox"><label class="checkbox-label" for="filter-option--Big-Bamboo-2803957" title="Big Bamboo"><a class="filter-option--link" href="https://www.tesco.com/groceries/en-GB/shop/food-cupboard/all?brand=Big%20Bamboo&amp;viewAll=brand"><span class="checkbox-square checkbox-square-linked"></span><span class="checkbox-check icon-tick-white"></span><span class="visually-hidden">Filter by</span><span class="filter-label--line--inline">Big Bamboo</span><span class="filter-label--line--inline">&nbsp;(1)</span></a></label></div></li><li class="filter-option__container" id="Bin Bin" data-auto="filter-option" data-auto-selected="false"><div class="checkbox" data-auto="checkbox"><input id="filter-option--Bin-Bin-6517501" name="filter-option--Bin-Bin-6517501" type="checkbox"><label class="checkbox-label" for="filter-option--Bin-Bin-6517501" title="Bin Bin"><a class="filter-option--link" href="https://www.tesco.com/groceries/en-GB/shop/food-cupboard/all?brand=Bin%20Bin&amp;viewAll=brand"><span class="checkbox-square checkbox-square-linked"></span><span class="checkbox-check icon-tick-white"></span><span class="visually-hidden">Filter by</span><span class="filter-label--line--inline">Bin Bin</span><span class="filter-label--line--inline">&nbsp;(1)</span></a></label></div></li><li class="filter-option__container" id="Black" data-auto="filter-option" data-auto-selected="false"><div class="checkbox" data-auto="checkbox"><input id="filter-option--Black-3023002" name="filter-option--Black-3023002" type="checkbox"><label class="checkbox-label" for="filter-option--Black-3023002" title="Black"><a class="filter-option--link" href="https://www.tesco.com/groceries/en-GB/shop/food-cupboard/all?brand=Black&amp;viewAll=brand"><span class="checkbox-square checkbox-square-linked"></span><span class="checkbox-check icon-tick-white"></span><span class="visually-hidden">Filter by</span><span class="filter-label--line--inline">Black</span><span class="filter-label--line--inline">&nbsp;(1)</span></a></label></div></li><li class="filter-option__container" id="Black Magic" data-auto="filter-option" data-auto-selected="false"><div class="checkbox" data-auto="checkbox"><input id="filter-option--Black-Magic-1376403" name="filter-option--Black-Magic-1376403" type="checkbox"><label class="checkbox-label" for="filter-option--Black-Magic-1376403" title="Black Magic"><a class="filter-option--link" href="https://www.tesco.com/groceries/en-GB/shop/food-cupboard/all?brand=Black%20Magic&amp;viewAll=brand"><span class="checkbox-square checkbox-square-linked"></span><span class="checkbox-check icon-tick-white"></span><span class="visually-hidden">Filter by</span><span class="filter-label--line--inline">Black Magic</span><span class="filter-label--line--inline">&nbsp;(1)</span></a></label></div></li><li class="filter-option__container" id="Blue Diamond" data-auto="filter-option" data-auto-selected="false"><div class="checkbox" data-auto="checkbox"><input id="filter-option--Blue-Diamond-6195801" name="filter-option--Blue-Diamond-6195801" type="checkbox"><label class="checkbox-label" for="filter-option--Blue-Diamond-6195801" title="Blue Diamond"><a class="filter-option--link" href="https://www.tesco.com/groceries/en-GB/shop/food-cupboard/all?brand=Blue%20Diamond&amp;viewAll=brand"><span class="checkbox-square checkbox-square-linked"></span><span class="checkbox-check icon-tick-white"></span><span class="visually-hidden">Filter by</span><span class="filter-label--line--inline">Blue Diamond</span><span class="filter-label--line--inline">&nbsp;(1)</span></a></label></div></li><li class="filter-option__container" id="Bovril" data-auto="filter-option" data-auto-selected="false"><div class="checkbox" data-auto="checkbox"><input id="filter-option--Bovril-5012716" name="filter-option--Bovril-5012716" type="checkbox"><label class="checkbox-label" for="filter-option--Bovril-5012716" title="Bovril"><a class="filter-option--link" href="https://www.tesco.com/groceries/en-GB/shop/food-cupboard/all?brand=Bovril&amp;viewAll=brand"><span class="checkbox-square checkbox-square-linked"></span><span class="checkbox-check icon-tick-white"></span><span class="visually-hidden">Filter by</span><span class="filter-label--line--inline">Bovril</span><span class="filter-label--line--inline">&nbsp;(1)</span></a></label></div></li><li class="filter-option__container" id="Brewdog" data-auto="filter-option" data-auto-selected="false"><div class="checkbox" data-auto="checkbox"><input id="filter-option--Brewdog-8502654" name="filter-option--Brewdog-8502654" type="checkbox"><label class="checkbox-label" for="filter-option--Brewdog-8502654" title="Brewdog"><a class="filter-option--link" href="https://www.tesco.com/groceries/en-GB/shop/food-cupboard/all?brand=Brewdog&amp;viewAll=brand"><span class="checkbox-square checkbox-square-linked"></span><span class="checkbox-check icon-tick-white"></span><span class="visually-hidden">Filter by</span><span class="filter-label--line--inline">Brewdog</span><span class="filter-label--line--inline">&nbsp;(1)</span></a></label></div></li><li class="filter-option__container" id="Britannia" data-auto="filter-option" data-auto-selected="false"><div class="checkbox" data-auto="checkbox"><input id="filter-option--Britannia-2251529" name="filter-option--Britannia-2251529" type="checkbox"><label class="checkbox-label" for="filter-option--Britannia-2251529" title="Britannia"><a class="filter-option--link" href="https://www.tesco.com/groceries/en-GB/shop/food-cupboard/all?brand=Britannia&amp;viewAll=brand"><span class="checkbox-square checkbox-square-linked"></span><span class="checkbox-check icon-tick-white"></span><span class="visually-hidden">Filter by</span><span class="filter-label--line--inline">Britannia</span><span class="filter-label--line--inline">&nbsp;(1)</span></a></label></div></li><li class="filter-option__container" id="Brooklyn" data-auto="filter-option" data-auto-selected="false"><div class="checkbox" data-auto="checkbox"><input id="filter-option--Brooklyn-4203454" name="filter-option--Brooklyn-4203454" type="checkbox"><label class="checkbox-label" for="filter-option--Brooklyn-4203454" title="Brooklyn"><a class="filter-option--link" href="https://www.tesco.com/groceries/en-GB/shop/food-cupboard/all?brand=Brooklyn&amp;viewAll=brand"><span class="checkbox-square checkbox-square-linked"></span><span class="checkbox-check icon-tick-white"></span><span class="visually-hidden">Filter by</span><span class="filter-label--line--inline">Brooklyn</span><span class="filter-label--line--inline">&nbsp;(1)</span></a></label></div></li><li class="filter-option__container" id="Brown &amp; Polson" data-auto="filter-option" data-auto-selected="false"><div class="checkbox" data-auto="checkbox"><input id="filter-option--Brown-Polson-8287459" name="filter-option--Brown-Polson-8287459" type="checkbox"><label class="checkbox-label" for="filter-option--Brown-Polson-8287459" title="Brown &amp; Polson"><a class="filter-option--link" href="https://www.tesco.com/groceries/en-GB/shop/food-cupboard/all?brand=Brown%20%26%20Polson&amp;viewAll=brand"><span class="checkbox-square checkbox-square-linked"></span><span class="checkbox-check icon-tick-white"></span><span class="visually-hidden">Filter by</span><span class="filter-label--line--inline">Brown &amp; Polson</span><span class="filter-label--line--inline">&nbsp;(1)</span></a></label></div></li><li class="filter-option__container" id="Buckwud" data-auto="filter-option" data-auto-selected="false"><div class="checkbox" data-auto="checkbox"><input id="filter-option--Buckwud-3785640" name="filter-option--Buckwud-3785640" type="checkbox"><label class="checkbox-label" for="filter-option--Buckwud-3785640" title="Buckwud"><a class="filter-option--link" href="https://www.tesco.com/groceries/en-GB/shop/food-cupboard/all?brand=Buckwud&amp;viewAll=brand"><span class="checkbox-square checkbox-square-linked"></span><span class="checkbox-check icon-tick-white"></span><span class="visually-hidden">Filter by</span><span class="filter-label--line--inline">Buckwud</span><span class="filter-label--line--inline">&nbsp;(1)</span></a></label></div></li><li class="filter-option__container" id="Cardini" data-auto="filter-option" data-auto-selected="false"><div class="checkbox" data-auto="checkbox"><input id="filter-option--Cardini-2597201" name="filter-option--Cardini-2597201" type="checkbox"><label class="checkbox-label" for="filter-option--Cardini-2597201" title="Cardini"><a class="filter-option--link" href="https://www.tesco.com/groceries/en-GB/shop/food-cupboard/all?brand=Cardini&amp;viewAll=brand"><span class="checkbox-square checkbox-square-linked"></span><span class="checkbox-check icon-tick-white"></span><span class="visually-hidden">Filter by</span><span class="filter-label--line--inline">Cardini</span><span class="filter-label--line--inline">&nbsp;(1)</span></a></label></div></li><li class="filter-option__container" id="Carib" data-auto="filter-option" data-auto-selected="false"><div class="checkbox" data-auto="checkbox"><input id="filter-option--Carib-527367" name="filter-option--Carib-527367" type="checkbox"><label class="checkbox-label" for="filter-option--Carib-527367" title="Carib"><a class="filter-option--link" href="https://www.tesco.com/groceries/en-GB/shop/food-cupboard/all?brand=Carib&amp;viewAll=brand"><span class="checkbox-square checkbox-square-linked"></span><span class="checkbox-check icon-tick-white"></span><span class="visually-hidden">Filter by</span><span class="filter-label--line--inline">Carib</span><span class="filter-label--line--inline">&nbsp;(1)</span></a></label></div></li><li class="filter-option__container" id="Carotino" data-auto="filter-option" data-auto-selected="false"><div class="checkbox" data-auto="checkbox"><input id="filter-option--Carotino-8886343" name="filter-option--Carotino-8886343" type="checkbox"><label class="checkbox-label" for="filter-option--Carotino-8886343" title="Carotino"><a class="filter-option--link" href="https://www.tesco.com/groceries/en-GB/shop/food-cupboard/all?brand=Carotino&amp;viewAll=brand"><span class="checkbox-square checkbox-square-linked"></span><span class="checkbox-check icon-tick-white"></span><span class="visually-hidden">Filter by</span><span class="filter-label--line--inline">Carotino</span><span class="filter-label--line--inline">&nbsp;(1)</span></a></label></div></li><li class="filter-option__container" id="Cauliflower Rice" data-auto="filter-option" data-auto-selected="false"><div class="checkbox" data-auto="checkbox"><input id="filter-option--Cauliflower-Rice-3467765" name="filter-option--Cauliflower-Rice-3467765" type="checkbox"><label class="checkbox-label" for="filter-option--Cauliflower-Rice-3467765" title="Cauliflower Rice"><a class="filter-option--link" href="https://www.tesco.com/groceries/en-GB/shop/food-cupboard/all?brand=Cauliflower%20Rice&amp;viewAll=brand"><span class="checkbox-square checkbox-square-linked"></span><span class="checkbox-check icon-tick-white"></span><span class="visually-hidden">Filter by</span><span class="filter-label--line--block">Cauliflower</span><span class="filter-label--line--inline filter-label--line--truncate">Rice</span><span class="filter-label--line--inline">&nbsp;(1)</span></a></label></div></li><li class="filter-option__container" id="Caxton" data-auto="filter-option" data-auto-selected="false"><div class="checkbox" data-auto="checkbox"><input id="filter-option--Caxton-9984962" name="filter-option--Caxton-9984962" type="checkbox"><label class="checkbox-label" for="filter-option--Caxton-9984962" title="Caxton"><a class="filter-option--link" href="https://www.tesco.com/groceries/en-GB/shop/food-cupboard/all?brand=Caxton&amp;viewAll=brand"><span class="checkbox-square checkbox-square-linked"></span><span class="checkbox-check icon-tick-white"></span><span class="visually-hidden">Filter by</span><span class="filter-label--line--inline">Caxton</span><span class="filter-label--line--inline">&nbsp;(1)</span></a></label></div></li><li class="filter-option__container" id="Cerelac" data-auto="filter-option" data-auto-selected="false"><div class="checkbox" data-auto="checkbox"><input id="filter-option--Cerelac-3356397" name="filter-option--Cerelac-3356397" type="checkbox"><label class="checkbox-label" for="filter-option--Cerelac-3356397" title="Cerelac"><a class="filter-option--link" href="https://www.tesco.com/groceries/en-GB/shop/food-cupboard/all?brand=Cerelac&amp;viewAll=brand"><span class="checkbox-square checkbox-square-linked"></span><span class="checkbox-check icon-tick-white"></span><span class="visually-hidden">Filter by</span><span class="filter-label--line--inline">Cerelac</span><span class="filter-label--line--inline">&nbsp;(1)</span></a></label></div></li><li class="filter-option__container" id="Ch La Tarciere" data-auto="filter-option" data-auto-selected="false"><div class="checkbox" data-auto="checkbox"><input id="filter-option--Ch-La-Tarciere-3453026" name="filter-option--Ch-La-Tarciere-3453026" type="checkbox"><label class="checkbox-label" for="filter-option--Ch-La-Tarciere-3453026" title="Ch La Tarciere"><a class="filter-option--link" href="https://www.tesco.com/groceries/en-GB/shop/food-cupboard/all?brand=Ch%20La%20Tarciere&amp;viewAll=brand"><span class="checkbox-square checkbox-square-linked"></span><span class="checkbox-check icon-tick-white"></span><span class="visually-hidden">Filter by</span><span class="filter-label--line--inline">Ch La Tarciere</span><span class="filter-label--line--inline">&nbsp;(1)</span></a></label></div></li><li class="filter-option__container" id="Chang" data-auto="filter-option" data-auto-selected="false"><div class="checkbox" data-auto="checkbox"><input id="filter-option--Chang-9610014" name="filter-option--Chang-9610014" type="checkbox"><label class="checkbox-label" for="filter-option--Chang-9610014" title="Chang"><a class="filter-option--link" href="https://www.tesco.com/groceries/en-GB/shop/food-cupboard/all?brand=Chang&amp;viewAll=brand"><span class="checkbox-square checkbox-square-linked"></span><span class="checkbox-check icon-tick-white"></span><span class="visually-hidden">Filter by</span><span class="filter-label--line--inline">Chang</span><span class="filter-label--line--inline">&nbsp;(1)</span></a></label></div></li><li class="filter-option__container" id="Chewits" data-auto="filter-option" data-auto-selected="false"><div class="checkbox" data-auto="checkbox"><input id="filter-option--Chewits-3284690" name="filter-option--Chewits-3284690" type="checkbox"><label class="checkbox-label" for="filter-option--Chewits-3284690" title="Chewits"><a class="filter-option--link" href="https://www.tesco.com/groceries/en-GB/shop/food-cupboard/all?brand=Chewits&amp;viewAll=brand"><span class="checkbox-square checkbox-square-linked"></span><span class="checkbox-check icon-tick-white"></span><span class="visually-hidden">Filter by</span><span class="filter-label--line--inline">Chewits</span><span class="filter-label--line--inline">&nbsp;(1)</span></a></label></div></li><li class="filter-option__container" id="Chupa Chups" data-auto="filter-option" data-auto-selected="false"><div class="checkbox" data-auto="checkbox"><input id="filter-option--Chupa-Chups-5189477" name="filter-option--Chupa-Chups-5189477" type="checkbox"><label class="checkbox-label" for="filter-option--Chupa-Chups-5189477" title="Chupa Chups"><a class="filter-option--link" href="https://www.tesco.com/groceries/en-GB/shop/food-cupboard/all?brand=Chupa%20Chups&amp;viewAll=brand"><span class="checkbox-square checkbox-square-linked"></span><span class="checkbox-check icon-tick-white"></span><span class="visually-hidden">Filter by</span><span class="filter-label--line--inline">Chupa Chups</span><span class="filter-label--line--inline">&nbsp;(1)</span></a></label></div></li><li class="filter-option__container" id="Cobra" data-auto="filter-option" data-auto-selected="false"><div class="checkbox" data-auto="checkbox"><input id="filter-option--Cobra-1734523" name="filter-option--Cobra-1734523" type="checkbox"><label class="checkbox-label" for="filter-option--Cobra-1734523" title="Cobra"><a class="filter-option--link" href="https://www.tesco.com/groceries/en-GB/shop/food-cupboard/all?brand=Cobra&amp;viewAll=brand"><span class="checkbox-square checkbox-square-linked"></span><span class="checkbox-check icon-tick-white"></span><span class="visually-hidden">Filter by</span><span class="filter-label--line--inline">Cobra</span><span class="filter-label--line--inline">&nbsp;(1)</span></a></label></div></li><li class="filter-option__container" id="Cocon" data-auto="filter-option" data-auto-selected="false"><div class="checkbox" data-auto="checkbox"><input id="filter-option--Cocon-2281773" name="filter-option--Cocon-2281773" type="checkbox"><label class="checkbox-label" for="filter-option--Cocon-2281773" title="Cocon"><a class="filter-option--link" href="https://www.tesco.com/groceries/en-GB/shop/food-cupboard/all?brand=Cocon&amp;viewAll=brand"><span class="checkbox-square checkbox-square-linked"></span><span class="checkbox-check icon-tick-white"></span><span class="visually-hidden">Filter by</span><span class="filter-label--line--inline">Cocon</span><span class="filter-label--line--inline">&nbsp;(1)</span></a></label></div></li><li class="filter-option__container" id="Comptons" data-auto="filter-option" data-auto-selected="false"><div class="checkbox" data-auto="checkbox"><input id="filter-option--Comptons-459088" name="filter-option--Comptons-459088" type="checkbox"><label class="checkbox-label" for="filter-option--Comptons-459088" title="Comptons"><a class="filter-option--link" href="https://www.tesco.com/groceries/en-GB/shop/food-cupboard/all?brand=Comptons&amp;viewAll=brand"><span class="checkbox-square checkbox-square-linked"></span><span class="checkbox-check icon-tick-white"></span><span class="visually-hidden">Filter by</span><span class="filter-label--line--inline">Comptons</span><span class="filter-label--line--inline">&nbsp;(1)</span></a></label></div></li><li class="filter-option__container" id="Cook Italian" data-auto="filter-option" data-auto-selected="false"><div class="checkbox" data-auto="checkbox"><input id="filter-option--Cook-Italian-6793624" name="filter-option--Cook-Italian-6793624" type="checkbox"><label class="checkbox-label" for="filter-option--Cook-Italian-6793624" title="Cook Italian"><a class="filter-option--link" href="https://www.tesco.com/groceries/en-GB/shop/food-cupboard/all?brand=Cook%20Italian&amp;viewAll=brand"><span class="checkbox-square checkbox-square-linked"></span><span class="checkbox-check icon-tick-white"></span><span class="visually-hidden">Filter by</span><span class="filter-label--line--inline">Cook Italian</span><span class="filter-label--line--inline">&nbsp;(1)</span></a></label></div></li><li class="filter-option__container" id="Cookie Crisp" data-auto="filter-option" data-auto-selected="false"><div class="checkbox" data-auto="checkbox"><input id="filter-option--Cookie-Crisp-5500285" name="filter-option--Cookie-Crisp-5500285" type="checkbox"><label class="checkbox-label" for="filter-option--Cookie-Crisp-5500285" title="Cookie Crisp"><a class="filter-option--link" href="https://www.tesco.com/groceries/en-GB/shop/food-cupboard/all?brand=Cookie%20Crisp&amp;viewAll=brand"><span class="checkbox-square checkbox-square-linked"></span><span class="checkbox-check icon-tick-white"></span><span class="visually-hidden">Filter by</span><span class="filter-label--line--inline">Cookie Crisp</span><span class="filter-label--line--inline">&nbsp;(1)</span></a></label></div></li><li class="filter-option__container" id="Cruga" data-auto="filter-option" data-auto-selected="false"><div class="checkbox" data-auto="checkbox"><input id="filter-option--Cruga-6620538" name="filter-option--Cruga-6620538" type="checkbox"><label class="checkbox-label" for="filter-option--Cruga-6620538" title="Cruga"><a class="filter-option--link" href="https://www.tesco.com/groceries/en-GB/shop/food-cupboard/all?brand=Cruga&amp;viewAll=brand"><span class="checkbox-square checkbox-square-linked"></span><span class="checkbox-check icon-tick-white"></span><span class="visually-hidden">Filter by</span><span class="filter-label--line--inline">Cruga</span><span class="filter-label--line--inline">&nbsp;(1)</span></a></label></div></li><li class="filter-option__container" id="Crunchy Nut" data-auto="filter-option" data-auto-selected="false"><div class="checkbox" data-auto="checkbox"><input id="filter-option--Crunchy-Nut-8408997" name="filter-option--Crunchy-Nut-8408997" type="checkbox"><label class="checkbox-label" for="filter-option--Crunchy-Nut-8408997" title="Crunchy Nut"><a class="filter-option--link" href="https://www.tesco.com/groceries/en-GB/shop/food-cupboard/all?brand=Crunchy%20Nut&amp;viewAll=brand"><span class="checkbox-square checkbox-square-linked"></span><span class="checkbox-check icon-tick-white"></span><span class="visually-hidden">Filter by</span><span class="filter-label--line--inline">Crunchy Nut</span><span class="filter-label--line--inline">&nbsp;(1)</span></a></label></div></li><li class="filter-option__container" id="Daddies" data-auto="filter-option" data-auto-selected="false"><div class="checkbox" data-auto="checkbox"><input id="filter-option--Daddies-3963817" name="filter-option--Daddies-3963817" type="checkbox"><label class="checkbox-label" for="filter-option--Daddies-3963817" title="Daddies"><a class="filter-option--link" href="https://www.tesco.com/groceries/en-GB/shop/food-cupboard/all?brand=Daddies&amp;viewAll=brand"><span class="checkbox-square checkbox-square-linked"></span><span class="checkbox-check icon-tick-white"></span><span class="visually-hidden">Filter by</span><span class="filter-label--line--inline">Daddies</span><span class="filter-label--line--inline">&nbsp;(1)</span></a></label></div></li><li class="filter-option__container" id="Dean&#39;s" data-auto="filter-option" data-auto-selected="false"><div class="checkbox" data-auto="checkbox"><input id="filter-option--Dean&#39;s-8876677" name="filter-option--Dean&#39;s-8876677" type="checkbox"><label class="checkbox-label" for="filter-option--Dean&#39;s-8876677" title="Dean&#39;s"><a class="filter-option--link" href="https://www.tesco.com/groceries/en-GB/shop/food-cupboard/all?brand=Dean%27s&amp;viewAll=brand"><span class="checkbox-square checkbox-square-linked"></span><span class="checkbox-check icon-tick-white"></span><span class="visually-hidden">Filter by</span><span class="filter-label--line--inline">Dean's</span><span class="filter-label--line--inline">&nbsp;(1)</span></a></label></div></li><li class="filter-option__container" id="Deco Morreno" data-auto="filter-option" data-auto-selected="false"><div class="checkbox" data-auto="checkbox"><input id="filter-option--Deco-Morreno-4996165" name="filter-option--Deco-Morreno-4996165" type="checkbox"><label class="checkbox-label" for="filter-option--Deco-Morreno-4996165" title="Deco Morreno"><a class="filter-option--link" href="https://www.tesco.com/groceries/en-GB/shop/food-cupboard/all?brand=Deco%20Morreno&amp;viewAll=brand"><span class="checkbox-square checkbox-square-linked"></span><span class="checkbox-check icon-tick-white"></span><span class="visually-hidden">Filter by</span><span class="filter-label--line--inline">Deco Morreno</span><span class="filter-label--line--inline">&nbsp;(1)</span></a></label></div></li><li class="filter-option__container" id="Delico" data-auto="filter-option" data-auto-selected="false"><div class="checkbox" data-auto="checkbox"><input id="filter-option--Delico-5399478" name="filter-option--Delico-5399478" type="checkbox"><label class="checkbox-label" for="filter-option--Delico-5399478" title="Delico"><a class="filter-option--link" href="https://www.tesco.com/groceries/en-GB/shop/food-cupboard/all?brand=Delico&amp;viewAll=brand"><span class="checkbox-square checkbox-square-linked"></span><span class="checkbox-check icon-tick-white"></span><span class="visually-hidden">Filter by</span><span class="filter-label--line--inline">Delico</span><span class="filter-label--line--inline">&nbsp;(1)</span></a></label></div></li><li class="filter-option__container" id="Devina" data-auto="filter-option" data-auto-selected="false"><div class="checkbox" data-auto="checkbox"><input id="filter-option--Devina-7998491" name="filter-option--Devina-7998491" type="checkbox"><label class="checkbox-label" for="filter-option--Devina-7998491" title="Devina"><a class="filter-option--link" href="https://www.tesco.com/groceries/en-GB/shop/food-cupboard/all?brand=Devina&amp;viewAll=brand"><span class="checkbox-square checkbox-square-linked"></span><span class="checkbox-check icon-tick-white"></span><span class="visually-hidden">Filter by</span><span class="filter-label--line--inline">Devina</span><span class="filter-label--line--inline">&nbsp;(1)</span></a></label></div></li><li class="filter-option__container" id="Discos" data-auto="filter-option" data-auto-selected="false"><div class="checkbox" data-auto="checkbox"><input id="filter-option--Discos-4217373" name="filter-option--Discos-4217373" type="checkbox"><label class="checkbox-label" for="filter-option--Discos-4217373" title="Discos"><a class="filter-option--link" href="https://www.tesco.com/groceries/en-GB/shop/food-cupboard/all?brand=Discos&amp;viewAll=brand"><span class="checkbox-square checkbox-square-linked"></span><span class="checkbox-check icon-tick-white"></span><span class="visually-hidden">Filter by</span><span class="filter-label--line--inline">Discos</span><span class="filter-label--line--inline">&nbsp;(1)</span></a></label></div></li><li class="filter-option__container" id="Donna Karen" data-auto="filter-option" data-auto-selected="false"><div class="checkbox" data-auto="checkbox"><input id="filter-option--Donna-Karen-8601424" name="filter-option--Donna-Karen-8601424" type="checkbox"><label class="checkbox-label" for="filter-option--Donna-Karen-8601424" title="Donna Karen"><a class="filter-option--link" href="https://www.tesco.com/groceries/en-GB/shop/food-cupboard/all?brand=Donna%20Karen&amp;viewAll=brand"><span class="checkbox-square checkbox-square-linked"></span><span class="checkbox-check icon-tick-white"></span><span class="visually-hidden">Filter by</span><span class="filter-label--line--inline">Donna Karen</span><span class="filter-label--line--inline">&nbsp;(1)</span></a></label></div></li><li class="filter-option__container" id="Doughlicious" data-auto="filter-option" data-auto-selected="false"><div class="checkbox" data-auto="checkbox"><input id="filter-option--Doughlicious-5121347" name="filter-option--Doughlicious-5121347" type="checkbox"><label class="checkbox-label" for="filter-option--Doughlicious-5121347" title="Doughlicious"><a class="filter-option--link" href="https://www.tesco.com/groceries/en-GB/shop/food-cupboard/all?brand=Doughlicious&amp;viewAll=brand"><span class="checkbox-square checkbox-square-linked"></span><span class="checkbox-check icon-tick-white"></span><span class="visually-hidden">Filter by</span><span class="filter-label--line--inline">Doughlicious</span><span class="filter-label--line--inline">&nbsp;(1)</span></a></label></div></li><li class="filter-option__container" id="Dragon Stout" data-auto="filter-option" data-auto-selected="false"><div class="checkbox" data-auto="checkbox"><input id="filter-option--Dragon-Stout-7170739" name="filter-option--Dragon-Stout-7170739" type="checkbox"><label class="checkbox-label" for="filter-option--Dragon-Stout-7170739" title="Dragon Stout"><a class="filter-option--link" href="https://www.tesco.com/groceries/en-GB/shop/food-cupboard/all?brand=Dragon%20Stout&amp;viewAll=brand"><span class="checkbox-square checkbox-square-linked"></span><span class="checkbox-check icon-tick-white"></span><span class="visually-hidden">Filter by</span><span class="filter-label--line--inline">Dragon Stout</span><span class="filter-label--line--inline">&nbsp;(1)</span></a></label></div></li><li class="filter-option__container" id="Dream" data-auto="filter-option" data-auto-selected="false"><div class="checkbox" data-auto="checkbox"><input id="filter-option--Dream-3992066" name="filter-option--Dream-3992066" type="checkbox"><label class="checkbox-label" for="filter-option--Dream-3992066" title="Dream"><a class="filter-option--link" href="https://www.tesco.com/groceries/en-GB/shop/food-cupboard/all?brand=Dream&amp;viewAll=brand"><span class="checkbox-square checkbox-square-linked"></span><span class="checkbox-check icon-tick-white"></span><span class="visually-hidden">Filter by</span><span class="filter-label--line--inline">Dream</span><span class="filter-label--line--inline">&nbsp;(1)</span></a></label></div></li><li class="filter-option__container" id="Ds-Gluten Free" data-auto="filter-option" data-auto-selected="false"><div class="checkbox" data-auto="checkbox"><input id="filter-option--Ds-Gluten-Free-2384928" name="filter-option--Ds-Gluten-Free-2384928" type="checkbox"><label class="checkbox-label" for="filter-option--Ds-Gluten-Free-2384928" title="Ds-Gluten Free"><a class="filter-option--link" href="https://www.tesco.com/groceries/en-GB/shop/food-cupboard/all?brand=Ds-Gluten%20Free&amp;viewAll=brand"><span class="checkbox-square checkbox-square-linked"></span><span class="checkbox-check icon-tick-white"></span><span class="visually-hidden">Filter by</span><span class="filter-label--line--inline">Ds-Gluten Free</span><span class="filter-label--line--inline">&nbsp;(1)</span></a></label></div></li><li class="filter-option__container" id="Dubble Bubble" data-auto="filter-option" data-auto-selected="false"><div class="checkbox" data-auto="checkbox"><input id="filter-option--Dubble-Bubble-7216928" name="filter-option--Dubble-Bubble-7216928" type="checkbox"><label class="checkbox-label" for="filter-option--Dubble-Bubble-7216928" title="Dubble Bubble"><a class="filter-option--link" href="https://www.tesco.com/groceries/en-GB/shop/food-cupboard/all?brand=Dubble%20Bubble&amp;viewAll=brand"><span class="checkbox-square checkbox-square-linked"></span><span class="checkbox-check icon-tick-white"></span><span class="visually-hidden">Filter by</span><span class="filter-label--line--inline">Dubble Bubble</span><span class="filter-label--line--inline">&nbsp;(1)</span></a></label></div></li><li class="filter-option__container" id="Eat Me" data-auto="filter-option" data-auto-selected="false"><div class="checkbox" data-auto="checkbox"><input id="filter-option--Eat-Me-888619" name="filter-option--Eat-Me-888619" type="checkbox"><label class="checkbox-label" for="filter-option--Eat-Me-888619" title="Eat Me"><a class="filter-option--link" href="https://www.tesco.com/groceries/en-GB/shop/food-cupboard/all?brand=Eat%20Me&amp;viewAll=brand"><span class="checkbox-square checkbox-square-linked"></span><span class="checkbox-check icon-tick-white"></span><span class="visually-hidden">Filter by</span><span class="filter-label--line--inline">Eat Me</span><span class="filter-label--line--inline">&nbsp;(1)</span></a></label></div></li><li class="filter-option__container" id="Edlers" data-auto="filter-option" data-auto-selected="false"><div class="checkbox" data-auto="checkbox"><input id="filter-option--Edlers-6489513" name="filter-option--Edlers-6489513" type="checkbox"><label class="checkbox-label" for="filter-option--Edlers-6489513" title="Edlers"><a class="filter-option--link" href="https://www.tesco.com/groceries/en-GB/shop/food-cupboard/all?brand=Edlers&amp;viewAll=brand"><span class="checkbox-square checkbox-square-linked"></span><span class="checkbox-check icon-tick-white"></span><span class="visually-hidden">Filter by</span><span class="filter-label--line--inline">Edlers</span><span class="filter-label--line--inline">&nbsp;(1)</span></a></label></div></li><li class="filter-option__container" id="El Maha" data-auto="filter-option" data-auto-selected="false"><div class="checkbox" data-auto="checkbox"><input id="filter-option--El-Maha-7951521" name="filter-option--El-Maha-7951521" type="checkbox"><label class="checkbox-label" for="filter-option--El-Maha-7951521" title="El Maha"><a class="filter-option--link" href="https://www.tesco.com/groceries/en-GB/shop/food-cupboard/all?brand=El%20Maha&amp;viewAll=brand"><span class="checkbox-square checkbox-square-linked"></span><span class="checkbox-check icon-tick-white"></span><span class="visually-hidden">Filter by</span><span class="filter-label--line--inline">El Maha</span><span class="filter-label--line--inline">&nbsp;(1)</span></a></label></div></li><li class="filter-option__container" id="Elders" data-auto="filter-option" data-auto-selected="false"><div class="checkbox" data-auto="checkbox"><input id="filter-option--Elders-6863696" name="filter-option--Elders-6863696" type="checkbox"><label class="checkbox-label" for="filter-option--Elders-6863696" title="Elders"><a class="filter-option--link" href="https://www.tesco.com/groceries/en-GB/shop/food-cupboard/all?brand=Elders&amp;viewAll=brand"><span class="checkbox-square checkbox-square-linked"></span><span class="checkbox-check icon-tick-white"></span><span class="visually-hidden">Filter by</span><span class="filter-label--line--inline">Elders</span><span class="filter-label--line--inline">&nbsp;(1)</span></a></label></div></li><li class="filter-option__container" id="Elizabeth Shaw" data-auto="filter-option" data-auto-selected="false"><div class="checkbox" data-auto="checkbox"><input id="filter-option--Elizabeth-Shaw-9885064" name="filter-option--Elizabeth-Shaw-9885064" type="checkbox"><label class="checkbox-label" for="filter-option--Elizabeth-Shaw-9885064" title="Elizabeth Shaw"><a class="filter-option--link" href="https://www.tesco.com/groceries/en-GB/shop/food-cupboard/all?brand=Elizabeth%20Shaw&amp;viewAll=brand"><span class="checkbox-square checkbox-square-linked"></span><span class="checkbox-check icon-tick-white"></span><span class="visually-hidden">Filter by</span><span class="filter-label--line--inline">Elizabeth Shaw</span><span class="filter-label--line--inline">&nbsp;(1)</span></a></label></div></li><li class="filter-option__container" id="Estrella" data-auto="filter-option" data-auto-selected="false"><div class="checkbox" data-auto="checkbox"><input id="filter-option--Estrella-7529263" name="filter-option--Estrella-7529263" type="checkbox"><label class="checkbox-label" for="filter-option--Estrella-7529263" title="Estrella"><a class="filter-option--link" href="https://www.tesco.com/groceries/en-GB/shop/food-cupboard/all?brand=Estrella&amp;viewAll=brand"><span class="checkbox-square checkbox-square-linked"></span><span class="checkbox-check icon-tick-white"></span><span class="visually-hidden">Filter by</span><span class="filter-label--line--inline">Estrella</span><span class="filter-label--line--inline">&nbsp;(1)</span></a></label></div></li><li class="filter-option__container" id="Famous Names" data-auto="filter-option" data-auto-selected="false"><div class="checkbox" data-auto="checkbox"><input id="filter-option--Famous-Names-6714185" name="filter-option--Famous-Names-6714185" type="checkbox"><label class="checkbox-label" for="filter-option--Famous-Names-6714185" title="Famous Names"><a class="filter-option--link" href="https://www.tesco.com/groceries/en-GB/shop/food-cupboard/all?brand=Famous%20Names&amp;viewAll=brand"><span class="checkbox-square checkbox-square-linked"></span><span class="checkbox-check icon-tick-white"></span><span class="visually-hidden">Filter by</span><span class="filter-label--line--inline">Famous Names</span><span class="filter-label--line--inline">&nbsp;(1)</span></a></label></div></li><li class="filter-option__container" id="Farabella" data-auto="filter-option" data-auto-selected="false"><div class="checkbox" data-auto="checkbox"><input id="filter-option--Farabella-9771623" name="filter-option--Farabella-9771623" type="checkbox"><label class="checkbox-label" for="filter-option--Farabella-9771623" title="Farabella"><a class="filter-option--link" href="https://www.tesco.com/groceries/en-GB/shop/food-cupboard/all?brand=Farabella&amp;viewAll=brand"><span class="checkbox-square checkbox-square-linked"></span><span class="checkbox-check icon-tick-white"></span><span class="visually-hidden">Filter by</span><span class="filter-label--line--inline">Farabella</span><span class="filter-label--line--inline">&nbsp;(1)</span></a></label></div></li><li class="filter-option__container" id="Farchioni" data-auto="filter-option" data-auto-selected="false"><div class="checkbox" data-auto="checkbox"><input id="filter-option--Farchioni-2216651" name="filter-option--Farchioni-2216651" type="checkbox"><label class="checkbox-label" for="filter-option--Farchioni-2216651" title="Farchioni"><a class="filter-option--link" href="https://www.tesco.com/groceries/en-GB/shop/food-cupboard/all?brand=Farchioni&amp;viewAll=brand"><span class="checkbox-square checkbox-square-linked"></span><span class="checkbox-check icon-tick-white"></span><span class="visually-hidden">Filter by</span><span class="filter-label--line--inline">Farchioni</span><span class="filter-label--line--inline">&nbsp;(1)</span></a></label></div></li><li class="filter-option__container" id="Farrow&#39;s" data-auto="filter-option" data-auto-selected="false"><div class="checkbox" data-auto="checkbox"><input id="filter-option--Farrow&#39;s-1496197" name="filter-option--Farrow&#39;s-1496197" type="checkbox"><label class="checkbox-label" for="filter-option--Farrow&#39;s-1496197" title="Farrow&#39;s"><a class="filter-option--link" href="https://www.tesco.com/groceries/en-GB/shop/food-cupboard/all?brand=Farrow%27s&amp;viewAll=brand"><span class="checkbox-square checkbox-square-linked"></span><span class="checkbox-check icon-tick-white"></span><span class="visually-hidden">Filter by</span><span class="filter-label--line--inline">Farrow's</span><span class="filter-label--line--inline">&nbsp;(1)</span></a></label></div></li><li class="filter-option__container" id="Ferrero Rocher" data-auto="filter-option" data-auto-selected="false"><div class="checkbox" data-auto="checkbox"><input id="filter-option--Ferrero-Rocher-4549206" name="filter-option--Ferrero-Rocher-4549206" type="checkbox"><label class="checkbox-label" for="filter-option--Ferrero-Rocher-4549206" title="Ferrero Rocher"><a class="filter-option--link" href="https://www.tesco.com/groceries/en-GB/shop/food-cupboard/all?brand=Ferrero%20Rocher&amp;viewAll=brand"><span class="checkbox-square checkbox-square-linked"></span><span class="checkbox-check icon-tick-white"></span><span class="visually-hidden">Filter by</span><span class="filter-label--line--inline">Ferrero Rocher</span><span class="filter-label--line--inline">&nbsp;(1)</span></a></label></div></li><li class="filter-option__container" id="Finn Crisp" data-auto="filter-option" data-auto-selected="false"><div class="checkbox" data-auto="checkbox"><input id="filter-option--Finn-Crisp-7966578" name="filter-option--Finn-Crisp-7966578" type="checkbox"><label class="checkbox-label" for="filter-option--Finn-Crisp-7966578" title="Finn Crisp"><a class="filter-option--link" href="https://www.tesco.com/groceries/en-GB/shop/food-cupboard/all?brand=Finn%20Crisp&amp;viewAll=brand"><span class="checkbox-square checkbox-square-linked"></span><span class="checkbox-check icon-tick-white"></span><span class="visually-hidden">Filter by</span><span class="filter-label--line--inline">Finn Crisp</span><span class="filter-label--line--inline">&nbsp;(1)</span></a></label></div></li><li class="filter-option__container" id="Foresight" data-auto="filter-option" data-auto-selected="false"><div class="checkbox" data-auto="checkbox"><input id="filter-option--Foresight-5034353" name="filter-option--Foresight-5034353" type="checkbox"><label class="checkbox-label" for="filter-option--Foresight-5034353" title="Foresight"><a class="filter-option--link" href="https://www.tesco.com/groceries/en-GB/shop/food-cupboard/all?brand=Foresight&amp;viewAll=brand"><span class="checkbox-square checkbox-square-linked"></span><span class="checkbox-check icon-tick-white"></span><span class="visually-hidden">Filter by</span><span class="filter-label--line--inline">Foresight</span><span class="filter-label--line--inline">&nbsp;(1)</span></a></label></div></li><li class="filter-option__container" id="Frank Coopers" data-auto="filter-option" data-auto-selected="false"><div class="checkbox" data-auto="checkbox"><input id="filter-option--Frank-Coopers-1142991" name="filter-option--Frank-Coopers-1142991" type="checkbox"><label class="checkbox-label" for="filter-option--Frank-Coopers-1142991" title="Frank Coopers"><a class="filter-option--link" href="https://www.tesco.com/groceries/en-GB/shop/food-cupboard/all?brand=Frank%20Coopers&amp;viewAll=brand"><span class="checkbox-square checkbox-square-linked"></span><span class="checkbox-check icon-tick-white"></span><span class="visually-hidden">Filter by</span><span class="filter-label--line--inline">Frank Coopers</span><span class="filter-label--line--inline">&nbsp;(1)</span></a></label></div></li><li class="filter-option__container" id="Freedom" data-auto="filter-option" data-auto-selected="false"><div class="checkbox" data-auto="checkbox"><input id="filter-option--Freedom-3741368" name="filter-option--Freedom-3741368" type="checkbox"><label class="checkbox-label" for="filter-option--Freedom-3741368" title="Freedom"><a class="filter-option--link" href="https://www.tesco.com/groceries/en-GB/shop/food-cupboard/all?brand=Freedom&amp;viewAll=brand"><span class="checkbox-square checkbox-square-linked"></span><span class="checkbox-check icon-tick-white"></span><span class="visually-hidden">Filter by</span><span class="filter-label--line--inline">Freedom</span><span class="filter-label--line--inline">&nbsp;(1)</span></a></label></div></li><li class="filter-option__container" id="French&#39;s" data-auto="filter-option" data-auto-selected="false"><div class="checkbox" data-auto="checkbox"><input id="filter-option--French&#39;s-9244737" name="filter-option--French&#39;s-9244737" type="checkbox"><label class="checkbox-label" for="filter-option--French&#39;s-9244737" title="French&#39;s"><a class="filter-option--link" href="https://www.tesco.com/groceries/en-GB/shop/food-cupboard/all?brand=French%27s&amp;viewAll=brand"><span class="checkbox-square checkbox-square-linked"></span><span class="checkbox-check icon-tick-white"></span><span class="visually-hidden">Filter by</span><span class="filter-label--line--inline">French's</span><span class="filter-label--line--inline">&nbsp;(1)</span></a></label></div></li><li class="filter-option__container" id="Frugo" data-auto="filter-option" data-auto-selected="false"><div class="checkbox" data-auto="checkbox"><input id="filter-option--Frugo-1117805" name="filter-option--Frugo-1117805" type="checkbox"><label class="checkbox-label" for="filter-option--Frugo-1117805" title="Frugo"><a class="filter-option--link" href="https://www.tesco.com/groceries/en-GB/shop/food-cupboard/all?brand=Frugo&amp;viewAll=brand"><span class="checkbox-square checkbox-square-linked"></span><span class="checkbox-check icon-tick-white"></span><span class="visually-hidden">Filter by</span><span class="filter-label--line--inline">Frugo</span><span class="filter-label--line--inline">&nbsp;(1)</span></a></label></div></li><li class="filter-option__container" id="Geo Organic" data-auto="filter-option" data-auto-selected="false"><div class="checkbox" data-auto="checkbox"><input id="filter-option--Geo-Organic-8343587" name="filter-option--Geo-Organic-8343587" type="checkbox"><label class="checkbox-label" for="filter-option--Geo-Organic-8343587" title="Geo Organic"><a class="filter-option--link" href="https://www.tesco.com/groceries/en-GB/shop/food-cupboard/all?brand=Geo%20Organic&amp;viewAll=brand"><span class="checkbox-square checkbox-square-linked"></span><span class="checkbox-check icon-tick-white"></span><span class="visually-hidden">Filter by</span><span class="filter-label--line--inline">Geo Organic</span><span class="filter-label--line--inline">&nbsp;(1)</span></a></label></div></li><li class="filter-option__container" id="Geo Watkins" data-auto="filter-option" data-auto-selected="false"><div class="checkbox" data-auto="checkbox"><input id="filter-option--Geo-Watkins-8626473" name="filter-option--Geo-Watkins-8626473" type="checkbox"><label class="checkbox-label" for="filter-option--Geo-Watkins-8626473" title="Geo Watkins"><a class="filter-option--link" href="https://www.tesco.com/groceries/en-GB/shop/food-cupboard/all?brand=Geo%20Watkins&amp;viewAll=brand"><span class="checkbox-square checkbox-square-linked"></span><span class="checkbox-check icon-tick-white"></span><span class="visually-hidden">Filter by</span><span class="filter-label--line--inline">Geo Watkins</span><span class="filter-label--line--inline">&nbsp;(1)</span></a></label></div></li><li class="filter-option__container" id="Ghana Best" data-auto="filter-option" data-auto-selected="false"><div class="checkbox" data-auto="checkbox"><input id="filter-option--Ghana-Best-7966908" name="filter-option--Ghana-Best-7966908" type="checkbox"><label class="checkbox-label" for="filter-option--Ghana-Best-7966908" title="Ghana Best"><a class="filter-option--link" href="https://www.tesco.com/groceries/en-GB/shop/food-cupboard/all?brand=Ghana%20Best&amp;viewAll=brand"><span class="checkbox-square checkbox-square-linked"></span><span class="checkbox-check icon-tick-white"></span><span class="visually-hidden">Filter by</span><span class="filter-label--line--inline">Ghana Best</span><span class="filter-label--line--inline">&nbsp;(1)</span></a></label></div></li><li class="filter-option__container" id="Gia" data-auto="filter-option" data-auto-selected="false"><div class="checkbox" data-auto="checkbox"><input id="filter-option--Gia-4208224" name="filter-option--Gia-4208224" type="checkbox"><label class="checkbox-label" for="filter-option--Gia-4208224" title="Gia"><a class="filter-option--link" href="https://www.tesco.com/groceries/en-GB/shop/food-cupboard/all?brand=Gia&amp;viewAll=brand"><span class="checkbox-square checkbox-square-linked"></span><span class="checkbox-check icon-tick-white"></span><span class="visually-hidden">Filter by</span><span class="filter-label--line--inline">Gia</span><span class="filter-label--line--inline">&nbsp;(1)</span></a></label></div></li><li class="filter-option__container" id="Gilberts" data-auto="filter-option" data-auto-selected="false"><div class="checkbox" data-auto="checkbox"><input id="filter-option--Gilberts-8164450" name="filter-option--Gilberts-8164450" type="checkbox"><label class="checkbox-label" for="filter-option--Gilberts-8164450" title="Gilberts"><a class="filter-option--link" href="https://www.tesco.com/groceries/en-GB/shop/food-cupboard/all?brand=Gilberts&amp;viewAll=brand"><span class="checkbox-square checkbox-square-linked"></span><span class="checkbox-check icon-tick-white"></span><span class="visually-hidden">Filter by</span><span class="filter-label--line--inline">Gilberts</span><span class="filter-label--line--inline">&nbsp;(1)</span></a></label></div></li><li class="filter-option__container" id="Gogo Squeez" data-auto="filter-option" data-auto-selected="false"><div class="checkbox" data-auto="checkbox"><input id="filter-option--Gogo-Squeez-4013746" name="filter-option--Gogo-Squeez-4013746" type="checkbox"><label class="checkbox-label" for="filter-option--Gogo-Squeez-4013746" title="Gogo Squeez"><a class="filter-option--link" href="https://www.tesco.com/groceries/en-GB/shop/food-cupboard/all?brand=Gogo%20Squeez&amp;viewAll=brand"><span class="checkbox-square checkbox-square-linked"></span><span class="checkbox-check icon-tick-white"></span><span class="visually-hidden">Filter by</span><span class="filter-label--line--inline">Gogo Squeez</span><span class="filter-label--line--inline">&nbsp;(1)</span></a></label></div></li><li class="filter-option__container" id="Gold" data-auto="filter-option" data-auto-selected="false"><div class="checkbox" data-auto="checkbox"><input id="filter-option--Gold-7208647" name="filter-option--Gold-7208647" type="checkbox"><label class="checkbox-label" for="filter-option--Gold-7208647" title="Gold"><a class="filter-option--link" href="https://www.tesco.com/groceries/en-GB/shop/food-cupboard/all?brand=Gold&amp;viewAll=brand"><span class="checkbox-square checkbox-square-linked"></span><span class="checkbox-check icon-tick-white"></span><span class="visually-hidden">Filter by</span><span class="filter-label--line--inline">Gold</span><span class="filter-label--line--inline">&nbsp;(1)</span></a></label></div></li><li class="filter-option__container" id="Goldenfields" data-auto="filter-option" data-auto-selected="false"><div class="checkbox" data-auto="checkbox"><input id="filter-option--Goldenfields-4483671" name="filter-option--Goldenfields-4483671" type="checkbox"><label class="checkbox-label" for="filter-option--Goldenfields-4483671" title="Goldenfields"><a class="filter-option--link" href="https://www.tesco.com/groceries/en-GB/shop/food-cupboard/all?brand=Goldenfields&amp;viewAll=brand"><span class="checkbox-square checkbox-square-linked"></span><span class="checkbox-check icon-tick-white"></span><span class="visually-hidden">Filter by</span><span class="filter-label--line--inline">Goldenfields</span><span class="filter-label--line--inline">&nbsp;(1)</span></a></label></div></li><li class="filter-option__container" id="Goldenfry" data-auto="filter-option" data-auto-selected="false"><div class="checkbox" data-auto="checkbox"><input id="filter-option--Goldenfry-9370016" name="filter-option--Goldenfry-9370016" type="checkbox"><label class="checkbox-label" for="filter-option--Goldenfry-9370016" title="Goldenfry"><a class="filter-option--link" href="https://www.tesco.com/groceries/en-GB/shop/food-cupboard/all?brand=Goldenfry&amp;viewAll=brand"><span class="checkbox-square checkbox-square-linked"></span><span class="checkbox-check icon-tick-white"></span><span class="visually-hidden">Filter by</span><span class="filter-label--line--inline">Goldenfry</span><span class="filter-label--line--inline">&nbsp;(1)</span></a></label></div></li><li class="filter-option__container" id="Good Hemp" data-auto="filter-option" data-auto-selected="false"><div class="checkbox" data-auto="checkbox"><input id="filter-option--Good-Hemp-5019390" name="filter-option--Good-Hemp-5019390" type="checkbox"><label class="checkbox-label" for="filter-option--Good-Hemp-5019390" title="Good Hemp"><a class="filter-option--link" href="https://www.tesco.com/groceries/en-GB/shop/food-cupboard/all?brand=Good%20Hemp&amp;viewAll=brand"><span class="checkbox-square checkbox-square-linked"></span><span class="checkbox-check icon-tick-white"></span><span class="visually-hidden">Filter by</span><span class="filter-label--line--inline">Good Hemp</span><span class="filter-label--line--inline">&nbsp;(1)</span></a></label></div></li><li class="filter-option__container" id="Good Oil" data-auto="filter-option" data-auto-selected="false"><div class="checkbox" data-auto="checkbox"><input id="filter-option--Good-Oil-3817233" name="filter-option--Good-Oil-3817233" type="checkbox"><label class="checkbox-label" for="filter-option--Good-Oil-3817233" title="Good Oil"><a class="filter-option--link" href="https://www.tesco.com/groceries/en-GB/shop/food-cupboard/all?brand=Good%20Oil&amp;viewAll=brand"><span class="checkbox-square checkbox-square-linked"></span><span class="checkbox-check icon-tick-white"></span><span class="visually-hidden">Filter by</span><span class="filter-label--line--inline">Good Oil</span><span class="filter-label--line--inline">&nbsp;(1)</span></a></label></div></li><li class="filter-option__container" id="Grants" data-auto="filter-option" data-auto-selected="false"><div class="checkbox" data-auto="checkbox"><input id="filter-option--Grants-7586718" name="filter-option--Grants-7586718" type="checkbox"><label class="checkbox-label" for="filter-option--Grants-7586718" title="Grants"><a class="filter-option--link" href="https://www.tesco.com/groceries/en-GB/shop/food-cupboard/all?brand=Grants&amp;viewAll=brand"><span class="checkbox-square checkbox-square-linked"></span><span class="checkbox-check icon-tick-white"></span><span class="visually-hidden">Filter by</span><span class="filter-label--line--inline">Grants</span><span class="filter-label--line--inline">&nbsp;(1)</span></a></label></div></li><li class="filter-option__container" id="Grape Nuts" data-auto="filter-option" data-auto-selected="false"><div class="checkbox" data-auto="checkbox"><input id="filter-option--Grape-Nuts-5631370" name="filter-option--Grape-Nuts-5631370" type="checkbox"><label class="checkbox-label" for="filter-option--Grape-Nuts-5631370" title="Grape Nuts"><a class="filter-option--link" href="https://www.tesco.com/groceries/en-GB/shop/food-cupboard/all?brand=Grape%20Nuts&amp;viewAll=brand"><span class="checkbox-square checkbox-square-linked"></span><span class="checkbox-check icon-tick-white"></span><span class="visually-hidden">Filter by</span><span class="filter-label--line--inline">Grape Nuts</span><span class="filter-label--line--inline">&nbsp;(1)</span></a></label></div></li><li class="filter-option__container" id="Great Scot" data-auto="filter-option" data-auto-selected="false"><div class="checkbox" data-auto="checkbox"><input id="filter-option--Great-Scot-691108" name="filter-option--Great-Scot-691108" type="checkbox"><label class="checkbox-label" for="filter-option--Great-Scot-691108" title="Great Scot"><a class="filter-option--link" href="https://www.tesco.com/groceries/en-GB/shop/food-cupboard/all?brand=Great%20Scot&amp;viewAll=brand"><span class="checkbox-square checkbox-square-linked"></span><span class="checkbox-check icon-tick-white"></span><span class="visually-hidden">Filter by</span><span class="filter-label--line--inline">Great Scot</span><span class="filter-label--line--inline">&nbsp;(1)</span></a></label></div></li><li class="filter-option__container" id="Greene King" data-auto="filter-option" data-auto-selected="false"><div class="checkbox" data-auto="checkbox"><input id="filter-option--Greene-King-3660043" name="filter-option--Greene-King-3660043" type="checkbox"><label class="checkbox-label" for="filter-option--Greene-King-3660043" title="Greene King"><a class="filter-option--link" href="https://www.tesco.com/groceries/en-GB/shop/food-cupboard/all?brand=Greene%20King&amp;viewAll=brand"><span class="checkbox-square checkbox-square-linked"></span><span class="checkbox-check icon-tick-white"></span><span class="visually-hidden">Filter by</span><span class="filter-label--line--inline">Greene King</span><span class="filter-label--line--inline">&nbsp;(1)</span></a></label></div></li><li class="filter-option__container" id="Gressingham" data-auto="filter-option" data-auto-selected="false"><div class="checkbox" data-auto="checkbox"><input id="filter-option--Gressingham-7151588" name="filter-option--Gressingham-7151588" type="checkbox"><label class="checkbox-label" for="filter-option--Gressingham-7151588" title="Gressingham"><a class="filter-option--link" href="https://www.tesco.com/groceries/en-GB/shop/food-cupboard/all?brand=Gressingham&amp;viewAll=brand"><span class="checkbox-square checkbox-square-linked"></span><span class="checkbox-check icon-tick-white"></span><span class="visually-hidden">Filter by</span><span class="filter-label--line--inline">Gressingham</span><span class="filter-label--line--inline">&nbsp;(1)</span></a></label></div></li><li class="filter-option__container" id="Gulder" data-auto="filter-option" data-auto-selected="false"><div class="checkbox" data-auto="checkbox"><input id="filter-option--Gulder-5929909" name="filter-option--Gulder-5929909" type="checkbox"><label class="checkbox-label" for="filter-option--Gulder-5929909" title="Gulder"><a class="filter-option--link" href="https://www.tesco.com/groceries/en-GB/shop/food-cupboard/all?brand=Gulder&amp;viewAll=brand"><span class="checkbox-square checkbox-square-linked"></span><span class="checkbox-check icon-tick-white"></span><span class="visually-hidden">Filter by</span><span class="filter-label--line--inline">Gulder</span><span class="filter-label--line--inline">&nbsp;(1)</span></a></label></div></li><li class="filter-option__container" id="Half Spoon" data-auto="filter-option" data-auto-selected="false"><div class="checkbox" data-auto="checkbox"><input id="filter-option--Half-Spoon-5363694" name="filter-option--Half-Spoon-5363694" type="checkbox"><label class="checkbox-label" for="filter-option--Half-Spoon-5363694" title="Half Spoon"><a class="filter-option--link" href="https://www.tesco.com/groceries/en-GB/shop/food-cupboard/all?brand=Half%20Spoon&amp;viewAll=brand"><span class="checkbox-square checkbox-square-linked"></span><span class="checkbox-check icon-tick-white"></span><span class="visually-hidden">Filter by</span><span class="filter-label--line--inline">Half Spoon</span><span class="filter-label--line--inline">&nbsp;(1)</span></a></label></div></li><li class="filter-option__container" id="Hapi" data-auto="filter-option" data-auto-selected="false"><div class="checkbox" data-auto="checkbox"><input id="filter-option--Hapi-9113902" name="filter-option--Hapi-9113902" type="checkbox"><label class="checkbox-label" for="filter-option--Hapi-9113902" title="Hapi"><a class="filter-option--link" href="https://www.tesco.com/groceries/en-GB/shop/food-cupboard/all?brand=Hapi&amp;viewAll=brand"><span class="checkbox-square checkbox-square-linked"></span><span class="checkbox-check icon-tick-white"></span><span class="visually-hidden">Filter by</span><span class="filter-label--line--inline">Hapi</span><span class="filter-label--line--inline">&nbsp;(1)</span></a></label></div></li><li class="filter-option__container" id="Hazlemere" data-auto="filter-option" data-auto-selected="false"><div class="checkbox" data-auto="checkbox"><input id="filter-option--Hazlemere-3081008" name="filter-option--Hazlemere-3081008" type="checkbox"><label class="checkbox-label" for="filter-option--Hazlemere-3081008" title="Hazlemere"><a class="filter-option--link" href="https://www.tesco.com/groceries/en-GB/shop/food-cupboard/all?brand=Hazlemere&amp;viewAll=brand"><span class="checkbox-square checkbox-square-linked"></span><span class="checkbox-check icon-tick-white"></span><span class="visually-hidden">Filter by</span><span class="filter-label--line--inline">Hazlemere</span><span class="filter-label--line--inline">&nbsp;(1)</span></a></label></div></li><li class="filter-option__container" id="Healthy Boy" data-auto="filter-option" data-auto-selected="false"><div class="checkbox" data-auto="checkbox"><input id="filter-option--Healthy-Boy-5316447" name="filter-option--Healthy-Boy-5316447" type="checkbox"><label class="checkbox-label" for="filter-option--Healthy-Boy-5316447" title="Healthy Boy"><a class="filter-option--link" href="https://www.tesco.com/groceries/en-GB/shop/food-cupboard/all?brand=Healthy%20Boy&amp;viewAll=brand"><span class="checkbox-square checkbox-square-linked"></span><span class="checkbox-check icon-tick-white"></span><span class="visually-hidden">Filter by</span><span class="filter-label--line--inline">Healthy Boy</span><span class="filter-label--line--inline">&nbsp;(1)</span></a></label></div></li><li class="filter-option__container" id="Hell" data-auto="filter-option" data-auto-selected="false"><div class="checkbox" data-auto="checkbox"><input id="filter-option--Hell-5066161" name="filter-option--Hell-5066161" type="checkbox"><label class="checkbox-label" for="filter-option--Hell-5066161" title="Hell"><a class="filter-option--link" href="https://www.tesco.com/groceries/en-GB/shop/food-cupboard/all?brand=Hell&amp;viewAll=brand"><span class="checkbox-square checkbox-square-linked"></span><span class="checkbox-check icon-tick-white"></span><span class="visually-hidden">Filter by</span><span class="filter-label--line--inline">Hell</span><span class="filter-label--line--inline">&nbsp;(1)</span></a></label></div></li><li class="filter-option__container" id="Hellena" data-auto="filter-option" data-auto-selected="false"><div class="checkbox" data-auto="checkbox"><input id="filter-option--Hellena-8447274" name="filter-option--Hellena-8447274" type="checkbox"><label class="checkbox-label" for="filter-option--Hellena-8447274" title="Hellena"><a class="filter-option--link" href="https://www.tesco.com/groceries/en-GB/shop/food-cupboard/all?brand=Hellena&amp;viewAll=brand"><span class="checkbox-square checkbox-square-linked"></span><span class="checkbox-check icon-tick-white"></span><span class="visually-hidden">Filter by</span><span class="filter-label--line--inline">Hellena</span><span class="filter-label--line--inline">&nbsp;(1)</span></a></label></div></li><li class="filter-option__container" id="Hersheys" data-auto="filter-option" data-auto-selected="false"><div class="checkbox" data-auto="checkbox"><input id="filter-option--Hersheys-1633850" name="filter-option--Hersheys-1633850" type="checkbox"><label class="checkbox-label" for="filter-option--Hersheys-1633850" title="Hersheys"><a class="filter-option--link" href="https://www.tesco.com/groceries/en-GB/shop/food-cupboard/all?brand=Hersheys&amp;viewAll=brand"><span class="checkbox-square checkbox-square-linked"></span><span class="checkbox-check icon-tick-white"></span><span class="visually-hidden">Filter by</span><span class="filter-label--line--inline">Hersheys</span><span class="filter-label--line--inline">&nbsp;(1)</span></a></label></div></li><li class="filter-option__container" id="Hilltop Honey" data-auto="filter-option" data-auto-selected="false"><div class="checkbox" data-auto="checkbox"><input id="filter-option--Hilltop-Honey-9988947" name="filter-option--Hilltop-Honey-9988947" type="checkbox"><label class="checkbox-label" for="filter-option--Hilltop-Honey-9988947" title="Hilltop Honey"><a class="filter-option--link" href="https://www.tesco.com/groceries/en-GB/shop/food-cupboard/all?brand=Hilltop%20Honey&amp;viewAll=brand"><span class="checkbox-square checkbox-square-linked"></span><span class="checkbox-check icon-tick-white"></span><span class="visually-hidden">Filter by</span><span class="filter-label--line--inline">Hilltop Honey</span><span class="filter-label--line--inline">&nbsp;(1)</span></a></label></div></li><li class="filter-option__container" id="Hochland" data-auto="filter-option" data-auto-selected="false"><div class="checkbox" data-auto="checkbox"><input id="filter-option--Hochland-3541365" name="filter-option--Hochland-3541365" type="checkbox"><label class="checkbox-label" for="filter-option--Hochland-3541365" title="Hochland"><a class="filter-option--link" href="https://www.tesco.com/groceries/en-GB/shop/food-cupboard/all?brand=Hochland&amp;viewAll=brand"><span class="checkbox-square checkbox-square-linked"></span><span class="checkbox-check icon-tick-white"></span><span class="visually-hidden">Filter by</span><span class="filter-label--line--inline">Hochland</span><span class="filter-label--line--inline">&nbsp;(1)</span></a></label></div></li><li class="filter-option__container" id="Honey Bun" data-auto="filter-option" data-auto-selected="false"><div class="checkbox" data-auto="checkbox"><input id="filter-option--Honey-Bun-3466138" name="filter-option--Honey-Bun-3466138" type="checkbox"><label class="checkbox-label" for="filter-option--Honey-Bun-3466138" title="Honey Bun"><a class="filter-option--link" href="https://www.tesco.com/groceries/en-GB/shop/food-cupboard/all?brand=Honey%20Bun&amp;viewAll=brand"><span class="checkbox-square checkbox-square-linked"></span><span class="checkbox-check icon-tick-white"></span><span class="visually-hidden">Filter by</span><span class="filter-label--line--inline">Honey Bun</span><span class="filter-label--line--inline">&nbsp;(1)</span></a></label></div></li><li class="filter-option__container" id="Honey Monster" data-auto="filter-option" data-auto-selected="false"><div class="checkbox" data-auto="checkbox"><input id="filter-option--Honey-Monster-7929551" name="filter-option--Honey-Monster-7929551" type="checkbox"><label class="checkbox-label" for="filter-option--Honey-Monster-7929551" title="Honey Monster"><a class="filter-option--link" href="https://www.tesco.com/groceries/en-GB/shop/food-cupboard/all?brand=Honey%20Monster&amp;viewAll=brand"><span class="checkbox-square checkbox-square-linked"></span><span class="checkbox-check icon-tick-white"></span><span class="visually-hidden">Filter by</span><span class="filter-label--line--inline">Honey Monster</span><span class="filter-label--line--inline">&nbsp;(1)</span></a></label></div></li><li class="filter-option__container" id="Honeyrose Bakery" data-auto="filter-option" data-auto-selected="false"><div class="checkbox" data-auto="checkbox"><input id="filter-option--Honeyrose-Bakery-8509728" name="filter-option--Honeyrose-Bakery-8509728" type="checkbox"><label class="checkbox-label" for="filter-option--Honeyrose-Bakery-8509728" title="Honeyrose Bakery"><a class="filter-option--link" href="https://www.tesco.com/groceries/en-GB/shop/food-cupboard/all?brand=Honeyrose%20Bakery&amp;viewAll=brand"><span class="checkbox-square checkbox-square-linked"></span><span class="checkbox-check icon-tick-white"></span><span class="visually-hidden">Filter by</span><span class="filter-label--line--block">Honeyrose</span><span class="filter-label--line--inline filter-label--line--truncate">Bakery</span><span class="filter-label--line--inline">&nbsp;(1)</span></a></label></div></li><li class="filter-option__container" id="House" data-auto="filter-option" data-auto-selected="false"><div class="checkbox" data-auto="checkbox"><input id="filter-option--House-3643213" name="filter-option--House-3643213" type="checkbox"><label class="checkbox-label" for="filter-option--House-3643213" title="House"><a class="filter-option--link" href="https://www.tesco.com/groceries/en-GB/shop/food-cupboard/all?brand=House&amp;viewAll=brand"><span class="checkbox-square checkbox-square-linked"></span><span class="checkbox-check icon-tick-white"></span><span class="visually-hidden">Filter by</span><span class="filter-label--line--inline">House</span><span class="filter-label--line--inline">&nbsp;(1)</span></a></label></div></li><li class="filter-option__container" id="Iliada" data-auto="filter-option" data-auto-selected="false"><div class="checkbox" data-auto="checkbox"><input id="filter-option--Iliada-5451758" name="filter-option--Iliada-5451758" type="checkbox"><label class="checkbox-label" for="filter-option--Iliada-5451758" title="Iliada"><a class="filter-option--link" href="https://www.tesco.com/groceries/en-GB/shop/food-cupboard/all?brand=Iliada&amp;viewAll=brand"><span class="checkbox-square checkbox-square-linked"></span><span class="checkbox-check icon-tick-white"></span><span class="visually-hidden">Filter by</span><span class="filter-label--line--inline">Iliada</span><span class="filter-label--line--inline">&nbsp;(1)</span></a></label></div></li><li class="filter-option__container" id="Innis &amp; Gunn" data-auto="filter-option" data-auto-selected="false"><div class="checkbox" data-auto="checkbox"><input id="filter-option--Innis-Gunn-106500" name="filter-option--Innis-Gunn-106500" type="checkbox"><label class="checkbox-label" for="filter-option--Innis-Gunn-106500" title="Innis &amp; Gunn"><a class="filter-option--link" href="https://www.tesco.com/groceries/en-GB/shop/food-cupboard/all?brand=Innis%20%26%20Gunn&amp;viewAll=brand"><span class="checkbox-square checkbox-square-linked"></span><span class="checkbox-check icon-tick-white"></span><span class="visually-hidden">Filter by</span><span class="filter-label--line--inline">Innis &amp; Gunn</span><span class="filter-label--line--inline">&nbsp;(1)</span></a></label></div></li><li class="filter-option__container" id="Italfresco" data-auto="filter-option" data-auto-selected="false"><div class="checkbox" data-auto="checkbox"><input id="filter-option--Italfresco-359748" name="filter-option--Italfresco-359748" type="checkbox"><label class="checkbox-label" for="filter-option--Italfresco-359748" title="Italfresco"><a class="filter-option--link" href="https://www.tesco.com/groceries/en-GB/shop/food-cupboard/all?brand=Italfresco&amp;viewAll=brand"><span class="checkbox-square checkbox-square-linked"></span><span class="checkbox-check icon-tick-white"></span><span class="visually-hidden">Filter by</span><span class="filter-label--line--inline">Italfresco</span><span class="filter-label--line--inline">&nbsp;(1)</span></a></label></div></li><li class="filter-option__container" id="Jamaicas Pride" data-auto="filter-option" data-auto-selected="false"><div class="checkbox" data-auto="checkbox"><input id="filter-option--Jamaicas-Pride-3651367" name="filter-option--Jamaicas-Pride-3651367" type="checkbox"><label class="checkbox-label" for="filter-option--Jamaicas-Pride-3651367" title="Jamaicas Pride"><a class="filter-option--link" href="https://www.tesco.com/groceries/en-GB/shop/food-cupboard/all?brand=Jamaicas%20Pride&amp;viewAll=brand"><span class="checkbox-square checkbox-square-linked"></span><span class="checkbox-check icon-tick-white"></span><span class="visually-hidden">Filter by</span><span class="filter-label--line--inline">Jamaicas Pride</span><span class="filter-label--line--inline">&nbsp;(1)</span></a></label></div></li><li class="filter-option__container" id="Jord" data-auto="filter-option" data-auto-selected="false"><div class="checkbox" data-auto="checkbox"><input id="filter-option--Jord-4448661" name="filter-option--Jord-4448661" type="checkbox"><label class="checkbox-label" for="filter-option--Jord-4448661" title="Jord"><a class="filter-option--link" href="https://www.tesco.com/groceries/en-GB/shop/food-cupboard/all?brand=Jord&amp;viewAll=brand"><span class="checkbox-square checkbox-square-linked"></span><span class="checkbox-check icon-tick-white"></span><span class="visually-hidden">Filter by</span><span class="filter-label--line--inline">Jord</span><span class="filter-label--line--inline">&nbsp;(1)</span></a></label></div></li><li class="filter-option__container" id="Juvela" data-auto="filter-option" data-auto-selected="false"><div class="checkbox" data-auto="checkbox"><input id="filter-option--Juvela-4456929" name="filter-option--Juvela-4456929" type="checkbox"><label class="checkbox-label" for="filter-option--Juvela-4456929" title="Juvela"><a class="filter-option--link" href="https://www.tesco.com/groceries/en-GB/shop/food-cupboard/all?brand=Juvela&amp;viewAll=brand"><span class="checkbox-square checkbox-square-linked"></span><span class="checkbox-check icon-tick-white"></span><span class="visually-hidden">Filter by</span><span class="filter-label--line--inline">Juvela</span><span class="filter-label--line--inline">&nbsp;(1)</span></a></label></div></li><li class="filter-option__container" id="Kabuto" data-auto="filter-option" data-auto-selected="false"><div class="checkbox" data-auto="checkbox"><input id="filter-option--Kabuto-4516334" name="filter-option--Kabuto-4516334" type="checkbox"><label class="checkbox-label" for="filter-option--Kabuto-4516334" title="Kabuto"><a class="filter-option--link" href="https://www.tesco.com/groceries/en-GB/shop/food-cupboard/all?brand=Kabuto&amp;viewAll=brand"><span class="checkbox-square checkbox-square-linked"></span><span class="checkbox-check icon-tick-white"></span><span class="visually-hidden">Filter by</span><span class="filter-label--line--inline">Kabuto</span><span class="filter-label--line--inline">&nbsp;(1)</span></a></label></div></li><li class="filter-option__container" id="Kidsmania" data-auto="filter-option" data-auto-selected="false"><div class="checkbox" data-auto="checkbox"><input id="filter-option--Kidsmania-938877" name="filter-option--Kidsmania-938877" type="checkbox"><label class="checkbox-label" for="filter-option--Kidsmania-938877" title="Kidsmania"><a class="filter-option--link" href="https://www.tesco.com/groceries/en-GB/shop/food-cupboard/all?brand=Kidsmania&amp;viewAll=brand"><span class="checkbox-square checkbox-square-linked"></span><span class="checkbox-check icon-tick-white"></span><span class="visually-hidden">Filter by</span><span class="filter-label--line--inline">Kidsmania</span><span class="filter-label--line--inline">&nbsp;(1)</span></a></label></div></li><li class="filter-option__container" id="Kings Snacks" data-auto="filter-option" data-auto-selected="false"><div class="checkbox" data-auto="checkbox"><input id="filter-option--Kings-Snacks-9327595" name="filter-option--Kings-Snacks-9327595" type="checkbox"><label class="checkbox-label" for="filter-option--Kings-Snacks-9327595" title="Kings Snacks"><a class="filter-option--link" href="https://www.tesco.com/groceries/en-GB/shop/food-cupboard/all?brand=Kings%20Snacks&amp;viewAll=brand"><span class="checkbox-square checkbox-square-linked"></span><span class="checkbox-check icon-tick-white"></span><span class="visually-hidden">Filter by</span><span class="filter-label--line--inline">Kings Snacks</span><span class="filter-label--line--inline">&nbsp;(1)</span></a></label></div></li><li class="filter-option__container" id="Kingsfood" data-auto="filter-option" data-auto-selected="false"><div class="checkbox" data-auto="checkbox"><input id="filter-option--Kingsfood-8964589" name="filter-option--Kingsfood-8964589" type="checkbox"><label class="checkbox-label" for="filter-option--Kingsfood-8964589" title="Kingsfood"><a class="filter-option--link" href="https://www.tesco.com/groceries/en-GB/shop/food-cupboard/all?brand=Kingsfood&amp;viewAll=brand"><span class="checkbox-square checkbox-square-linked"></span><span class="checkbox-check icon-tick-white"></span><span class="visually-hidden">Filter by</span><span class="filter-label--line--inline">Kingsfood</span><span class="filter-label--line--inline">&nbsp;(1)</span></a></label></div></li><li class="filter-option__container" id="Kinnerton" data-auto="filter-option" data-auto-selected="false"><div class="checkbox" data-auto="checkbox"><input id="filter-option--Kinnerton-8957844" name="filter-option--Kinnerton-8957844" type="checkbox"><label class="checkbox-label" for="filter-option--Kinnerton-8957844" title="Kinnerton"><a class="filter-option--link" href="https://www.tesco.com/groceries/en-GB/shop/food-cupboard/all?brand=Kinnerton&amp;viewAll=brand"><span class="checkbox-square checkbox-square-linked"></span><span class="checkbox-check icon-tick-white"></span><span class="visually-hidden">Filter by</span><span class="filter-label--line--inline">Kinnerton</span><span class="filter-label--line--inline">&nbsp;(1)</span></a></label></div></li><li class="filter-option__container" id="Knoppers" data-auto="filter-option" data-auto-selected="false"><div class="checkbox" data-auto="checkbox"><input id="filter-option--Knoppers-163628" name="filter-option--Knoppers-163628" type="checkbox"><label class="checkbox-label" for="filter-option--Knoppers-163628" title="Knoppers"><a class="filter-option--link" href="https://www.tesco.com/groceries/en-GB/shop/food-cupboard/all?brand=Knoppers&amp;viewAll=brand"><span class="checkbox-square checkbox-square-linked"></span><span class="checkbox-check icon-tick-white"></span><span class="visually-hidden">Filter by</span><span class="filter-label--line--inline">Knoppers</span><span class="filter-label--line--inline">&nbsp;(1)</span></a></label></div></li><li class="filter-option__container" id="Krombacher" data-auto="filter-option" data-auto-selected="false"><div class="checkbox" data-auto="checkbox"><input id="filter-option--Krombacher-1565234" name="filter-option--Krombacher-1565234" type="checkbox"><label class="checkbox-label" for="filter-option--Krombacher-1565234" title="Krombacher"><a class="filter-option--link" href="https://www.tesco.com/groceries/en-GB/shop/food-cupboard/all?brand=Krombacher&amp;viewAll=brand"><span class="checkbox-square checkbox-square-linked"></span><span class="checkbox-check icon-tick-white"></span><span class="visually-hidden">Filter by</span><span class="filter-label--line--inline">Krombacher</span><span class="filter-label--line--inline">&nbsp;(1)</span></a></label></div></li><li class="filter-option__container" id="Krupnik" data-auto="filter-option" data-auto-selected="false"><div class="checkbox" data-auto="checkbox"><input id="filter-option--Krupnik-7556337" name="filter-option--Krupnik-7556337" type="checkbox"><label class="checkbox-label" for="filter-option--Krupnik-7556337" title="Krupnik"><a class="filter-option--link" href="https://www.tesco.com/groceries/en-GB/shop/food-cupboard/all?brand=Krupnik&amp;viewAll=brand"><span class="checkbox-square checkbox-square-linked"></span><span class="checkbox-check icon-tick-white"></span><span class="visually-hidden">Filter by</span><span class="filter-label--line--inline">Krupnik</span><span class="filter-label--line--inline">&nbsp;(1)</span></a></label></div></li><li class="filter-option__container" id="Ktc" data-auto="filter-option" data-auto-selected="false"><div class="checkbox" data-auto="checkbox"><input id="filter-option--Ktc-5617439" name="filter-option--Ktc-5617439" type="checkbox"><label class="checkbox-label" for="filter-option--Ktc-5617439" title="Ktc"><a class="filter-option--link" href="https://www.tesco.com/groceries/en-GB/shop/food-cupboard/all?brand=Ktc&amp;viewAll=brand"><span class="checkbox-square checkbox-square-linked"></span><span class="checkbox-check icon-tick-white"></span><span class="visually-hidden">Filter by</span><span class="filter-label--line--inline">Ktc</span><span class="filter-label--line--inline">&nbsp;(1)</span></a></label></div></li><li class="filter-option__container" id="Kuji" data-auto="filter-option" data-auto-selected="false"><div class="checkbox" data-auto="checkbox"><input id="filter-option--Kuji-9637322" name="filter-option--Kuji-9637322" type="checkbox"><label class="checkbox-label" for="filter-option--Kuji-9637322" title="Kuji"><a class="filter-option--link" href="https://www.tesco.com/groceries/en-GB/shop/food-cupboard/all?brand=Kuji&amp;viewAll=brand"><span class="checkbox-square checkbox-square-linked"></span><span class="checkbox-check icon-tick-white"></span><span class="visually-hidden">Filter by</span><span class="filter-label--line--inline">Kuji</span><span class="filter-label--line--inline">&nbsp;(1)</span></a></label></div></li><li class="filter-option__container" id="Kurkure" data-auto="filter-option" data-auto-selected="false"><div class="checkbox" data-auto="checkbox"><input id="filter-option--Kurkure-5271276" name="filter-option--Kurkure-5271276" type="checkbox"><label class="checkbox-label" for="filter-option--Kurkure-5271276" title="Kurkure"><a class="filter-option--link" href="https://www.tesco.com/groceries/en-GB/shop/food-cupboard/all?brand=Kurkure&amp;viewAll=brand"><span class="checkbox-square checkbox-square-linked"></span><span class="checkbox-check icon-tick-white"></span><span class="visually-hidden">Filter by</span><span class="filter-label--line--inline">Kurkure</span><span class="filter-label--line--inline">&nbsp;(1)</span></a></label></div></li><li class="filter-option__container" id="L&#39;or." data-auto="filter-option" data-auto-selected="false"><div class="checkbox" data-auto="checkbox"><input id="filter-option--L&#39;or.-777961" name="filter-option--L&#39;or.-777961" type="checkbox"><label class="checkbox-label" for="filter-option--L&#39;or.-777961" title="L&#39;or."><a class="filter-option--link" href="https://www.tesco.com/groceries/en-GB/shop/food-cupboard/all?brand=L%27or.&amp;viewAll=brand"><span class="checkbox-square checkbox-square-linked"></span><span class="checkbox-check icon-tick-white"></span><span class="visually-hidden">Filter by</span><span class="filter-label--line--inline">L'or.</span><span class="filter-label--line--inline">&nbsp;(1)</span></a></label></div></li><li class="filter-option__container" id="La Doria" data-auto="filter-option" data-auto-selected="false"><div class="checkbox" data-auto="checkbox"><input id="filter-option--La-Doria-2135800" name="filter-option--La-Doria-2135800" type="checkbox"><label class="checkbox-label" for="filter-option--La-Doria-2135800" title="La Doria"><a class="filter-option--link" href="https://www.tesco.com/groceries/en-GB/shop/food-cupboard/all?brand=La%20Doria&amp;viewAll=brand"><span class="checkbox-square checkbox-square-linked"></span><span class="checkbox-check icon-tick-white"></span><span class="visually-hidden">Filter by</span><span class="filter-label--line--inline">La Doria</span><span class="filter-label--line--inline">&nbsp;(1)</span></a></label></div></li><li class="filter-option__container" id="La Fee" data-auto="filter-option" data-auto-selected="false"><div class="checkbox" data-auto="checkbox"><input id="filter-option--La-Fee-8730829" name="filter-option--La-Fee-8730829" type="checkbox"><label class="checkbox-label" for="filter-option--La-Fee-8730829" title="La Fee"><a class="filter-option--link" href="https://www.tesco.com/groceries/en-GB/shop/food-cupboard/all?brand=La%20Fee&amp;viewAll=brand"><span class="checkbox-square checkbox-square-linked"></span><span class="checkbox-check icon-tick-white"></span><span class="visually-hidden">Filter by</span><span class="filter-label--line--inline">La Fee</span><span class="filter-label--line--inline">&nbsp;(1)</span></a></label></div></li><li class="filter-option__container" id="La Rochelle" data-auto="filter-option" data-auto-selected="false"><div class="checkbox" data-auto="checkbox"><input id="filter-option--La-Rochelle-5511491" name="filter-option--La-Rochelle-5511491" type="checkbox"><label class="checkbox-label" for="filter-option--La-Rochelle-5511491" title="La Rochelle"><a class="filter-option--link" href="https://www.tesco.com/groceries/en-GB/shop/food-cupboard/all?brand=La%20Rochelle&amp;viewAll=brand"><span class="checkbox-square checkbox-square-linked"></span><span class="checkbox-check icon-tick-white"></span><span class="visually-hidden">Filter by</span><span class="filter-label--line--inline">La Rochelle</span><span class="filter-label--line--inline">&nbsp;(1)</span></a></label></div></li><li class="filter-option__container" id="Lajkonik" data-auto="filter-option" data-auto-selected="false"><div class="checkbox" data-auto="checkbox"><input id="filter-option--Lajkonik-6474067" name="filter-option--Lajkonik-6474067" type="checkbox"><label class="checkbox-label" for="filter-option--Lajkonik-6474067" title="Lajkonik"><a class="filter-option--link" href="https://www.tesco.com/groceries/en-GB/shop/food-cupboard/all?brand=Lajkonik&amp;viewAll=brand"><span class="checkbox-square checkbox-square-linked"></span><span class="checkbox-check icon-tick-white"></span><span class="visually-hidden">Filter by</span><span class="filter-label--line--inline">Lajkonik</span><span class="filter-label--line--inline">&nbsp;(1)</span></a></label></div></li><li class="filter-option__container" id="Lancashire Farm" data-auto="filter-option" data-auto-selected="false"><div class="checkbox" data-auto="checkbox"><input id="filter-option--Lancashire-Farm-5203690" name="filter-option--Lancashire-Farm-5203690" type="checkbox"><label class="checkbox-label" for="filter-option--Lancashire-Farm-5203690" title="Lancashire Farm"><a class="filter-option--link" href="https://www.tesco.com/groceries/en-GB/shop/food-cupboard/all?brand=Lancashire%20Farm&amp;viewAll=brand"><span class="checkbox-square checkbox-square-linked"></span><span class="checkbox-check icon-tick-white"></span><span class="visually-hidden">Filter by</span><span class="filter-label--line--block">Lancashire</span><span class="filter-label--line--inline filter-label--line--truncate">Farm</span><span class="filter-label--line--inline">&nbsp;(1)</span></a></label></div></li><li class="filter-option__container" id="Lees Of Scotland" data-auto="filter-option" data-auto-selected="false"><div class="checkbox" data-auto="checkbox"><input id="filter-option--Lees-Of-Scotland-7996778" name="filter-option--Lees-Of-Scotland-7996778" type="checkbox"><label class="checkbox-label" for="filter-option--Lees-Of-Scotland-7996778" title="Lees Of Scotland"><a class="filter-option--link" href="https://www.tesco.com/groceries/en-GB/shop/food-cupboard/all?brand=Lees%20Of%20Scotland&amp;viewAll=brand"><span class="checkbox-square checkbox-square-linked"></span><span class="checkbox-check icon-tick-white"></span><span class="visually-hidden">Filter by</span><span class="filter-label--line--block">Lees Of</span><span class="filter-label--line--inline filter-label--line--truncate">Scotland</span><span class="filter-label--line--inline">&nbsp;(1)</span></a></label></div></li><li class="filter-option__container" id="Levi Roots" data-auto="filter-option" data-auto-selected="false"><div class="checkbox" data-auto="checkbox"><input id="filter-option--Levi-Roots-755570" name="filter-option--Levi-Roots-755570" type="checkbox"><label class="checkbox-label" for="filter-option--Levi-Roots-755570" title="Levi Roots"><a class="filter-option--link" href="https://www.tesco.com/groceries/en-GB/shop/food-cupboard/all?brand=Levi%20Roots&amp;viewAll=brand"><span class="checkbox-square checkbox-square-linked"></span><span class="checkbox-check icon-tick-white"></span><span class="visually-hidden">Filter by</span><span class="filter-label--line--inline">Levi Roots</span><span class="filter-label--line--inline">&nbsp;(1)</span></a></label></div></li><li class="filter-option__container" id="Liberty" data-auto="filter-option" data-auto-selected="false"><div class="checkbox" data-auto="checkbox"><input id="filter-option--Liberty-979703" name="filter-option--Liberty-979703" type="checkbox"><label class="checkbox-label" for="filter-option--Liberty-979703" title="Liberty"><a class="filter-option--link" href="https://www.tesco.com/groceries/en-GB/shop/food-cupboard/all?brand=Liberty&amp;viewAll=brand"><span class="checkbox-square checkbox-square-linked"></span><span class="checkbox-check icon-tick-white"></span><span class="visually-hidden">Filter by</span><span class="filter-label--line--inline">Liberty</span><span class="filter-label--line--inline">&nbsp;(1)</span></a></label></div></li><li class="filter-option__container" id="Lipton" data-auto="filter-option" data-auto-selected="false"><div class="checkbox" data-auto="checkbox"><input id="filter-option--Lipton-2808118" name="filter-option--Lipton-2808118" type="checkbox"><label class="checkbox-label" for="filter-option--Lipton-2808118" title="Lipton"><a class="filter-option--link" href="https://www.tesco.com/groceries/en-GB/shop/food-cupboard/all?brand=Lipton&amp;viewAll=brand"><span class="checkbox-square checkbox-square-linked"></span><span class="checkbox-check icon-tick-white"></span><span class="visually-hidden">Filter by</span><span class="filter-label--line--inline">Lipton</span><span class="filter-label--line--inline">&nbsp;(1)</span></a></label></div></li><li class="filter-option__container" id="Loacker" data-auto="filter-option" data-auto-selected="false"><div class="checkbox" data-auto="checkbox"><input id="filter-option--Loacker-7032515" name="filter-option--Loacker-7032515" type="checkbox"><label class="checkbox-label" for="filter-option--Loacker-7032515" title="Loacker"><a class="filter-option--link" href="https://www.tesco.com/groceries/en-GB/shop/food-cupboard/all?brand=Loacker&amp;viewAll=brand"><span class="checkbox-square checkbox-square-linked"></span><span class="checkbox-check icon-tick-white"></span><span class="visually-hidden">Filter by</span><span class="filter-label--line--inline">Loacker</span><span class="filter-label--line--inline">&nbsp;(1)</span></a></label></div></li><li class="filter-option__container" id="Lotte" data-auto="filter-option" data-auto-selected="false"><div class="checkbox" data-auto="checkbox"><input id="filter-option--Lotte-4503252" name="filter-option--Lotte-4503252" type="checkbox"><label class="checkbox-label" for="filter-option--Lotte-4503252" title="Lotte"><a class="filter-option--link" href="https://www.tesco.com/groceries/en-GB/shop/food-cupboard/all?brand=Lotte&amp;viewAll=brand"><span class="checkbox-square checkbox-square-linked"></span><span class="checkbox-check icon-tick-white"></span><span class="visually-hidden">Filter by</span><span class="filter-label--line--inline">Lotte</span><span class="filter-label--line--inline">&nbsp;(1)</span></a></label></div></li><li class="filter-option__container" id="Lubella" data-auto="filter-option" data-auto-selected="false"><div class="checkbox" data-auto="checkbox"><input id="filter-option--Lubella-3574469" name="filter-option--Lubella-3574469" type="checkbox"><label class="checkbox-label" for="filter-option--Lubella-3574469" title="Lubella"><a class="filter-option--link" href="https://www.tesco.com/groceries/en-GB/shop/food-cupboard/all?brand=Lubella&amp;viewAll=brand"><span class="checkbox-square checkbox-square-linked"></span><span class="checkbox-check icon-tick-white"></span><span class="visually-hidden">Filter by</span><span class="filter-label--line--inline">Lubella</span><span class="filter-label--line--inline">&nbsp;(1)</span></a></label></div></li><li class="filter-option__container" id="Lykkeberg" data-auto="filter-option" data-auto-selected="false"><div class="checkbox" data-auto="checkbox"><input id="filter-option--Lykkeberg-5411093" name="filter-option--Lykkeberg-5411093" type="checkbox"><label class="checkbox-label" for="filter-option--Lykkeberg-5411093" title="Lykkeberg"><a class="filter-option--link" href="https://www.tesco.com/groceries/en-GB/shop/food-cupboard/all?brand=Lykkeberg&amp;viewAll=brand"><span class="checkbox-square checkbox-square-linked"></span><span class="checkbox-check icon-tick-white"></span><span class="visually-hidden">Filter by</span><span class="filter-label--line--inline">Lykkeberg</span><span class="filter-label--line--inline">&nbsp;(1)</span></a></label></div></li><li class="filter-option__container" id="Magicorn" data-auto="filter-option" data-auto-selected="false"><div class="checkbox" data-auto="checkbox"><input id="filter-option--Magicorn-6782154" name="filter-option--Magicorn-6782154" type="checkbox"><label class="checkbox-label" for="filter-option--Magicorn-6782154" title="Magicorn"><a class="filter-option--link" href="https://www.tesco.com/groceries/en-GB/shop/food-cupboard/all?brand=Magicorn&amp;viewAll=brand"><span class="checkbox-square checkbox-square-linked"></span><span class="checkbox-check icon-tick-white"></span><span class="visually-hidden">Filter by</span><span class="filter-label--line--inline">Magicorn</span><span class="filter-label--line--inline">&nbsp;(1)</span></a></label></div></li><li class="filter-option__container" id="Maille" data-auto="filter-option" data-auto-selected="false"><div class="checkbox" data-auto="checkbox"><input id="filter-option--Maille-5719639" name="filter-option--Maille-5719639" type="checkbox"><label class="checkbox-label" for="filter-option--Maille-5719639" title="Maille"><a class="filter-option--link" href="https://www.tesco.com/groceries/en-GB/shop/food-cupboard/all?brand=Maille&amp;viewAll=brand"><span class="checkbox-square checkbox-square-linked"></span><span class="checkbox-check icon-tick-white"></span><span class="visually-hidden">Filter by</span><span class="filter-label--line--inline">Maille</span><span class="filter-label--line--inline">&nbsp;(1)</span></a></label></div></li><li class="filter-option__container" id="Maldon" data-auto="filter-option" data-auto-selected="false"><div class="checkbox" data-auto="checkbox"><input id="filter-option--Maldon-9639905" name="filter-option--Maldon-9639905" type="checkbox"><label class="checkbox-label" for="filter-option--Maldon-9639905" title="Maldon"><a class="filter-option--link" href="https://www.tesco.com/groceries/en-GB/shop/food-cupboard/all?brand=Maldon&amp;viewAll=brand"><span class="checkbox-square checkbox-square-linked"></span><span class="checkbox-check icon-tick-white"></span><span class="visually-hidden">Filter by</span><span class="filter-label--line--inline">Maldon</span><span class="filter-label--line--inline">&nbsp;(1)</span></a></label></div></li><li class="filter-option__container" id="Malta" data-auto="filter-option" data-auto-selected="false"><div class="checkbox" data-auto="checkbox"><input id="filter-option--Malta-7665369" name="filter-option--Malta-7665369" type="checkbox"><label class="checkbox-label" for="filter-option--Malta-7665369" title="Malta"><a class="filter-option--link" href="https://www.tesco.com/groceries/en-GB/shop/food-cupboard/all?brand=Malta&amp;viewAll=brand"><span class="checkbox-square checkbox-square-linked"></span><span class="checkbox-check icon-tick-white"></span><span class="visually-hidden">Filter by</span><span class="filter-label--line--inline">Malta</span><span class="filter-label--line--inline">&nbsp;(1)</span></a></label></div></li><li class="filter-option__container" id="Maltina" data-auto="filter-option" data-auto-selected="false"><div class="checkbox" data-auto="checkbox"><input id="filter-option--Maltina-7283016" name="filter-option--Maltina-7283016" type="checkbox"><label class="checkbox-label" for="filter-option--Maltina-7283016" title="Maltina"><a class="filter-option--link" href="https://www.tesco.com/groceries/en-GB/shop/food-cupboard/all?brand=Maltina&amp;viewAll=brand"><span class="checkbox-square checkbox-square-linked"></span><span class="checkbox-check icon-tick-white"></span><span class="visually-hidden">Filter by</span><span class="filter-label--line--inline">Maltina</span><span class="filter-label--line--inline">&nbsp;(1)</span></a></label></div></li><li class="filter-option__container" id="Mamade" data-auto="filter-option" data-auto-selected="false"><div class="checkbox" data-auto="checkbox"><input id="filter-option--Mamade-5955472" name="filter-option--Mamade-5955472" type="checkbox"><label class="checkbox-label" for="filter-option--Mamade-5955472" title="Mamade"><a class="filter-option--link" href="https://www.tesco.com/groceries/en-GB/shop/food-cupboard/all?brand=Mamade&amp;viewAll=brand"><span class="checkbox-square checkbox-square-linked"></span><span class="checkbox-check icon-tick-white"></span><span class="visually-hidden">Filter by</span><span class="filter-label--line--inline">Mamade</span><span class="filter-label--line--inline">&nbsp;(1)</span></a></label></div></li><li class="filter-option__container" id="Marvel" data-auto="filter-option" data-auto-selected="false"><div class="checkbox" data-auto="checkbox"><input id="filter-option--Marvel-5113581" name="filter-option--Marvel-5113581" type="checkbox"><label class="checkbox-label" for="filter-option--Marvel-5113581" title="Marvel"><a class="filter-option--link" href="https://www.tesco.com/groceries/en-GB/shop/food-cupboard/all?brand=Marvel&amp;viewAll=brand"><span class="checkbox-square checkbox-square-linked"></span><span class="checkbox-check icon-tick-white"></span><span class="visually-hidden">Filter by</span><span class="filter-label--line--inline">Marvel</span><span class="filter-label--line--inline">&nbsp;(1)</span></a></label></div></li><li class="filter-option__container" id="Mcdonnells" data-auto="filter-option" data-auto-selected="false"><div class="checkbox" data-auto="checkbox"><input id="filter-option--Mcdonnells-3203442" name="filter-option--Mcdonnells-3203442" type="checkbox"><label class="checkbox-label" for="filter-option--Mcdonnells-3203442" title="Mcdonnells"><a class="filter-option--link" href="https://www.tesco.com/groceries/en-GB/shop/food-cupboard/all?brand=Mcdonnells&amp;viewAll=brand"><span class="checkbox-square checkbox-square-linked"></span><span class="checkbox-check icon-tick-white"></span><span class="visually-hidden">Filter by</span><span class="filter-label--line--inline">Mcdonnells</span><span class="filter-label--line--inline">&nbsp;(1)</span></a></label></div></li><li class="filter-option__container" id="Mclas" data-auto="filter-option" data-auto-selected="false"><div class="checkbox" data-auto="checkbox"><input id="filter-option--Mclas-5413512" name="filter-option--Mclas-5413512" type="checkbox"><label class="checkbox-label" for="filter-option--Mclas-5413512" title="Mclas"><a class="filter-option--link" href="https://www.tesco.com/groceries/en-GB/shop/food-cupboard/all?brand=Mclas&amp;viewAll=brand"><span class="checkbox-square checkbox-square-linked"></span><span class="checkbox-check icon-tick-white"></span><span class="visually-hidden">Filter by</span><span class="filter-label--line--inline">Mclas</span><span class="filter-label--line--inline">&nbsp;(1)</span></a></label></div></li><li class="filter-option__container" id="Me To You" data-auto="filter-option" data-auto-selected="false"><div class="checkbox" data-auto="checkbox"><input id="filter-option--Me-To-You-7301020" name="filter-option--Me-To-You-7301020" type="checkbox"><label class="checkbox-label" for="filter-option--Me-To-You-7301020" title="Me To You"><a class="filter-option--link" href="https://www.tesco.com/groceries/en-GB/shop/food-cupboard/all?brand=Me%20To%20You&amp;viewAll=brand"><span class="checkbox-square checkbox-square-linked"></span><span class="checkbox-check icon-tick-white"></span><span class="visually-hidden">Filter by</span><span class="filter-label--line--inline">Me To You</span><span class="filter-label--line--inline">&nbsp;(1)</span></a></label></div></li><li class="filter-option__container" id="Me Too Foods" data-auto="filter-option" data-auto-selected="false"><div class="checkbox" data-auto="checkbox"><input id="filter-option--Me-Too-Foods-3627677" name="filter-option--Me-Too-Foods-3627677" type="checkbox"><label class="checkbox-label" for="filter-option--Me-Too-Foods-3627677" title="Me Too Foods"><a class="filter-option--link" href="https://www.tesco.com/groceries/en-GB/shop/food-cupboard/all?brand=Me%20Too%20Foods&amp;viewAll=brand"><span class="checkbox-square checkbox-square-linked"></span><span class="checkbox-check icon-tick-white"></span><span class="visually-hidden">Filter by</span><span class="filter-label--line--inline">Me Too Foods</span><span class="filter-label--line--inline">&nbsp;(1)</span></a></label></div></li><li class="filter-option__container" id="Merci" data-auto="filter-option" data-auto-selected="false"><div class="checkbox" data-auto="checkbox"><input id="filter-option--Merci-2184055" name="filter-option--Merci-2184055" type="checkbox"><label class="checkbox-label" for="filter-option--Merci-2184055" title="Merci"><a class="filter-option--link" href="https://www.tesco.com/groceries/en-GB/shop/food-cupboard/all?brand=Merci&amp;viewAll=brand"><span class="checkbox-square checkbox-square-linked"></span><span class="checkbox-check icon-tick-white"></span><span class="visually-hidden">Filter by</span><span class="filter-label--line--inline">Merci</span><span class="filter-label--line--inline">&nbsp;(1)</span></a></label></div></li><li class="filter-option__container" id="Mighty" data-auto="filter-option" data-auto-selected="false"><div class="checkbox" data-auto="checkbox"><input id="filter-option--Mighty-1984319" name="filter-option--Mighty-1984319" type="checkbox"><label class="checkbox-label" for="filter-option--Mighty-1984319" title="Mighty"><a class="filter-option--link" href="https://www.tesco.com/groceries/en-GB/shop/food-cupboard/all?brand=Mighty&amp;viewAll=brand"><span class="checkbox-square checkbox-square-linked"></span><span class="checkbox-check icon-tick-white"></span><span class="visually-hidden">Filter by</span><span class="filter-label--line--inline">Mighty</span><span class="filter-label--line--inline">&nbsp;(1)</span></a></label></div></li><li class="filter-option__container" id="Milkyway" data-auto="filter-option" data-auto-selected="false"><div class="checkbox" data-auto="checkbox"><input id="filter-option--Milkyway-5649256" name="filter-option--Milkyway-5649256" type="checkbox"><label class="checkbox-label" for="filter-option--Milkyway-5649256" title="Milkyway"><a class="filter-option--link" href="https://www.tesco.com/groceries/en-GB/shop/food-cupboard/all?brand=Milkyway&amp;viewAll=brand"><span class="checkbox-square checkbox-square-linked"></span><span class="checkbox-check icon-tick-white"></span><span class="visually-hidden">Filter by</span><span class="filter-label--line--inline">Milkyway</span><span class="filter-label--line--inline">&nbsp;(1)</span></a></label></div></li><li class="filter-option__container" id="Milo" data-auto="filter-option" data-auto-selected="false"><div class="checkbox" data-auto="checkbox"><input id="filter-option--Milo-3727939" name="filter-option--Milo-3727939" type="checkbox"><label class="checkbox-label" for="filter-option--Milo-3727939" title="Milo"><a class="filter-option--link" href="https://www.tesco.com/groceries/en-GB/shop/food-cupboard/all?brand=Milo&amp;viewAll=brand"><span class="checkbox-square checkbox-square-linked"></span><span class="checkbox-check icon-tick-white"></span><span class="visually-hidden">Filter by</span><span class="filter-label--line--inline">Milo</span><span class="filter-label--line--inline">&nbsp;(1)</span></a></label></div></li><li class="filter-option__container" id="Milton" data-auto="filter-option" data-auto-selected="false"><div class="checkbox" data-auto="checkbox"><input id="filter-option--Milton-8097502" name="filter-option--Milton-8097502" type="checkbox"><label class="checkbox-label" for="filter-option--Milton-8097502" title="Milton"><a class="filter-option--link" href="https://www.tesco.com/groceries/en-GB/shop/food-cupboard/all?brand=Milton&amp;viewAll=brand"><span class="checkbox-square checkbox-square-linked"></span><span class="checkbox-check icon-tick-white"></span><span class="visually-hidden">Filter by</span><span class="filter-label--line--inline">Milton</span><span class="filter-label--line--inline">&nbsp;(1)</span></a></label></div></li><li class="filter-option__container" id="Mornflake" data-auto="filter-option" data-auto-selected="false"><div class="checkbox" data-auto="checkbox"><input id="filter-option--Mornflake-6257928" name="filter-option--Mornflake-6257928" type="checkbox"><label class="checkbox-label" for="filter-option--Mornflake-6257928" title="Mornflake"><a class="filter-option--link" href="https://www.tesco.com/groceries/en-GB/shop/food-cupboard/all?brand=Mornflake&amp;viewAll=brand"><span class="checkbox-square checkbox-square-linked"></span><span class="checkbox-check icon-tick-white"></span><span class="visually-hidden">Filter by</span><span class="filter-label--line--inline">Mornflake</span><span class="filter-label--line--inline">&nbsp;(1)</span></a></label></div></li><li class="filter-option__container" id="Moryn" data-auto="filter-option" data-auto-selected="false"><div class="checkbox" data-auto="checkbox"><input id="filter-option--Moryn-2322525" name="filter-option--Moryn-2322525" type="checkbox"><label class="checkbox-label" for="filter-option--Moryn-2322525" title="Moryn"><a class="filter-option--link" href="https://www.tesco.com/groceries/en-GB/shop/food-cupboard/all?brand=Moryn&amp;viewAll=brand"><span class="checkbox-square checkbox-square-linked"></span><span class="checkbox-check icon-tick-white"></span><span class="visually-hidden">Filter by</span><span class="filter-label--line--inline">Moryn</span><span class="filter-label--line--inline">&nbsp;(1)</span></a></label></div></li><li class="filter-option__container" id="Mr Hugh&#39;s" data-auto="filter-option" data-auto-selected="false"><div class="checkbox" data-auto="checkbox"><input id="filter-option--Mr-Hugh&#39;s-5944810" name="filter-option--Mr-Hugh&#39;s-5944810" type="checkbox"><label class="checkbox-label" for="filter-option--Mr-Hugh&#39;s-5944810" title="Mr Hugh&#39;s"><a class="filter-option--link" href="https://www.tesco.com/groceries/en-GB/shop/food-cupboard/all?brand=Mr%20Hugh%27s&amp;viewAll=brand"><span class="checkbox-square checkbox-square-linked"></span><span class="checkbox-check icon-tick-white"></span><span class="visually-hidden">Filter by</span><span class="filter-label--line--inline">Mr Hugh's</span><span class="filter-label--line--inline">&nbsp;(1)</span></a></label></div></li><li class="filter-option__container" id="Mr Kipling" data-auto="filter-option" data-auto-selected="false"><div class="checkbox" data-auto="checkbox"><input id="filter-option--Mr-Kipling-135033" name="filter-option--Mr-Kipling-135033" type="checkbox"><label class="checkbox-label" for="filter-option--Mr-Kipling-135033" title="Mr Kipling"><a class="filter-option--link" href="https://www.tesco.com/groceries/en-GB/shop/food-cupboard/all?brand=Mr%20Kipling&amp;viewAll=brand"><span class="checkbox-square checkbox-square-linked"></span><span class="checkbox-check icon-tick-white"></span><span class="visually-hidden">Filter by</span><span class="filter-label--line--inline">Mr Kipling</span><span class="filter-label--line--inline">&nbsp;(1)</span></a></label></div></li><li class="filter-option__container" id="Mr Prawn" data-auto="filter-option" data-auto-selected="false"><div class="checkbox" data-auto="checkbox"><input id="filter-option--Mr-Prawn-1523233" name="filter-option--Mr-Prawn-1523233" type="checkbox"><label class="checkbox-label" for="filter-option--Mr-Prawn-1523233" title="Mr Prawn"><a class="filter-option--link" href="https://www.tesco.com/groceries/en-GB/shop/food-cupboard/all?brand=Mr%20Prawn&amp;viewAll=brand"><span class="checkbox-square checkbox-square-linked"></span><span class="checkbox-check icon-tick-white"></span><span class="visually-hidden">Filter by</span><span class="filter-label--line--inline">Mr Prawn</span><span class="filter-label--line--inline">&nbsp;(1)</span></a></label></div></li><li class="filter-option__container" id="Mrs Balls" data-auto="filter-option" data-auto-selected="false"><div class="checkbox" data-auto="checkbox"><input id="filter-option--Mrs-Balls-7611039" name="filter-option--Mrs-Balls-7611039" type="checkbox"><label class="checkbox-label" for="filter-option--Mrs-Balls-7611039" title="Mrs Balls"><a class="filter-option--link" href="https://www.tesco.com/groceries/en-GB/shop/food-cupboard/all?brand=Mrs%20Balls&amp;viewAll=brand"><span class="checkbox-square checkbox-square-linked"></span><span class="checkbox-check icon-tick-white"></span><span class="visually-hidden">Filter by</span><span class="filter-label--line--inline">Mrs Balls</span><span class="filter-label--line--inline">&nbsp;(1)</span></a></label></div></li><li class="filter-option__container" id="Mrs Elswood" data-auto="filter-option" data-auto-selected="false"><div class="checkbox" data-auto="checkbox"><input id="filter-option--Mrs-Elswood-9796790" name="filter-option--Mrs-Elswood-9796790" type="checkbox"><label class="checkbox-label" for="filter-option--Mrs-Elswood-9796790" title="Mrs Elswood"><a class="filter-option--link" href="https://www.tesco.com/groceries/en-GB/shop/food-cupboard/all?brand=Mrs%20Elswood&amp;viewAll=brand"><span class="checkbox-square checkbox-square-linked"></span><span class="checkbox-check icon-tick-white"></span><span class="visually-hidden">Filter by</span><span class="filter-label--line--inline">Mrs Elswood</span><span class="filter-label--line--inline">&nbsp;(1)</span></a></label></div></li><li class="filter-option__container" id="N-Gine" data-auto="filter-option" data-auto-selected="false"><div class="checkbox" data-auto="checkbox"><input id="filter-option--N-Gine-9377906" name="filter-option--N-Gine-9377906" type="checkbox"><label class="checkbox-label" for="filter-option--N-Gine-9377906" title="N-Gine"><a class="filter-option--link" href="https://www.tesco.com/groceries/en-GB/shop/food-cupboard/all?brand=N-Gine&amp;viewAll=brand"><span class="checkbox-square checkbox-square-linked"></span><span class="checkbox-check icon-tick-white"></span><span class="visually-hidden">Filter by</span><span class="filter-label--line--inline">N-Gine</span><span class="filter-label--line--inline">&nbsp;(1)</span></a></label></div></li><li class="filter-option__container" id="Nairn&#39;s" data-auto="filter-option" data-auto-selected="false"><div class="checkbox" data-auto="checkbox"><input id="filter-option--Nairn&#39;s-4767057" name="filter-option--Nairn&#39;s-4767057" type="checkbox"><label class="checkbox-label" for="filter-option--Nairn&#39;s-4767057" title="Nairn&#39;s"><a class="filter-option--link" href="https://www.tesco.com/groceries/en-GB/shop/food-cupboard/all?brand=Nairn%27s&amp;viewAll=brand"><span class="checkbox-square checkbox-square-linked"></span><span class="checkbox-check icon-tick-white"></span><span class="visually-hidden">Filter by</span><span class="filter-label--line--inline">Nairn's</span><span class="filter-label--line--inline">&nbsp;(1)</span></a></label></div></li><li class="filter-option__container" id="New York Bakery" data-auto="filter-option" data-auto-selected="false"><div class="checkbox" data-auto="checkbox"><input id="filter-option--New-York-Bakery-9680644" name="filter-option--New-York-Bakery-9680644" type="checkbox"><label class="checkbox-label" for="filter-option--New-York-Bakery-9680644" title="New York Bakery"><a class="filter-option--link" href="https://www.tesco.com/groceries/en-GB/shop/food-cupboard/all?brand=New%20York%20Bakery&amp;viewAll=brand"><span class="checkbox-square checkbox-square-linked"></span><span class="checkbox-check icon-tick-white"></span><span class="visually-hidden">Filter by</span><span class="filter-label--line--block">New York</span><span class="filter-label--line--inline filter-label--line--truncate">Bakery</span><span class="filter-label--line--inline">&nbsp;(1)</span></a></label></div></li><li class="filter-option__container" id="Nutribrex" data-auto="filter-option" data-auto-selected="false"><div class="checkbox" data-auto="checkbox"><input id="filter-option--Nutribrex-9928672" name="filter-option--Nutribrex-9928672" type="checkbox"><label class="checkbox-label" for="filter-option--Nutribrex-9928672" title="Nutribrex"><a class="filter-option--link" href="https://www.tesco.com/groceries/en-GB/shop/food-cupboard/all?brand=Nutribrex&amp;viewAll=brand"><span class="checkbox-square checkbox-square-linked"></span><span class="checkbox-check icon-tick-white"></span><span class="visually-hidden">Filter by</span><span class="filter-label--line--inline">Nutribrex</span><span class="filter-label--line--inline">&nbsp;(1)</span></a></label></div></li><li class="filter-option__container" id="Old Speckled Hen" data-auto="filter-option" data-auto-selected="false"><div class="checkbox" data-auto="checkbox"><input id="filter-option--Old-Speckled-Hen-809132" name="filter-option--Old-Speckled-Hen-809132" type="checkbox"><label class="checkbox-label" for="filter-option--Old-Speckled-Hen-809132" title="Old Speckled Hen"><a class="filter-option--link" href="https://www.tesco.com/groceries/en-GB/shop/food-cupboard/all?brand=Old%20Speckled%20Hen&amp;viewAll=brand"><span class="checkbox-square checkbox-square-linked"></span><span class="checkbox-check icon-tick-white"></span><span class="visually-hidden">Filter by</span><span class="filter-label--line--block">Old Speckled</span><span class="filter-label--line--inline filter-label--line--truncate">Hen</span><span class="filter-label--line--inline">&nbsp;(1)</span></a></label></div></li><li class="filter-option__container" id="Olivio" data-auto="filter-option" data-auto-selected="false"><div class="checkbox" data-auto="checkbox"><input id="filter-option--Olivio-2824009" name="filter-option--Olivio-2824009" type="checkbox"><label class="checkbox-label" for="filter-option--Olivio-2824009" title="Olivio"><a class="filter-option--link" href="https://www.tesco.com/groceries/en-GB/shop/food-cupboard/all?brand=Olivio&amp;viewAll=brand"><span class="checkbox-square checkbox-square-linked"></span><span class="checkbox-check icon-tick-white"></span><span class="visually-hidden">Filter by</span><span class="filter-label--line--inline">Olivio</span><span class="filter-label--line--inline">&nbsp;(1)</span></a></label></div></li><li class="filter-option__container" id="Olza" data-auto="filter-option" data-auto-selected="false"><div class="checkbox" data-auto="checkbox"><input id="filter-option--Olza-3817766" name="filter-option--Olza-3817766" type="checkbox"><label class="checkbox-label" for="filter-option--Olza-3817766" title="Olza"><a class="filter-option--link" href="https://www.tesco.com/groceries/en-GB/shop/food-cupboard/all?brand=Olza&amp;viewAll=brand"><span class="checkbox-square checkbox-square-linked"></span><span class="checkbox-check icon-tick-white"></span><span class="visually-hidden">Filter by</span><span class="filter-label--line--inline">Olza</span><span class="filter-label--line--inline">&nbsp;(1)</span></a></label></div></li><li class="filter-option__container" id="Organic" data-auto="filter-option" data-auto-selected="false"><div class="checkbox" data-auto="checkbox"><input id="filter-option--Organic-2633188" name="filter-option--Organic-2633188" type="checkbox"><label class="checkbox-label" for="filter-option--Organic-2633188" title="Organic"><a class="filter-option--link" href="https://www.tesco.com/groceries/en-GB/shop/food-cupboard/all?brand=Organic&amp;viewAll=brand"><span class="checkbox-square checkbox-square-linked"></span><span class="checkbox-check icon-tick-white"></span><span class="visually-hidden">Filter by</span><span class="filter-label--line--inline">Organic</span><span class="filter-label--line--inline">&nbsp;(1)</span></a></label></div></li><li class="filter-option__container" id="Pagen" data-auto="filter-option" data-auto-selected="false"><div class="checkbox" data-auto="checkbox"><input id="filter-option--Pagen-5801375" name="filter-option--Pagen-5801375" type="checkbox"><label class="checkbox-label" for="filter-option--Pagen-5801375" title="Pagen"><a class="filter-option--link" href="https://www.tesco.com/groceries/en-GB/shop/food-cupboard/all?brand=Pagen&amp;viewAll=brand"><span class="checkbox-square checkbox-square-linked"></span><span class="checkbox-check icon-tick-white"></span><span class="visually-hidden">Filter by</span><span class="filter-label--line--inline">Pagen</span><span class="filter-label--line--inline">&nbsp;(1)</span></a></label></div></li><li class="filter-option__container" id="Pakeeza Henna" data-auto="filter-option" data-auto-selected="false"><div class="checkbox" data-auto="checkbox"><input id="filter-option--Pakeeza-Henna-1832081" name="filter-option--Pakeeza-Henna-1832081" type="checkbox"><label class="checkbox-label" for="filter-option--Pakeeza-Henna-1832081" title="Pakeeza Henna"><a class="filter-option--link" href="https://www.tesco.com/groceries/en-GB/shop/food-cupboard/all?brand=Pakeeza%20Henna&amp;viewAll=brand"><span class="checkbox-square checkbox-square-linked"></span><span class="checkbox-check icon-tick-white"></span><span class="visually-hidden">Filter by</span><span class="filter-label--line--inline">Pakeeza Henna</span><span class="filter-label--line--inline">&nbsp;(1)</span></a></label></div></li><li class="filter-option__container" id="Pan" data-auto="filter-option" data-auto-selected="false"><div class="checkbox" data-auto="checkbox"><input id="filter-option--Pan-5865959" name="filter-option--Pan-5865959" type="checkbox"><label class="checkbox-label" for="filter-option--Pan-5865959" title="Pan"><a class="filter-option--link" href="https://www.tesco.com/groceries/en-GB/shop/food-cupboard/all?brand=Pan&amp;viewAll=brand"><span class="checkbox-square checkbox-square-linked"></span><span class="checkbox-check icon-tick-white"></span><span class="visually-hidden">Filter by</span><span class="filter-label--line--inline">Pan</span><span class="filter-label--line--inline">&nbsp;(1)</span></a></label></div></li><li class="filter-option__container" id="Pandora" data-auto="filter-option" data-auto-selected="false"><div class="checkbox" data-auto="checkbox"><input id="filter-option--Pandora-1491557" name="filter-option--Pandora-1491557" type="checkbox"><label class="checkbox-label" for="filter-option--Pandora-1491557" title="Pandora"><a class="filter-option--link" href="https://www.tesco.com/groceries/en-GB/shop/food-cupboard/all?brand=Pandora&amp;viewAll=brand"><span class="checkbox-square checkbox-square-linked"></span><span class="checkbox-check icon-tick-white"></span><span class="visually-hidden">Filter by</span><span class="filter-label--line--inline">Pandora</span><span class="filter-label--line--inline">&nbsp;(1)</span></a></label></div></li><li class="filter-option__container" id="Pasieka" data-auto="filter-option" data-auto-selected="false"><div class="checkbox" data-auto="checkbox"><input id="filter-option--Pasieka-3653129" name="filter-option--Pasieka-3653129" type="checkbox"><label class="checkbox-label" for="filter-option--Pasieka-3653129" title="Pasieka"><a class="filter-option--link" href="https://www.tesco.com/groceries/en-GB/shop/food-cupboard/all?brand=Pasieka&amp;viewAll=brand"><span class="checkbox-square checkbox-square-linked"></span><span class="checkbox-check icon-tick-white"></span><span class="visually-hidden">Filter by</span><span class="filter-label--line--inline">Pasieka</span><span class="filter-label--line--inline">&nbsp;(1)</span></a></label></div></li><li class="filter-option__container" id="Paterson&#39;s" data-auto="filter-option" data-auto-selected="false"><div class="checkbox" data-auto="checkbox"><input id="filter-option--Paterson&#39;s-661810" name="filter-option--Paterson&#39;s-661810" type="checkbox"><label class="checkbox-label" for="filter-option--Paterson&#39;s-661810" title="Paterson&#39;s"><a class="filter-option--link" href="https://www.tesco.com/groceries/en-GB/shop/food-cupboard/all?brand=Paterson%27s&amp;viewAll=brand"><span class="checkbox-square checkbox-square-linked"></span><span class="checkbox-check icon-tick-white"></span><span class="visually-hidden">Filter by</span><span class="filter-label--line--inline">Paterson's</span><span class="filter-label--line--inline">&nbsp;(1)</span></a></label></div></li><li class="filter-option__container" id="Piatnica" data-auto="filter-option" data-auto-selected="false"><div class="checkbox" data-auto="checkbox"><input id="filter-option--Piatnica-5341804" name="filter-option--Piatnica-5341804" type="checkbox"><label class="checkbox-label" for="filter-option--Piatnica-5341804" title="Piatnica"><a class="filter-option--link" href="https://www.tesco.com/groceries/en-GB/shop/food-cupboard/all?brand=Piatnica&amp;viewAll=brand"><span class="checkbox-square checkbox-square-linked"></span><span class="checkbox-check icon-tick-white"></span><span class="visually-hidden">Filter by</span><span class="filter-label--line--inline">Piatnica</span><span class="filter-label--line--inline">&nbsp;(1)</span></a></label></div></li><li class="filter-option__container" id="Pink Panther" data-auto="filter-option" data-auto-selected="false"><div class="checkbox" data-auto="checkbox"><input id="filter-option--Pink-Panther-6100713" name="filter-option--Pink-Panther-6100713" type="checkbox"><label class="checkbox-label" for="filter-option--Pink-Panther-6100713" title="Pink Panther"><a class="filter-option--link" href="https://www.tesco.com/groceries/en-GB/shop/food-cupboard/all?brand=Pink%20Panther&amp;viewAll=brand"><span class="checkbox-square checkbox-square-linked"></span><span class="checkbox-check icon-tick-white"></span><span class="visually-hidden">Filter by</span><span class="filter-label--line--inline">Pink Panther</span><span class="filter-label--line--inline">&nbsp;(1)</span></a></label></div></li><li class="filter-option__container" id="Prewetts" data-auto="filter-option" data-auto-selected="false"><div class="checkbox" data-auto="checkbox"><input id="filter-option--Prewetts-1544541" name="filter-option--Prewetts-1544541" type="checkbox"><label class="checkbox-label" for="filter-option--Prewetts-1544541" title="Prewetts"><a class="filter-option--link" href="https://www.tesco.com/groceries/en-GB/shop/food-cupboard/all?brand=Prewetts&amp;viewAll=brand"><span class="checkbox-square checkbox-square-linked"></span><span class="checkbox-check icon-tick-white"></span><span class="visually-hidden">Filter by</span><span class="filter-label--line--inline">Prewetts</span><span class="filter-label--line--inline">&nbsp;(1)</span></a></label></div></li><li class="filter-option__container" id="Pronto" data-auto="filter-option" data-auto-selected="false"><div class="checkbox" data-auto="checkbox"><input id="filter-option--Pronto-4521199" name="filter-option--Pronto-4521199" type="checkbox"><label class="checkbox-label" for="filter-option--Pronto-4521199" title="Pronto"><a class="filter-option--link" href="https://www.tesco.com/groceries/en-GB/shop/food-cupboard/all?brand=Pronto&amp;viewAll=brand"><span class="checkbox-square checkbox-square-linked"></span><span class="checkbox-check icon-tick-white"></span><span class="visually-hidden">Filter by</span><span class="filter-label--line--inline">Pronto</span><span class="filter-label--line--inline">&nbsp;(1)</span></a></label></div></li><li class="filter-option__container" id="Puck" data-auto="filter-option" data-auto-selected="false"><div class="checkbox" data-auto="checkbox"><input id="filter-option--Puck-4814911" name="filter-option--Puck-4814911" type="checkbox"><label class="checkbox-label" for="filter-option--Puck-4814911" title="Puck"><a class="filter-option--link" href="https://www.tesco.com/groceries/en-GB/shop/food-cupboard/all?brand=Puck&amp;viewAll=brand"><span class="checkbox-square checkbox-square-linked"></span><span class="checkbox-check icon-tick-white"></span><span class="visually-hidden">Filter by</span><span class="filter-label--line--inline">Puck</span><span class="filter-label--line--inline">&nbsp;(1)</span></a></label></div></li><li class="filter-option__container" id="Pukka" data-auto="filter-option" data-auto-selected="false"><div class="checkbox" data-auto="checkbox"><input id="filter-option--Pukka-7997396" name="filter-option--Pukka-7997396" type="checkbox"><label class="checkbox-label" for="filter-option--Pukka-7997396" title="Pukka"><a class="filter-option--link" href="https://www.tesco.com/groceries/en-GB/shop/food-cupboard/all?brand=Pukka&amp;viewAll=brand"><span class="checkbox-square checkbox-square-linked"></span><span class="checkbox-check icon-tick-white"></span><span class="visually-hidden">Filter by</span><span class="filter-label--line--inline">Pukka</span><span class="filter-label--line--inline">&nbsp;(1)</span></a></label></div></li><li class="filter-option__container" id="Pure South Press" data-auto="filter-option" data-auto-selected="false"><div class="checkbox" data-auto="checkbox"><input id="filter-option--Pure-South-Press-8755309" name="filter-option--Pure-South-Press-8755309" type="checkbox"><label class="checkbox-label" for="filter-option--Pure-South-Press-8755309" title="Pure South Press"><a class="filter-option--link" href="https://www.tesco.com/groceries/en-GB/shop/food-cupboard/all?brand=Pure%20South%20Press&amp;viewAll=brand"><span class="checkbox-square checkbox-square-linked"></span><span class="checkbox-check icon-tick-white"></span><span class="visually-hidden">Filter by</span><span class="filter-label--line--block">Pure South</span><span class="filter-label--line--inline filter-label--line--truncate">Press</span><span class="filter-label--line--inline">&nbsp;(1)</span></a></label></div></li><li class="filter-option__container" id="Quavers" data-auto="filter-option" data-auto-selected="false"><div class="checkbox" data-auto="checkbox"><input id="filter-option--Quavers-922946" name="filter-option--Quavers-922946" type="checkbox"><label class="checkbox-label" for="filter-option--Quavers-922946" title="Quavers"><a class="filter-option--link" href="https://www.tesco.com/groceries/en-GB/shop/food-cupboard/all?brand=Quavers&amp;viewAll=brand"><span class="checkbox-square checkbox-square-linked"></span><span class="checkbox-check icon-tick-white"></span><span class="visually-hidden">Filter by</span><span class="filter-label--line--inline">Quavers</span><span class="filter-label--line--inline">&nbsp;(1)</span></a></label></div></li><li class="filter-option__container" id="Rakusens" data-auto="filter-option" data-auto-selected="false"><div class="checkbox" data-auto="checkbox"><input id="filter-option--Rakusens-9405007" name="filter-option--Rakusens-9405007" type="checkbox"><label class="checkbox-label" for="filter-option--Rakusens-9405007" title="Rakusens"><a class="filter-option--link" href="https://www.tesco.com/groceries/en-GB/shop/food-cupboard/all?brand=Rakusens&amp;viewAll=brand"><span class="checkbox-square checkbox-square-linked"></span><span class="checkbox-check icon-tick-white"></span><span class="visually-hidden">Filter by</span><span class="filter-label--line--inline">Rakusens</span><span class="filter-label--line--inline">&nbsp;(1)</span></a></label></div></li><li class="filter-option__container" id="Ready Brek" data-auto="filter-option" data-auto-selected="false"><div class="checkbox" data-auto="checkbox"><input id="filter-option--Ready-Brek-3534825" name="filter-option--Ready-Brek-3534825" type="checkbox"><label class="checkbox-label" for="filter-option--Ready-Brek-3534825" title="Ready Brek"><a class="filter-option--link" href="https://www.tesco.com/groceries/en-GB/shop/food-cupboard/all?brand=Ready%20Brek&amp;viewAll=brand"><span class="checkbox-square checkbox-square-linked"></span><span class="checkbox-check icon-tick-white"></span><span class="visually-hidden">Filter by</span><span class="filter-label--line--inline">Ready Brek</span><span class="filter-label--line--inline">&nbsp;(1)</span></a></label></div></li><li class="filter-option__container" id="Real Foods" data-auto="filter-option" data-auto-selected="false"><div class="checkbox" data-auto="checkbox"><input id="filter-option--Real-Foods-6064078" name="filter-option--Real-Foods-6064078" type="checkbox"><label class="checkbox-label" for="filter-option--Real-Foods-6064078" title="Real Foods"><a class="filter-option--link" href="https://www.tesco.com/groceries/en-GB/shop/food-cupboard/all?brand=Real%20Foods&amp;viewAll=brand"><span class="checkbox-square checkbox-square-linked"></span><span class="checkbox-check icon-tick-white"></span><span class="visually-hidden">Filter by</span><span class="filter-label--line--inline">Real Foods</span><span class="filter-label--line--inline">&nbsp;(1)</span></a></label></div></li><li class="filter-option__container" id="Red Label" data-auto="filter-option" data-auto-selected="false"><div class="checkbox" data-auto="checkbox"><input id="filter-option--Red-Label-9483531" name="filter-option--Red-Label-9483531" type="checkbox"><label class="checkbox-label" for="filter-option--Red-Label-9483531" title="Red Label"><a class="filter-option--link" href="https://www.tesco.com/groceries/en-GB/shop/food-cupboard/all?brand=Red%20Label&amp;viewAll=brand"><span class="checkbox-square checkbox-square-linked"></span><span class="checkbox-check icon-tick-white"></span><span class="visually-hidden">Filter by</span><span class="filter-label--line--inline">Red Label</span><span class="filter-label--line--inline">&nbsp;(1)</span></a></label></div></li><li class="filter-option__container" id="Red Stripe" data-auto="filter-option" data-auto-selected="false"><div class="checkbox" data-auto="checkbox"><input id="filter-option--Red-Stripe-8701037" name="filter-option--Red-Stripe-8701037" type="checkbox"><label class="checkbox-label" for="filter-option--Red-Stripe-8701037" title="Red Stripe"><a class="filter-option--link" href="https://www.tesco.com/groceries/en-GB/shop/food-cupboard/all?brand=Red%20Stripe&amp;viewAll=brand"><span class="checkbox-square checkbox-square-linked"></span><span class="checkbox-check icon-tick-white"></span><span class="visually-hidden">Filter by</span><span class="filter-label--line--inline">Red Stripe</span><span class="filter-label--line--inline">&nbsp;(1)</span></a></label></div></li><li class="filter-option__container" id="Reggae Reggae" data-auto="filter-option" data-auto-selected="false"><div class="checkbox" data-auto="checkbox"><input id="filter-option--Reggae-Reggae-4006896" name="filter-option--Reggae-Reggae-4006896" type="checkbox"><label class="checkbox-label" for="filter-option--Reggae-Reggae-4006896" title="Reggae Reggae"><a class="filter-option--link" href="https://www.tesco.com/groceries/en-GB/shop/food-cupboard/all?brand=Reggae%20Reggae&amp;viewAll=brand"><span class="checkbox-square checkbox-square-linked"></span><span class="checkbox-check icon-tick-white"></span><span class="visually-hidden">Filter by</span><span class="filter-label--line--inline">Reggae Reggae</span><span class="filter-label--line--inline">&nbsp;(1)</span></a></label></div></li><li class="filter-option__container" id="Rice Dream" data-auto="filter-option" data-auto-selected="false"><div class="checkbox" data-auto="checkbox"><input id="filter-option--Rice-Dream-3277651" name="filter-option--Rice-Dream-3277651" type="checkbox"><label class="checkbox-label" for="filter-option--Rice-Dream-3277651" title="Rice Dream"><a class="filter-option--link" href="https://www.tesco.com/groceries/en-GB/shop/food-cupboard/all?brand=Rice%20Dream&amp;viewAll=brand"><span class="checkbox-square checkbox-square-linked"></span><span class="checkbox-check icon-tick-white"></span><span class="visually-hidden">Filter by</span><span class="filter-label--line--inline">Rice Dream</span><span class="filter-label--line--inline">&nbsp;(1)</span></a></label></div></li><li class="filter-option__container" id="Rooh Afza" data-auto="filter-option" data-auto-selected="false"><div class="checkbox" data-auto="checkbox"><input id="filter-option--Rooh-Afza-5038907" name="filter-option--Rooh-Afza-5038907" type="checkbox"><label class="checkbox-label" for="filter-option--Rooh-Afza-5038907" title="Rooh Afza"><a class="filter-option--link" href="https://www.tesco.com/groceries/en-GB/shop/food-cupboard/all?brand=Rooh%20Afza&amp;viewAll=brand"><span class="checkbox-square checkbox-square-linked"></span><span class="checkbox-check icon-tick-white"></span><span class="visually-hidden">Filter by</span><span class="filter-label--line--inline">Rooh Afza</span><span class="filter-label--line--inline">&nbsp;(1)</span></a></label></div></li><li class="filter-option__container" id="Roses" data-auto="filter-option" data-auto-selected="false"><div class="checkbox" data-auto="checkbox"><input id="filter-option--Roses-4710236" name="filter-option--Roses-4710236" type="checkbox"><label class="checkbox-label" for="filter-option--Roses-4710236" title="Roses"><a class="filter-option--link" href="https://www.tesco.com/groceries/en-GB/shop/food-cupboard/all?brand=Roses&amp;viewAll=brand"><span class="checkbox-square checkbox-square-linked"></span><span class="checkbox-check icon-tick-white"></span><span class="visually-hidden">Filter by</span><span class="filter-label--line--inline">Roses</span><span class="filter-label--line--inline">&nbsp;(1)</span></a></label></div></li><li class="filter-option__container" id="Royal Umbrella" data-auto="filter-option" data-auto-selected="false"><div class="checkbox" data-auto="checkbox"><input id="filter-option--Royal-Umbrella-4836889" name="filter-option--Royal-Umbrella-4836889" type="checkbox"><label class="checkbox-label" for="filter-option--Royal-Umbrella-4836889" title="Royal Umbrella"><a class="filter-option--link" href="https://www.tesco.com/groceries/en-GB/shop/food-cupboard/all?brand=Royal%20Umbrella&amp;viewAll=brand"><span class="checkbox-square checkbox-square-linked"></span><span class="checkbox-check icon-tick-white"></span><span class="visually-hidden">Filter by</span><span class="filter-label--line--inline">Royal Umbrella</span><span class="filter-label--line--inline">&nbsp;(1)</span></a></label></div></li><li class="filter-option__container" id="Roysters" data-auto="filter-option" data-auto-selected="false"><div class="checkbox" data-auto="checkbox"><input id="filter-option--Roysters-4883980" name="filter-option--Roysters-4883980" type="checkbox"><label class="checkbox-label" for="filter-option--Roysters-4883980" title="Roysters"><a class="filter-option--link" href="https://www.tesco.com/groceries/en-GB/shop/food-cupboard/all?brand=Roysters&amp;viewAll=brand"><span class="checkbox-square checkbox-square-linked"></span><span class="checkbox-check icon-tick-white"></span><span class="visually-hidden">Filter by</span><span class="filter-label--line--inline">Roysters</span><span class="filter-label--line--inline">&nbsp;(1)</span></a></label></div></li><li class="filter-option__container" id="Salaam" data-auto="filter-option" data-auto-selected="false"><div class="checkbox" data-auto="checkbox"><input id="filter-option--Salaam-9457414" name="filter-option--Salaam-9457414" type="checkbox"><label class="checkbox-label" for="filter-option--Salaam-9457414" title="Salaam"><a class="filter-option--link" href="https://www.tesco.com/groceries/en-GB/shop/food-cupboard/all?brand=Salaam&amp;viewAll=brand"><span class="checkbox-square checkbox-square-linked"></span><span class="checkbox-check icon-tick-white"></span><span class="visually-hidden">Filter by</span><span class="filter-label--line--inline">Salaam</span><span class="filter-label--line--inline">&nbsp;(1)</span></a></label></div></li><li class="filter-option__container" id="Samyang" data-auto="filter-option" data-auto-selected="false"><div class="checkbox" data-auto="checkbox"><input id="filter-option--Samyang-8340269" name="filter-option--Samyang-8340269" type="checkbox"><label class="checkbox-label" for="filter-option--Samyang-8340269" title="Samyang"><a class="filter-option--link" href="https://www.tesco.com/groceries/en-GB/shop/food-cupboard/all?brand=Samyang&amp;viewAll=brand"><span class="checkbox-square checkbox-square-linked"></span><span class="checkbox-check icon-tick-white"></span><span class="visually-hidden">Filter by</span><span class="filter-label--line--inline">Samyang</span><span class="filter-label--line--inline">&nbsp;(1)</span></a></label></div></li><li class="filter-option__container" id="San Miguel" data-auto="filter-option" data-auto-selected="false"><div class="checkbox" data-auto="checkbox"><input id="filter-option--San-Miguel-5662568" name="filter-option--San-Miguel-5662568" type="checkbox"><label class="checkbox-label" for="filter-option--San-Miguel-5662568" title="San Miguel"><a class="filter-option--link" href="https://www.tesco.com/groceries/en-GB/shop/food-cupboard/all?brand=San%20Miguel&amp;viewAll=brand"><span class="checkbox-square checkbox-square-linked"></span><span class="checkbox-check icon-tick-white"></span><span class="visually-hidden">Filter by</span><span class="filter-label--line--inline">San Miguel</span><span class="filter-label--line--inline">&nbsp;(1)</span></a></label></div></li><li class="filter-option__container" id="Sato No Yuki" data-auto="filter-option" data-auto-selected="false"><div class="checkbox" data-auto="checkbox"><input id="filter-option--Sato-No-Yuki-9214029" name="filter-option--Sato-No-Yuki-9214029" type="checkbox"><label class="checkbox-label" for="filter-option--Sato-No-Yuki-9214029" title="Sato No Yuki"><a class="filter-option--link" href="https://www.tesco.com/groceries/en-GB/shop/food-cupboard/all?brand=Sato%20No%20Yuki&amp;viewAll=brand"><span class="checkbox-square checkbox-square-linked"></span><span class="checkbox-check icon-tick-white"></span><span class="visually-hidden">Filter by</span><span class="filter-label--line--inline">Sato No Yuki</span><span class="filter-label--line--inline">&nbsp;(1)</span></a></label></div></li><li class="filter-option__container" id="Schaller" data-auto="filter-option" data-auto-selected="false"><div class="checkbox" data-auto="checkbox"><input id="filter-option--Schaller-9679014" name="filter-option--Schaller-9679014" type="checkbox"><label class="checkbox-label" for="filter-option--Schaller-9679014" title="Schaller"><a class="filter-option--link" href="https://www.tesco.com/groceries/en-GB/shop/food-cupboard/all?brand=Schaller&amp;viewAll=brand"><span class="checkbox-square checkbox-square-linked"></span><span class="checkbox-check icon-tick-white"></span><span class="visually-hidden">Filter by</span><span class="filter-label--line--inline">Schaller</span><span class="filter-label--line--inline">&nbsp;(1)</span></a></label></div></li><li class="filter-option__container" id="Sci-Mx" data-auto="filter-option" data-auto-selected="false"><div class="checkbox" data-auto="checkbox"><input id="filter-option--Sci-Mx-8760339" name="filter-option--Sci-Mx-8760339" type="checkbox"><label class="checkbox-label" for="filter-option--Sci-Mx-8760339" title="Sci-Mx"><a class="filter-option--link" href="https://www.tesco.com/groceries/en-GB/shop/food-cupboard/all?brand=Sci-Mx&amp;viewAll=brand"><span class="checkbox-square checkbox-square-linked"></span><span class="checkbox-check icon-tick-white"></span><span class="visually-hidden">Filter by</span><span class="filter-label--line--inline">Sci-Mx</span><span class="filter-label--line--inline">&nbsp;(1)</span></a></label></div></li><li class="filter-option__container" id="Scottish Pride" data-auto="filter-option" data-auto-selected="false"><div class="checkbox" data-auto="checkbox"><input id="filter-option--Scottish-Pride-5808268" name="filter-option--Scottish-Pride-5808268" type="checkbox"><label class="checkbox-label" for="filter-option--Scottish-Pride-5808268" title="Scottish Pride"><a class="filter-option--link" href="https://www.tesco.com/groceries/en-GB/shop/food-cupboard/all?brand=Scottish%20Pride&amp;viewAll=brand"><span class="checkbox-square checkbox-square-linked"></span><span class="checkbox-check icon-tick-white"></span><span class="visually-hidden">Filter by</span><span class="filter-label--line--inline">Scottish Pride</span><span class="filter-label--line--inline">&nbsp;(1)</span></a></label></div></li><li class="filter-option__container" id="Seerys" data-auto="filter-option" data-auto-selected="false"><div class="checkbox" data-auto="checkbox"><input id="filter-option--Seerys-6762960" name="filter-option--Seerys-6762960" type="checkbox"><label class="checkbox-label" for="filter-option--Seerys-6762960" title="Seerys"><a class="filter-option--link" href="https://www.tesco.com/groceries/en-GB/shop/food-cupboard/all?brand=Seerys&amp;viewAll=brand"><span class="checkbox-square checkbox-square-linked"></span><span class="checkbox-check icon-tick-white"></span><span class="visually-hidden">Filter by</span><span class="filter-label--line--inline">Seerys</span><span class="filter-label--line--inline">&nbsp;(1)</span></a></label></div></li><li class="filter-option__container" id="Serge Island" data-auto="filter-option" data-auto-selected="false"><div class="checkbox" data-auto="checkbox"><input id="filter-option--Serge-Island-9535368" name="filter-option--Serge-Island-9535368" type="checkbox"><label class="checkbox-label" for="filter-option--Serge-Island-9535368" title="Serge Island"><a class="filter-option--link" href="https://www.tesco.com/groceries/en-GB/shop/food-cupboard/all?brand=Serge%20Island&amp;viewAll=brand"><span class="checkbox-square checkbox-square-linked"></span><span class="checkbox-check icon-tick-white"></span><span class="visually-hidden">Filter by</span><span class="filter-label--line--inline">Serge Island</span><span class="filter-label--line--inline">&nbsp;(1)</span></a></label></div></li><li class="filter-option__container" id="Shana" data-auto="filter-option" data-auto-selected="false"><div class="checkbox" data-auto="checkbox"><input id="filter-option--Shana-6678284" name="filter-option--Shana-6678284" type="checkbox"><label class="checkbox-label" for="filter-option--Shana-6678284" title="Shana"><a class="filter-option--link" href="https://www.tesco.com/groceries/en-GB/shop/food-cupboard/all?brand=Shana&amp;viewAll=brand"><span class="checkbox-square checkbox-square-linked"></span><span class="checkbox-check icon-tick-white"></span><span class="visually-hidden">Filter by</span><span class="filter-label--line--inline">Shana</span><span class="filter-label--line--inline">&nbsp;(1)</span></a></label></div></li><li class="filter-option__container" id="Shandy Carib" data-auto="filter-option" data-auto-selected="false"><div class="checkbox" data-auto="checkbox"><input id="filter-option--Shandy-Carib-2737333" name="filter-option--Shandy-Carib-2737333" type="checkbox"><label class="checkbox-label" for="filter-option--Shandy-Carib-2737333" title="Shandy Carib"><a class="filter-option--link" href="https://www.tesco.com/groceries/en-GB/shop/food-cupboard/all?brand=Shandy%20Carib&amp;viewAll=brand"><span class="checkbox-square checkbox-square-linked"></span><span class="checkbox-check icon-tick-white"></span><span class="visually-hidden">Filter by</span><span class="filter-label--line--inline">Shandy Carib</span><span class="filter-label--line--inline">&nbsp;(1)</span></a></label></div></li><li class="filter-option__container" id="Ship" data-auto="filter-option" data-auto-selected="false"><div class="checkbox" data-auto="checkbox"><input id="filter-option--Ship-5464899" name="filter-option--Ship-5464899" type="checkbox"><label class="checkbox-label" for="filter-option--Ship-5464899" title="Ship"><a class="filter-option--link" href="https://www.tesco.com/groceries/en-GB/shop/food-cupboard/all?brand=Ship&amp;viewAll=brand"><span class="checkbox-square checkbox-square-linked"></span><span class="checkbox-check icon-tick-white"></span><span class="visually-hidden">Filter by</span><span class="filter-label--line--inline">Ship</span><span class="filter-label--line--inline">&nbsp;(1)</span></a></label></div></li><li class="filter-option__container" id="Singha" data-auto="filter-option" data-auto-selected="false"><div class="checkbox" data-auto="checkbox"><input id="filter-option--Singha-2335998" name="filter-option--Singha-2335998" type="checkbox"><label class="checkbox-label" for="filter-option--Singha-2335998" title="Singha"><a class="filter-option--link" href="https://www.tesco.com/groceries/en-GB/shop/food-cupboard/all?brand=Singha&amp;viewAll=brand"><span class="checkbox-square checkbox-square-linked"></span><span class="checkbox-check icon-tick-white"></span><span class="visually-hidden">Filter by</span><span class="filter-label--line--inline">Singha</span><span class="filter-label--line--inline">&nbsp;(1)</span></a></label></div></li><li class="filter-option__container" id="Smak" data-auto="filter-option" data-auto-selected="false"><div class="checkbox" data-auto="checkbox"><input id="filter-option--Smak-2506285" name="filter-option--Smak-2506285" type="checkbox"><label class="checkbox-label" for="filter-option--Smak-2506285" title="Smak"><a class="filter-option--link" href="https://www.tesco.com/groceries/en-GB/shop/food-cupboard/all?brand=Smak&amp;viewAll=brand"><span class="checkbox-square checkbox-square-linked"></span><span class="checkbox-check icon-tick-white"></span><span class="visually-hidden">Filter by</span><span class="filter-label--line--inline">Smak</span><span class="filter-label--line--inline">&nbsp;(1)</span></a></label></div></li><li class="filter-option__container" id="Smash" data-auto="filter-option" data-auto-selected="false"><div class="checkbox" data-auto="checkbox"><input id="filter-option--Smash-2123307" name="filter-option--Smash-2123307" type="checkbox"><label class="checkbox-label" for="filter-option--Smash-2123307" title="Smash"><a class="filter-option--link" href="https://www.tesco.com/groceries/en-GB/shop/food-cupboard/all?brand=Smash&amp;viewAll=brand"><span class="checkbox-square checkbox-square-linked"></span><span class="checkbox-check icon-tick-white"></span><span class="visually-hidden">Filter by</span><span class="filter-label--line--inline">Smash</span><span class="filter-label--line--inline">&nbsp;(1)</span></a></label></div></li><li class="filter-option__container" id="Sokolow" data-auto="filter-option" data-auto-selected="false"><div class="checkbox" data-auto="checkbox"><input id="filter-option--Sokolow-5859915" name="filter-option--Sokolow-5859915" type="checkbox"><label class="checkbox-label" for="filter-option--Sokolow-5859915" title="Sokolow"><a class="filter-option--link" href="https://www.tesco.com/groceries/en-GB/shop/food-cupboard/all?brand=Sokolow&amp;viewAll=brand"><span class="checkbox-square checkbox-square-linked"></span><span class="checkbox-check icon-tick-white"></span><span class="visually-hidden">Filter by</span><span class="filter-label--line--inline">Sokolow</span><span class="filter-label--line--inline">&nbsp;(1)</span></a></label></div></li><li class="filter-option__container" id="Soleil" data-auto="filter-option" data-auto-selected="false"><div class="checkbox" data-auto="checkbox"><input id="filter-option--Soleil-6352890" name="filter-option--Soleil-6352890" type="checkbox"><label class="checkbox-label" for="filter-option--Soleil-6352890" title="Soleil"><a class="filter-option--link" href="https://www.tesco.com/groceries/en-GB/shop/food-cupboard/all?brand=Soleil&amp;viewAll=brand"><span class="checkbox-square checkbox-square-linked"></span><span class="checkbox-check icon-tick-white"></span><span class="visually-hidden">Filter by</span><span class="filter-label--line--inline">Soleil</span><span class="filter-label--line--inline">&nbsp;(1)</span></a></label></div></li><li class="filter-option__container" id="Spode" data-auto="filter-option" data-auto-selected="false"><div class="checkbox" data-auto="checkbox"><input id="filter-option--Spode-9228164" name="filter-option--Spode-9228164" type="checkbox"><label class="checkbox-label" for="filter-option--Spode-9228164" title="Spode"><a class="filter-option--link" href="https://www.tesco.com/groceries/en-GB/shop/food-cupboard/all?brand=Spode&amp;viewAll=brand"><span class="checkbox-square checkbox-square-linked"></span><span class="checkbox-check icon-tick-white"></span><span class="visually-hidden">Filter by</span><span class="filter-label--line--inline">Spode</span><span class="filter-label--line--inline">&nbsp;(1)</span></a></label></div></li><li class="filter-option__container" id="Spring Home" data-auto="filter-option" data-auto-selected="false"><div class="checkbox" data-auto="checkbox"><input id="filter-option--Spring-Home-6155115" name="filter-option--Spring-Home-6155115" type="checkbox"><label class="checkbox-label" for="filter-option--Spring-Home-6155115" title="Spring Home"><a class="filter-option--link" href="https://www.tesco.com/groceries/en-GB/shop/food-cupboard/all?brand=Spring%20Home&amp;viewAll=brand"><span class="checkbox-square checkbox-square-linked"></span><span class="checkbox-check icon-tick-white"></span><span class="visually-hidden">Filter by</span><span class="filter-label--line--inline">Spring Home</span><span class="filter-label--line--inline">&nbsp;(1)</span></a></label></div></li><li class="filter-option__container" id="Stag" data-auto="filter-option" data-auto-selected="false"><div class="checkbox" data-auto="checkbox"><input id="filter-option--Stag-8743134" name="filter-option--Stag-8743134" type="checkbox"><label class="checkbox-label" for="filter-option--Stag-8743134" title="Stag"><a class="filter-option--link" href="https://www.tesco.com/groceries/en-GB/shop/food-cupboard/all?brand=Stag&amp;viewAll=brand"><span class="checkbox-square checkbox-square-linked"></span><span class="checkbox-check icon-tick-white"></span><span class="visually-hidden">Filter by</span><span class="filter-label--line--inline">Stag</span><span class="filter-label--line--inline">&nbsp;(1)</span></a></label></div></li><li class="filter-option__container" id="Star" data-auto="filter-option" data-auto-selected="false"><div class="checkbox" data-auto="checkbox"><input id="filter-option--Star-4910965" name="filter-option--Star-4910965" type="checkbox"><label class="checkbox-label" for="filter-option--Star-4910965" title="Star"><a class="filter-option--link" href="https://www.tesco.com/groceries/en-GB/shop/food-cupboard/all?brand=Star&amp;viewAll=brand"><span class="checkbox-square checkbox-square-linked"></span><span class="checkbox-check icon-tick-white"></span><span class="visually-hidden">Filter by</span><span class="filter-label--line--inline">Star</span><span class="filter-label--line--inline">&nbsp;(1)</span></a></label></div></li><li class="filter-option__container" id="Starburst" data-auto="filter-option" data-auto-selected="false"><div class="checkbox" data-auto="checkbox"><input id="filter-option--Starburst-5170275" name="filter-option--Starburst-5170275" type="checkbox"><label class="checkbox-label" for="filter-option--Starburst-5170275" title="Starburst"><a class="filter-option--link" href="https://www.tesco.com/groceries/en-GB/shop/food-cupboard/all?brand=Starburst&amp;viewAll=brand"><span class="checkbox-square checkbox-square-linked"></span><span class="checkbox-check icon-tick-white"></span><span class="visually-hidden">Filter by</span><span class="filter-label--line--inline">Starburst</span><span class="filter-label--line--inline">&nbsp;(1)</span></a></label></div></li><li class="filter-option__container" id="Stella Artois" data-auto="filter-option" data-auto-selected="false"><div class="checkbox" data-auto="checkbox"><input id="filter-option--Stella-Artois-6512623" name="filter-option--Stella-Artois-6512623" type="checkbox"><label class="checkbox-label" for="filter-option--Stella-Artois-6512623" title="Stella Artois"><a class="filter-option--link" href="https://www.tesco.com/groceries/en-GB/shop/food-cupboard/all?brand=Stella%20Artois&amp;viewAll=brand"><span class="checkbox-square checkbox-square-linked"></span><span class="checkbox-check icon-tick-white"></span><span class="visually-hidden">Filter by</span><span class="filter-label--line--inline">Stella Artois</span><span class="filter-label--line--inline">&nbsp;(1)</span></a></label></div></li><li class="filter-option__container" id="Stoats" data-auto="filter-option" data-auto-selected="false"><div class="checkbox" data-auto="checkbox"><input id="filter-option--Stoats-6986328" name="filter-option--Stoats-6986328" type="checkbox"><label class="checkbox-label" for="filter-option--Stoats-6986328" title="Stoats"><a class="filter-option--link" href="https://www.tesco.com/groceries/en-GB/shop/food-cupboard/all?brand=Stoats&amp;viewAll=brand"><span class="checkbox-square checkbox-square-linked"></span><span class="checkbox-check icon-tick-white"></span><span class="visually-hidden">Filter by</span><span class="filter-label--line--inline">Stoats</span><span class="filter-label--line--inline">&nbsp;(1)</span></a></label></div></li><li class="filter-option__container" id="Stock" data-auto="filter-option" data-auto-selected="false"><div class="checkbox" data-auto="checkbox"><input id="filter-option--Stock-4109700" name="filter-option--Stock-4109700" type="checkbox"><label class="checkbox-label" for="filter-option--Stock-4109700" title="Stock"><a class="filter-option--link" href="https://www.tesco.com/groceries/en-GB/shop/food-cupboard/all?brand=Stock&amp;viewAll=brand"><span class="checkbox-square checkbox-square-linked"></span><span class="checkbox-check icon-tick-white"></span><span class="visually-hidden">Filter by</span><span class="filter-label--line--inline">Stock</span><span class="filter-label--line--inline">&nbsp;(1)</span></a></label></div></li><li class="filter-option__container" id="Stockan&amp;Garden" data-auto="filter-option" data-auto-selected="false"><div class="checkbox" data-auto="checkbox"><input id="filter-option--Stockan&amp;Garden-6809904" name="filter-option--Stockan&amp;Garden-6809904" type="checkbox"><label class="checkbox-label" for="filter-option--Stockan&amp;Garden-6809904" title="Stockan&amp;Garden"><a class="filter-option--link" href="https://www.tesco.com/groceries/en-GB/shop/food-cupboard/all?brand=Stockan%26Garden&amp;viewAll=brand"><span class="checkbox-square checkbox-square-linked"></span><span class="checkbox-check icon-tick-white"></span><span class="visually-hidden">Filter by</span><span class="filter-label--line--inline">Stockan&amp;Garden</span><span class="filter-label--line--inline">&nbsp;(1)</span></a></label></div></li><li class="filter-option__container" id="Sun Exotic" data-auto="filter-option" data-auto-selected="false"><div class="checkbox" data-auto="checkbox"><input id="filter-option--Sun-Exotic-6973419" name="filter-option--Sun-Exotic-6973419" type="checkbox"><label class="checkbox-label" for="filter-option--Sun-Exotic-6973419" title="Sun Exotic"><a class="filter-option--link" href="https://www.tesco.com/groceries/en-GB/shop/food-cupboard/all?brand=Sun%20Exotic&amp;viewAll=brand"><span class="checkbox-square checkbox-square-linked"></span><span class="checkbox-check icon-tick-white"></span><span class="visually-hidden">Filter by</span><span class="filter-label--line--inline">Sun Exotic</span><span class="filter-label--line--inline">&nbsp;(1)</span></a></label></div></li><li class="filter-option__container" id="Sweetex" data-auto="filter-option" data-auto-selected="false"><div class="checkbox" data-auto="checkbox"><input id="filter-option--Sweetex-5793946" name="filter-option--Sweetex-5793946" type="checkbox"><label class="checkbox-label" for="filter-option--Sweetex-5793946" title="Sweetex"><a class="filter-option--link" href="https://www.tesco.com/groceries/en-GB/shop/food-cupboard/all?brand=Sweetex&amp;viewAll=brand"><span class="checkbox-square checkbox-square-linked"></span><span class="checkbox-check icon-tick-white"></span><span class="visually-hidden">Filter by</span><span class="filter-label--line--inline">Sweetex</span><span class="filter-label--line--inline">&nbsp;(1)</span></a></label></div></li><li class="filter-option__container" id="Sweetpea Pantry" data-auto="filter-option" data-auto-selected="false"><div class="checkbox" data-auto="checkbox"><input id="filter-option--Sweetpea-Pantry-6931247" name="filter-option--Sweetpea-Pantry-6931247" type="checkbox"><label class="checkbox-label" for="filter-option--Sweetpea-Pantry-6931247" title="Sweetpea Pantry"><a class="filter-option--link" href="https://www.tesco.com/groceries/en-GB/shop/food-cupboard/all?brand=Sweetpea%20Pantry&amp;viewAll=brand"><span class="checkbox-square checkbox-square-linked"></span><span class="checkbox-check icon-tick-white"></span><span class="visually-hidden">Filter by</span><span class="filter-label--line--block">Sweetpea</span><span class="filter-label--line--inline filter-label--line--truncate">Pantry</span><span class="filter-label--line--inline">&nbsp;(1)</span></a></label></div></li><li class="filter-option__container" id="Symingtons" data-auto="filter-option" data-auto-selected="false"><div class="checkbox" data-auto="checkbox"><input id="filter-option--Symingtons-5315044" name="filter-option--Symingtons-5315044" type="checkbox"><label class="checkbox-label" for="filter-option--Symingtons-5315044" title="Symingtons"><a class="filter-option--link" href="https://www.tesco.com/groceries/en-GB/shop/food-cupboard/all?brand=Symingtons&amp;viewAll=brand"><span class="checkbox-square checkbox-square-linked"></span><span class="checkbox-check icon-tick-white"></span><span class="visually-hidden">Filter by</span><span class="filter-label--line--inline">Symingtons</span><span class="filter-label--line--inline">&nbsp;(1)</span></a></label></div></li><li class="filter-option__container" id="Tayto" data-auto="filter-option" data-auto-selected="false"><div class="checkbox" data-auto="checkbox"><input id="filter-option--Tayto-2233858" name="filter-option--Tayto-2233858" type="checkbox"><label class="checkbox-label" for="filter-option--Tayto-2233858" title="Tayto"><a class="filter-option--link" href="https://www.tesco.com/groceries/en-GB/shop/food-cupboard/all?brand=Tayto&amp;viewAll=brand"><span class="checkbox-square checkbox-square-linked"></span><span class="checkbox-check icon-tick-white"></span><span class="visually-hidden">Filter by</span><span class="filter-label--line--inline">Tayto</span><span class="filter-label--line--inline">&nbsp;(1)</span></a></label></div></li><li class="filter-option__container" id="Tchibo" data-auto="filter-option" data-auto-selected="false"><div class="checkbox" data-auto="checkbox"><input id="filter-option--Tchibo-6869278" name="filter-option--Tchibo-6869278" type="checkbox"><label class="checkbox-label" for="filter-option--Tchibo-6869278" title="Tchibo"><a class="filter-option--link" href="https://www.tesco.com/groceries/en-GB/shop/food-cupboard/all?brand=Tchibo&amp;viewAll=brand"><span class="checkbox-square checkbox-square-linked"></span><span class="checkbox-check icon-tick-white"></span><span class="visually-hidden">Filter by</span><span class="filter-label--line--inline">Tchibo</span><span class="filter-label--line--inline">&nbsp;(1)</span></a></label></div></li><li class="filter-option__container" id="Tesco Fair Trade" data-auto="filter-option" data-auto-selected="false"><div class="checkbox" data-auto="checkbox"><input id="filter-option--Tesco-Fair-Trade-1813590" name="filter-option--Tesco-Fair-Trade-1813590" type="checkbox"><label class="checkbox-label" for="filter-option--Tesco-Fair-Trade-1813590" title="Tesco Fair Trade"><a class="filter-option--link" href="https://www.tesco.com/groceries/en-GB/shop/food-cupboard/all?brand=Tesco%20Fair%20Trade&amp;viewAll=brand"><span class="checkbox-square checkbox-square-linked"></span><span class="checkbox-check icon-tick-white"></span><span class="visually-hidden">Filter by</span><span class="filter-label--line--block">Tesco Fair</span><span class="filter-label--line--inline filter-label--line--truncate">Trade</span><span class="filter-label--line--inline">&nbsp;(1)</span></a></label></div></li><li class="filter-option__container" id="Tesco Finest Bra" data-auto="filter-option" data-auto-selected="false"><div class="checkbox" data-auto="checkbox"><input id="filter-option--Tesco-Finest-Bra-5845403" name="filter-option--Tesco-Finest-Bra-5845403" type="checkbox"><label class="checkbox-label" for="filter-option--Tesco-Finest-Bra-5845403" title="Tesco Finest Bra"><a class="filter-option--link" href="https://www.tesco.com/groceries/en-GB/shop/food-cupboard/all?brand=Tesco%20Finest%20Bra&amp;viewAll=brand"><span class="checkbox-square checkbox-square-linked"></span><span class="checkbox-check icon-tick-white"></span><span class="visually-hidden">Filter by</span><span class="filter-label--line--block">Tesco Finest</span><span class="filter-label--line--inline filter-label--line--truncate">Bra</span><span class="filter-label--line--inline">&nbsp;(1)</span></a></label></div></li><li class="filter-option__container" id="Tesco Kids" data-auto="filter-option" data-auto-selected="false"><div class="checkbox" data-auto="checkbox"><input id="filter-option--Tesco-Kids-8345246" name="filter-option--Tesco-Kids-8345246" type="checkbox"><label class="checkbox-label" for="filter-option--Tesco-Kids-8345246" title="Tesco Kids"><a class="filter-option--link" href="https://www.tesco.com/groceries/en-GB/shop/food-cupboard/all?brand=Tesco%20Kids&amp;viewAll=brand"><span class="checkbox-square checkbox-square-linked"></span><span class="checkbox-check icon-tick-white"></span><span class="visually-hidden">Filter by</span><span class="filter-label--line--inline">Tesco Kids</span><span class="filter-label--line--inline">&nbsp;(1)</span></a></label></div></li><li class="filter-option__container" id="Tesco Wholefoods" data-auto="filter-option" data-auto-selected="false"><div class="checkbox" data-auto="checkbox"><input id="filter-option--Tesco-Wholefoods-9587183" name="filter-option--Tesco-Wholefoods-9587183" type="checkbox"><label class="checkbox-label" for="filter-option--Tesco-Wholefoods-9587183" title="Tesco Wholefoods"><a class="filter-option--link" href="https://www.tesco.com/groceries/en-GB/shop/food-cupboard/all?brand=Tesco%20Wholefoods&amp;viewAll=brand"><span class="checkbox-square checkbox-square-linked"></span><span class="checkbox-check icon-tick-white"></span><span class="visually-hidden">Filter by</span><span class="filter-label--line--block">Tesco</span><span class="filter-label--line--inline filter-label--line--truncate">Wholefoods</span><span class="filter-label--line--inline">&nbsp;(1)</span></a></label></div></li><li class="filter-option__container" id="The Curators" data-auto="filter-option" data-auto-selected="false"><div class="checkbox" data-auto="checkbox"><input id="filter-option--The-Curators-3860041" name="filter-option--The-Curators-3860041" type="checkbox"><label class="checkbox-label" for="filter-option--The-Curators-3860041" title="The Curators"><a class="filter-option--link" href="https://www.tesco.com/groceries/en-GB/shop/food-cupboard/all?brand=The%20Curators&amp;viewAll=brand"><span class="checkbox-square checkbox-square-linked"></span><span class="checkbox-check icon-tick-white"></span><span class="visually-hidden">Filter by</span><span class="filter-label--line--inline">The Curators</span><span class="filter-label--line--inline">&nbsp;(1)</span></a></label></div></li><li class="filter-option__container" id="The Groovy Food" data-auto="filter-option" data-auto-selected="false"><div class="checkbox" data-auto="checkbox"><input id="filter-option--The-Groovy-Food-4950632" name="filter-option--The-Groovy-Food-4950632" type="checkbox"><label class="checkbox-label" for="filter-option--The-Groovy-Food-4950632" title="The Groovy Food"><a class="filter-option--link" href="https://www.tesco.com/groceries/en-GB/shop/food-cupboard/all?brand=The%20Groovy%20Food&amp;viewAll=brand"><span class="checkbox-square checkbox-square-linked"></span><span class="checkbox-check icon-tick-white"></span><span class="visually-hidden">Filter by</span><span class="filter-label--line--block">The Groovy</span><span class="filter-label--line--inline filter-label--line--truncate">Food</span><span class="filter-label--line--inline">&nbsp;(1)</span></a></label></div></li><li class="filter-option__container" id="Tiger" data-auto="filter-option" data-auto-selected="false"><div class="checkbox" data-auto="checkbox"><input id="filter-option--Tiger-3161092" name="filter-option--Tiger-3161092" type="checkbox"><label class="checkbox-label" for="filter-option--Tiger-3161092" title="Tiger"><a class="filter-option--link" href="https://www.tesco.com/groceries/en-GB/shop/food-cupboard/all?brand=Tiger&amp;viewAll=brand"><span class="checkbox-square checkbox-square-linked"></span><span class="checkbox-check icon-tick-white"></span><span class="visually-hidden">Filter by</span><span class="filter-label--line--inline">Tiger</span><span class="filter-label--line--inline">&nbsp;(1)</span></a></label></div></li><li class="filter-option__container" id="Toffee Crisp" data-auto="filter-option" data-auto-selected="false"><div class="checkbox" data-auto="checkbox"><input id="filter-option--Toffee-Crisp-4843162" name="filter-option--Toffee-Crisp-4843162" type="checkbox"><label class="checkbox-label" for="filter-option--Toffee-Crisp-4843162" title="Toffee Crisp"><a class="filter-option--link" href="https://www.tesco.com/groceries/en-GB/shop/food-cupboard/all?brand=Toffee%20Crisp&amp;viewAll=brand"><span class="checkbox-square checkbox-square-linked"></span><span class="checkbox-check icon-tick-white"></span><span class="visually-hidden">Filter by</span><span class="filter-label--line--inline">Toffee Crisp</span><span class="filter-label--line--inline">&nbsp;(1)</span></a></label></div></li><li class="filter-option__container" id="Trade Aid" data-auto="filter-option" data-auto-selected="false"><div class="checkbox" data-auto="checkbox"><input id="filter-option--Trade-Aid-6951220" name="filter-option--Trade-Aid-6951220" type="checkbox"><label class="checkbox-label" for="filter-option--Trade-Aid-6951220" title="Trade Aid"><a class="filter-option--link" href="https://www.tesco.com/groceries/en-GB/shop/food-cupboard/all?brand=Trade%20Aid&amp;viewAll=brand"><span class="checkbox-square checkbox-square-linked"></span><span class="checkbox-check icon-tick-white"></span><span class="visually-hidden">Filter by</span><span class="filter-label--line--inline">Trade Aid</span><span class="filter-label--line--inline">&nbsp;(1)</span></a></label></div></li><li class="filter-option__container" id="Tsingtao" data-auto="filter-option" data-auto-selected="false"><div class="checkbox" data-auto="checkbox"><input id="filter-option--Tsingtao-1447551" name="filter-option--Tsingtao-1447551" type="checkbox"><label class="checkbox-label" for="filter-option--Tsingtao-1447551" title="Tsingtao"><a class="filter-option--link" href="https://www.tesco.com/groceries/en-GB/shop/food-cupboard/all?brand=Tsingtao&amp;viewAll=brand"><span class="checkbox-square checkbox-square-linked"></span><span class="checkbox-check icon-tick-white"></span><span class="visually-hidden">Filter by</span><span class="filter-label--line--inline">Tsingtao</span><span class="filter-label--line--inline">&nbsp;(1)</span></a></label></div></li><li class="filter-option__container" id="Tyskie" data-auto="filter-option" data-auto-selected="false"><div class="checkbox" data-auto="checkbox"><input id="filter-option--Tyskie-1125719" name="filter-option--Tyskie-1125719" type="checkbox"><label class="checkbox-label" for="filter-option--Tyskie-1125719" title="Tyskie"><a class="filter-option--link" href="https://www.tesco.com/groceries/en-GB/shop/food-cupboard/all?brand=Tyskie&amp;viewAll=brand"><span class="checkbox-square checkbox-square-linked"></span><span class="checkbox-check icon-tick-white"></span><span class="visually-hidden">Filter by</span><span class="filter-label--line--inline">Tyskie</span><span class="filter-label--line--inline">&nbsp;(1)</span></a></label></div></li><li class="filter-option__container" id="U Me" data-auto="filter-option" data-auto-selected="false"><div class="checkbox" data-auto="checkbox"><input id="filter-option--U-Me-7138026" name="filter-option--U-Me-7138026" type="checkbox"><label class="checkbox-label" for="filter-option--U-Me-7138026" title="U Me"><a class="filter-option--link" href="https://www.tesco.com/groceries/en-GB/shop/food-cupboard/all?brand=U%20Me&amp;viewAll=brand"><span class="checkbox-square checkbox-square-linked"></span><span class="checkbox-check icon-tick-white"></span><span class="visually-hidden">Filter by</span><span class="filter-label--line--inline">U Me</span><span class="filter-label--line--inline">&nbsp;(1)</span></a></label></div></li><li class="filter-option__container" id="Van Der Meulen" data-auto="filter-option" data-auto-selected="false"><div class="checkbox" data-auto="checkbox"><input id="filter-option--Van-Der-Meulen-9233398" name="filter-option--Van-Der-Meulen-9233398" type="checkbox"><label class="checkbox-label" for="filter-option--Van-Der-Meulen-9233398" title="Van Der Meulen"><a class="filter-option--link" href="https://www.tesco.com/groceries/en-GB/shop/food-cupboard/all?brand=Van%20Der%20Meulen&amp;viewAll=brand"><span class="checkbox-square checkbox-square-linked"></span><span class="checkbox-check icon-tick-white"></span><span class="visually-hidden">Filter by</span><span class="filter-label--line--inline">Van Der Meulen</span><span class="filter-label--line--inline">&nbsp;(1)</span></a></label></div></li><li class="filter-option__container" id="Vegemite" data-auto="filter-option" data-auto-selected="false"><div class="checkbox" data-auto="checkbox"><input id="filter-option--Vegemite-9730303" name="filter-option--Vegemite-9730303" type="checkbox"><label class="checkbox-label" for="filter-option--Vegemite-9730303" title="Vegemite"><a class="filter-option--link" href="https://www.tesco.com/groceries/en-GB/shop/food-cupboard/all?brand=Vegemite&amp;viewAll=brand"><span class="checkbox-square checkbox-square-linked"></span><span class="checkbox-check icon-tick-white"></span><span class="visually-hidden">Filter by</span><span class="filter-label--line--inline">Vegemite</span><span class="filter-label--line--inline">&nbsp;(1)</span></a></label></div></li><li class="filter-option__container" id="Vesta" data-auto="filter-option" data-auto-selected="false"><div class="checkbox" data-auto="checkbox"><input id="filter-option--Vesta-2692496" name="filter-option--Vesta-2692496" type="checkbox"><label class="checkbox-label" for="filter-option--Vesta-2692496" title="Vesta"><a class="filter-option--link" href="https://www.tesco.com/groceries/en-GB/shop/food-cupboard/all?brand=Vesta&amp;viewAll=brand"><span class="checkbox-square checkbox-square-linked"></span><span class="checkbox-check icon-tick-white"></span><span class="visually-hidden">Filter by</span><span class="filter-label--line--inline">Vesta</span><span class="filter-label--line--inline">&nbsp;(1)</span></a></label></div></li><li class="filter-option__container" id="Vimto" data-auto="filter-option" data-auto-selected="false"><div class="checkbox" data-auto="checkbox"><input id="filter-option--Vimto-2632760" name="filter-option--Vimto-2632760" type="checkbox"><label class="checkbox-label" for="filter-option--Vimto-2632760" title="Vimto"><a class="filter-option--link" href="https://www.tesco.com/groceries/en-GB/shop/food-cupboard/all?brand=Vimto&amp;viewAll=brand"><span class="checkbox-square checkbox-square-linked"></span><span class="checkbox-check icon-tick-white"></span><span class="visually-hidden">Filter by</span><span class="filter-label--line--inline">Vimto</span><span class="filter-label--line--inline">&nbsp;(1)</span></a></label></div></li><li class="filter-option__container" id="Vita Green" data-auto="filter-option" data-auto-selected="false"><div class="checkbox" data-auto="checkbox"><input id="filter-option--Vita-Green-4508744" name="filter-option--Vita-Green-4508744" type="checkbox"><label class="checkbox-label" for="filter-option--Vita-Green-4508744" title="Vita Green"><a class="filter-option--link" href="https://www.tesco.com/groceries/en-GB/shop/food-cupboard/all?brand=Vita%20Green&amp;viewAll=brand"><span class="checkbox-square checkbox-square-linked"></span><span class="checkbox-check icon-tick-white"></span><span class="visually-hidden">Filter by</span><span class="filter-label--line--inline">Vita Green</span><span class="filter-label--line--inline">&nbsp;(1)</span></a></label></div></li><li class="filter-option__container" id="Vitasoy" data-auto="filter-option" data-auto-selected="false"><div class="checkbox" data-auto="checkbox"><input id="filter-option--Vitasoy-3724304" name="filter-option--Vitasoy-3724304" type="checkbox"><label class="checkbox-label" for="filter-option--Vitasoy-3724304" title="Vitasoy"><a class="filter-option--link" href="https://www.tesco.com/groceries/en-GB/shop/food-cupboard/all?brand=Vitasoy&amp;viewAll=brand"><span class="checkbox-square checkbox-square-linked"></span><span class="checkbox-check icon-tick-white"></span><span class="visually-hidden">Filter by</span><span class="filter-label--line--inline">Vitasoy</span><span class="filter-label--line--inline">&nbsp;(1)</span></a></label></div></li><li class="filter-option__container" id="Vivicam" data-auto="filter-option" data-auto-selected="false"><div class="checkbox" data-auto="checkbox"><input id="filter-option--Vivicam-7623975" name="filter-option--Vivicam-7623975" type="checkbox"><label class="checkbox-label" for="filter-option--Vivicam-7623975" title="Vivicam"><a class="filter-option--link" href="https://www.tesco.com/groceries/en-GB/shop/food-cupboard/all?brand=Vivicam&amp;viewAll=brand"><span class="checkbox-square checkbox-square-linked"></span><span class="checkbox-check icon-tick-white"></span><span class="visually-hidden">Filter by</span><span class="filter-label--line--inline">Vivicam</span><span class="filter-label--line--inline">&nbsp;(1)</span></a></label></div></li><li class="filter-option__container" id="Voly&#39;s" data-auto="filter-option" data-auto-selected="false"><div class="checkbox" data-auto="checkbox"><input id="filter-option--Voly&#39;s-550132" name="filter-option--Voly&#39;s-550132" type="checkbox"><label class="checkbox-label" for="filter-option--Voly&#39;s-550132" title="Voly&#39;s"><a class="filter-option--link" href="https://www.tesco.com/groceries/en-GB/shop/food-cupboard/all?brand=Voly%27s&amp;viewAll=brand"><span class="checkbox-square checkbox-square-linked"></span><span class="checkbox-check icon-tick-white"></span><span class="visually-hidden">Filter by</span><span class="filter-label--line--inline">Voly's</span><span class="filter-label--line--inline">&nbsp;(1)</span></a></label></div></li><li class="filter-option__container" id="Walkers Doritos" data-auto="filter-option" data-auto-selected="false"><div class="checkbox" data-auto="checkbox"><input id="filter-option--Walkers-Doritos-1962314" name="filter-option--Walkers-Doritos-1962314" type="checkbox"><label class="checkbox-label" for="filter-option--Walkers-Doritos-1962314" title="Walkers Doritos"><a class="filter-option--link" href="https://www.tesco.com/groceries/en-GB/shop/food-cupboard/all?brand=Walkers%20Doritos&amp;viewAll=brand"><span class="checkbox-square checkbox-square-linked"></span><span class="checkbox-check icon-tick-white"></span><span class="visually-hidden">Filter by</span><span class="filter-label--line--block">Walkers</span><span class="filter-label--line--inline filter-label--line--truncate">Doritos</span><span class="filter-label--line--inline">&nbsp;(1)</span></a></label></div></li><li class="filter-option__container" id="Warsteiner" data-auto="filter-option" data-auto-selected="false"><div class="checkbox" data-auto="checkbox"><input id="filter-option--Warsteiner-6560136" name="filter-option--Warsteiner-6560136" type="checkbox"><label class="checkbox-label" for="filter-option--Warsteiner-6560136" title="Warsteiner"><a class="filter-option--link" href="https://www.tesco.com/groceries/en-GB/shop/food-cupboard/all?brand=Warsteiner&amp;viewAll=brand"><span class="checkbox-square checkbox-square-linked"></span><span class="checkbox-check icon-tick-white"></span><span class="visually-hidden">Filter by</span><span class="filter-label--line--inline">Warsteiner</span><span class="filter-label--line--inline">&nbsp;(1)</span></a></label></div></li><li class="filter-option__container" id="Werthers" data-auto="filter-option" data-auto-selected="false"><div class="checkbox" data-auto="checkbox"><input id="filter-option--Werthers-4591093" name="filter-option--Werthers-4591093" type="checkbox"><label class="checkbox-label" for="filter-option--Werthers-4591093" title="Werthers"><a class="filter-option--link" href="https://www.tesco.com/groceries/en-GB/shop/food-cupboard/all?brand=Werthers&amp;viewAll=brand"><span class="checkbox-square checkbox-square-linked"></span><span class="checkbox-check icon-tick-white"></span><span class="visually-hidden">Filter by</span><span class="filter-label--line--inline">Werthers</span><span class="filter-label--line--inline">&nbsp;(1)</span></a></label></div></li><li class="filter-option__container" id="Westlers" data-auto="filter-option" data-auto-selected="false"><div class="checkbox" data-auto="checkbox"><input id="filter-option--Westlers-1090330" name="filter-option--Westlers-1090330" type="checkbox"><label class="checkbox-label" for="filter-option--Westlers-1090330" title="Westlers"><a class="filter-option--link" href="https://www.tesco.com/groceries/en-GB/shop/food-cupboard/all?brand=Westlers&amp;viewAll=brand"><span class="checkbox-square checkbox-square-linked"></span><span class="checkbox-check icon-tick-white"></span><span class="visually-hidden">Filter by</span><span class="filter-label--line--inline">Westlers</span><span class="filter-label--line--inline">&nbsp;(1)</span></a></label></div></li><li class="filter-option__container" id="What Next Candy" data-auto="filter-option" data-auto-selected="false"><div class="checkbox" data-auto="checkbox"><input id="filter-option--What-Next-Candy-4874714" name="filter-option--What-Next-Candy-4874714" type="checkbox"><label class="checkbox-label" for="filter-option--What-Next-Candy-4874714" title="What Next Candy"><a class="filter-option--link" href="https://www.tesco.com/groceries/en-GB/shop/food-cupboard/all?brand=What%20Next%20Candy&amp;viewAll=brand"><span class="checkbox-square checkbox-square-linked"></span><span class="checkbox-check icon-tick-white"></span><span class="visually-hidden">Filter by</span><span class="filter-label--line--block">What Next</span><span class="filter-label--line--inline filter-label--line--truncate">Candy</span><span class="filter-label--line--inline">&nbsp;(1)</span></a></label></div></li><li class="filter-option__container" id="Wheat Crunchies" data-auto="filter-option" data-auto-selected="false"><div class="checkbox" data-auto="checkbox"><input id="filter-option--Wheat-Crunchies-9265092" name="filter-option--Wheat-Crunchies-9265092" type="checkbox"><label class="checkbox-label" for="filter-option--Wheat-Crunchies-9265092" title="Wheat Crunchies"><a class="filter-option--link" href="https://www.tesco.com/groceries/en-GB/shop/food-cupboard/all?brand=Wheat%20Crunchies&amp;viewAll=brand"><span class="checkbox-square checkbox-square-linked"></span><span class="checkbox-check icon-tick-white"></span><span class="visually-hidden">Filter by</span><span class="filter-label--line--block">Wheat</span><span class="filter-label--line--inline filter-label--line--truncate">Crunchies</span><span class="filter-label--line--inline">&nbsp;(1)</span></a></label></div></li><li class="filter-option__container" id="Wild West" data-auto="filter-option" data-auto-selected="false"><div class="checkbox" data-auto="checkbox"><input id="filter-option--Wild-West-148304" name="filter-option--Wild-West-148304" type="checkbox"><label class="checkbox-label" for="filter-option--Wild-West-148304" title="Wild West"><a class="filter-option--link" href="https://www.tesco.com/groceries/en-GB/shop/food-cupboard/all?brand=Wild%20West&amp;viewAll=brand"><span class="checkbox-square checkbox-square-linked"></span><span class="checkbox-check icon-tick-white"></span><span class="visually-hidden">Filter by</span><span class="filter-label--line--inline">Wild West</span><span class="filter-label--line--inline">&nbsp;(1)</span></a></label></div></li><li class="filter-option__container" id="Wild West Jerky" data-auto="filter-option" data-auto-selected="false"><div class="checkbox" data-auto="checkbox"><input id="filter-option--Wild-West-Jerky-928504" name="filter-option--Wild-West-Jerky-928504" type="checkbox"><label class="checkbox-label" for="filter-option--Wild-West-Jerky-928504" title="Wild West Jerky"><a class="filter-option--link" href="https://www.tesco.com/groceries/en-GB/shop/food-cupboard/all?brand=Wild%20West%20Jerky&amp;viewAll=brand"><span class="checkbox-square checkbox-square-linked"></span><span class="checkbox-check icon-tick-white"></span><span class="visually-hidden">Filter by</span><span class="filter-label--line--block">Wild West</span><span class="filter-label--line--inline filter-label--line--truncate">Jerky</span><span class="filter-label--line--inline">&nbsp;(1)</span></a></label></div></li><li class="filter-option__container" id="Wonderfarm" data-auto="filter-option" data-auto-selected="false"><div class="checkbox" data-auto="checkbox"><input id="filter-option--Wonderfarm-657444" name="filter-option--Wonderfarm-657444" type="checkbox"><label class="checkbox-label" for="filter-option--Wonderfarm-657444" title="Wonderfarm"><a class="filter-option--link" href="https://www.tesco.com/groceries/en-GB/shop/food-cupboard/all?brand=Wonderfarm&amp;viewAll=brand"><span class="checkbox-square checkbox-square-linked"></span><span class="checkbox-check icon-tick-white"></span><span class="visually-hidden">Filter by</span><span class="filter-label--line--inline">Wonderfarm</span><span class="filter-label--line--inline">&nbsp;(1)</span></a></label></div></li><li class="filter-option__container" id="Wray &amp; Nephew" data-auto="filter-option" data-auto-selected="false"><div class="checkbox" data-auto="checkbox"><input id="filter-option--Wray-Nephew-1274915" name="filter-option--Wray-Nephew-1274915" type="checkbox"><label class="checkbox-label" for="filter-option--Wray-Nephew-1274915" title="Wray &amp; Nephew"><a class="filter-option--link" href="https://www.tesco.com/groceries/en-GB/shop/food-cupboard/all?brand=Wray%20%26%20Nephew&amp;viewAll=brand"><span class="checkbox-square checkbox-square-linked"></span><span class="checkbox-check icon-tick-white"></span><span class="visually-hidden">Filter by</span><span class="filter-label--line--inline">Wray &amp; Nephew</span><span class="filter-label--line--inline">&nbsp;(1)</span></a></label></div></li><li class="filter-option__container" id="Yorkie" data-auto="filter-option" data-auto-selected="false"><div class="checkbox" data-auto="checkbox"><input id="filter-option--Yorkie-3617006" name="filter-option--Yorkie-3617006" type="checkbox"><label class="checkbox-label" for="filter-option--Yorkie-3617006" title="Yorkie"><a class="filter-option--link" href="https://www.tesco.com/groceries/en-GB/shop/food-cupboard/all?brand=Yorkie&amp;viewAll=brand"><span class="checkbox-square checkbox-square-linked"></span><span class="checkbox-check icon-tick-white"></span><span class="visually-hidden">Filter by</span><span class="filter-label--line--inline">Yorkie</span><span class="filter-label--line--inline">&nbsp;(1)</span></a></label></div></li><li class="filter-option__container" id="Yrb" data-auto="filter-option" data-auto-selected="false"><div class="checkbox" data-auto="checkbox"><input id="filter-option--Yrb-4670074" name="filter-option--Yrb-4670074" type="checkbox"><label class="checkbox-label" for="filter-option--Yrb-4670074" title="Yrb"><a class="filter-option--link" href="https://www.tesco.com/groceries/en-GB/shop/food-cupboard/all?brand=Yrb&amp;viewAll=brand"><span class="checkbox-square checkbox-square-linked"></span><span class="checkbox-check icon-tick-white"></span><span class="visually-hidden">Filter by</span><span class="filter-label--line--inline">Yrb</span><span class="filter-label--line--inline">&nbsp;(1)</span></a></label></div></li><li class="filter-option__container" id="Zanae" data-auto="filter-option" data-auto-selected="false"><div class="checkbox" data-auto="checkbox"><input id="filter-option--Zanae-3920720" name="filter-option--Zanae-3920720" type="checkbox"><label class="checkbox-label" for="filter-option--Zanae-3920720" title="Zanae"><a class="filter-option--link" href="https://www.tesco.com/groceries/en-GB/shop/food-cupboard/all?brand=Zanae&amp;viewAll=brand"><span class="checkbox-square checkbox-square-linked"></span><span class="checkbox-check icon-tick-white"></span><span class="visually-hidden">Filter by</span><span class="filter-label--line--inline">Zanae</span><span class="filter-label--line--inline">&nbsp;(1)</span></a></label></div></li><li class="filter-option__container" id="Zott" data-auto="filter-option" data-auto-selected="false"><div class="checkbox" data-auto="checkbox"><input id="filter-option--Zott-4226744" name="filter-option--Zott-4226744" type="checkbox"><label class="checkbox-label" for="filter-option--Zott-4226744" title="Zott"><a class="filter-option--link" href="https://www.tesco.com/groceries/en-GB/shop/food-cupboard/all?brand=Zott&amp;viewAll=brand"><span class="checkbox-square checkbox-square-linked"></span><span class="checkbox-check icon-tick-white"></span><span class="visually-hidden">Filter by</span><span class="filter-label--line--inline">Zott</span><span class="filter-label--line--inline">&nbsp;(1)</span></a></label></div></li><li class="more-filters--container hidden"><button class="button-text more-filters">More brands<span class="icon icon-header_down_triangle expand-icon"></span></button></li><li class="more-filters--container"><button class="button-text more-filters">Fewer brands<span class="icon icon-header_down_triangle contract-icon"></span></button></li></ul></li></ul></div></div></li><li data-auto="filter-lifestyle-and-dietary"><div class="filter-select__FilterSelectContainer-x4zufj-0 iRBCDW filter-select-container filter-lifestyle-and-dietary"><button aria-controls="filter-lifestyle-and-dietary" aria-expanded="false" class="button-text filter-select" data-auto="filter-lifestyle-and-dietary-select"><span class="filter-select--label specific-filter-label">Lifestyle &amp; Dietary</span><span class="icon icon-header_down_triangle"></span></button></div><div aria-hidden="true" class="filter-options-container last-child" id="filter-lifestyle-and-dietary" data-auto="filter-lifestyle-and-dietary-dropdown"><div class="filter-options">Filters should not be used as an alternative to medical advice. Always check the label.<ul aria-label="Lifestyle &amp; Dietary"><li class="current-filters" data-auto="dietary"><ul><li class="filter-option__container selected" id="all" data-auto="filter-option" data-auto-selected="true"><div class="radio" data-auto="radio-button"><a class="filter-option--link" href="https://www.tesco.com/groceries/en-GB/shop/food-cupboard/all" title="All Lifestyle &amp; Dietary"><div class="radio-button radio-button--on"></div><div class="radio__label"><span class="visually-hidden">Filter by</span><span class="filter-label--line--block">All Lifestyle</span><span class="filter-label--line--inline filter-label--line--truncate">&amp; Dietary</span><span class="filter-label--line--inline">&nbsp;</span></div></a></div></li><li class="filter-option__container" id="Pescetarian" data-auto="filter-option" data-auto-selected="false"><div class="radio" data-auto="radio-button"><a class="filter-option--link" href="https://www.tesco.com/groceries/en-GB/shop/food-cupboard/all?dietary=Pescetarian&amp;viewAll=dietary" title="Pescetarian"><div class="radio-button radio-button--off"></div><div class="radio__label"><span class="visually-hidden">Filter by</span><span class="filter-label--line--inline">Pescetarian</span><span class="filter-label--line--inline">&nbsp;(5086)</span></div></a></div></li><li class="filter-option__container" id="Vegetarian" data-auto="filter-option" data-auto-selected="false"><div class="radio" data-auto="radio-button"><a class="filter-option--link" href="https://www.tesco.com/groceries/en-GB/shop/food-cupboard/all?dietary=Vegetarian&amp;viewAll=dietary" title="Vegetarian"><div class="radio-button radio-button--off"></div><div class="radio__label"><span class="visually-hidden">Filter by</span><span class="filter-label--line--inline">Vegetarian</span><span class="filter-label--line--inline">&nbsp;(4970)</span></div></a></div></li><li class="filter-option__container" id="No egg" data-auto="filter-option" data-auto-selected="false"><div class="radio" data-auto="radio-button"><a class="filter-option--link" href="https://www.tesco.com/groceries/en-GB/shop/food-cupboard/all?dietary=No%20egg&amp;viewAll=dietary" title="No egg"><div class="radio-button radio-button--off"></div><div class="radio__label"><span class="visually-hidden">Filter by</span><span class="filter-label--line--inline">No egg</span><span class="filter-label--line--inline">&nbsp;(4831)</span></div></a></div></li><li class="filter-option__container" id="Halal" data-auto="filter-option" data-auto-selected="false"><div class="radio" data-auto="radio-button"><a class="filter-option--link" href="https://www.tesco.com/groceries/en-GB/shop/food-cupboard/all?dietary=Halal&amp;viewAll=dietary" title="Halal"><div class="radio-button radio-button--off"></div><div class="radio__label"><span class="visually-hidden">Filter by</span><span class="filter-label--line--inline">Halal</span><span class="filter-label--line--inline">&nbsp;(4488)</span></div></a></div></li><li class="filter-option__container" id="Lacto-vegetarian" data-auto="filter-option" data-auto-selected="false"><div class="radio" data-auto="radio-button"><a class="filter-option--link" href="https://www.tesco.com/groceries/en-GB/shop/food-cupboard/all?dietary=Lacto-vegetarian&amp;viewAll=dietary" title="Lacto-vegetarian"><div class="radio-button radio-button--off"></div><div class="radio__label"><span class="visually-hidden">Filter by</span><span class="filter-label--line--inline filter-label--line--truncate">Lacto-vegetari</span><span class="filter-label--line--inline">&nbsp;(3761)</span></div></a></div></li><li class="filter-option__container" id="No soya" data-auto="filter-option" data-auto-selected="false"><div class="radio" data-auto="radio-button"><a class="filter-option--link" href="https://www.tesco.com/groceries/en-GB/shop/food-cupboard/all?dietary=No%20soya&amp;viewAll=dietary" title="No soya"><div class="radio-button radio-button--off"></div><div class="radio__label"><span class="visually-hidden">Filter by</span><span class="filter-label--line--inline">No soya</span><span class="filter-label--line--inline">&nbsp;(3626)</span></div></a></div></li><li class="filter-option__container" id="No lactose" data-auto="filter-option" data-auto-selected="false"><div class="radio" data-auto="radio-button"><a class="filter-option--link" href="https://www.tesco.com/groceries/en-GB/shop/food-cupboard/all?dietary=No%20lactose&amp;viewAll=dietary" title="No lactose"><div class="radio-button radio-button--off"></div><div class="radio__label"><span class="visually-hidden">Filter by</span><span class="filter-label--line--inline">No lactose</span><span class="filter-label--line--inline">&nbsp;(3244)</span></div></a></div></li><li class="filter-option__container" id="No milk" data-auto="filter-option" data-auto-selected="false"><div class="radio" data-auto="radio-button"><a class="filter-option--link" href="https://www.tesco.com/groceries/en-GB/shop/food-cupboard/all?dietary=No%20milk&amp;viewAll=dietary" title="No milk"><div class="radio-button radio-button--off"></div><div class="radio__label"><span class="visually-hidden">Filter by</span><span class="filter-label--line--inline">No milk</span><span class="filter-label--line--inline">&nbsp;(3241)</span></div></a></div></li><li class="filter-option__container" id="No gluten" data-auto="filter-option" data-auto-selected="false"><div class="radio" data-auto="radio-button"><a class="filter-option--link" href="https://www.tesco.com/groceries/en-GB/shop/food-cupboard/all?dietary=No%20gluten&amp;viewAll=dietary" title="No gluten"><div class="radio-button radio-button--off"></div><div class="radio__label"><span class="visually-hidden">Filter by</span><span class="filter-label--line--inline">No gluten</span><span class="filter-label--line--inline">&nbsp;(3166)</span></div></a></div></li><li class="filter-option__container" id="Ovo-vegetarian" data-auto="filter-option" data-auto-selected="false"><div class="radio" data-auto="radio-button"><a class="filter-option--link" href="https://www.tesco.com/groceries/en-GB/shop/food-cupboard/all?dietary=Ovo-vegetarian&amp;viewAll=dietary" title="Ovo-vegetarian"><div class="radio-button radio-button--off"></div><div class="radio__label"><span class="visually-hidden">Filter by</span><span class="filter-label--line--inline filter-label--line--truncate">Ovo-vegetarian</span><span class="filter-label--line--inline">&nbsp;(3156)</span></div></a></div></li><li class="filter-option__container" id="Vegan" data-auto="filter-option" data-auto-selected="false"><div class="radio" data-auto="radio-button"><a class="filter-option--link" href="https://www.tesco.com/groceries/en-GB/shop/food-cupboard/all?dietary=Vegan&amp;viewAll=dietary" title="Vegan"><div class="radio-button radio-button--off"></div><div class="radio__label"><span class="visually-hidden">Filter by</span><span class="filter-label--line--inline">Vegan</span><span class="filter-label--line--inline">&nbsp;(2925)</span></div></a></div></li><li class="more-filters--container"><button class="button-text more-filters">More Lifestyle &amp; Dietary<span class="icon icon-header_down_triangle expand-icon"></span></button></li><li class="more-filters--container hidden"><button class="button-text more-filters">Fewer Lifestyle &amp; Dietary<span class="icon icon-header_down_triangle contract-icon"></span></button></li></ul></li></ul><div class="filter-options-footer"><span><span>In partnership with SpoonGuru.&nbsp;<a href="https://www.tesco.com/help/terms-and-conditions/#Dietary" class="filter-options-footer--lifestyle-and-dietary-link" target="_blank" rel="noopener">Find out more about each filter<span class="icon icon-chevron_right"></span></a></span></span></div></div></div></li></ul></div><div class="sort-control-container"><label class="instructions-label" for="sort-by">Sort by: </label><ul class="selects-row grid"><li><div class="filter-select-container"><select class="filter-select sort-control" id="sort-by"><option value="relevance">Relevance</option><option value="price-ascending">Price: Low to High</option><option value="price-descending">Price: High to Low</option></select><span class="icon icon-header_down_triangle"></span></div></li></ul></div></div></div><div class="filter-by-mobile"><a data-auto="filter-by-mobile-button" class="button button-secondary small" href="https://www.tesco.com/groceries/en-GB/shop/food-cupboard/all#sort-n-filter"><span>Sort and filter</span><span class="items-count" data-auto="items-count"> (6038)</span></a></div></div></div><div class="product-lists"><div class="product-lists-wrapper"><div><div class="overlay-spinner--overlay overlay-spinner--large" data-auto="overlay-spinner"></div></div><div class="category product-list--page product-list--current-page"><div class="list-page-1"><ul class="product-list grid" data-auto="product-list" data-auto-last-updated="1669381852326"><li class="product-list--list-item first"><div class="styles__StyledVerticalTileWrapper-dvv1wj-0 dtCNPH"><p class="styled__FlashSashContent-sc-9znnul-0 dYgYXb"><strong class="styled__FlashSashText-sc-9znnul-1 ggeHk">New</strong></p><div data-auto="product-tile" data-auto-type="Quantity" data-auto-available="true" data-auto-is-restricted-disabled="false" data-auto-is-substitute="false" class="styles__StyledVerticalTile-dvv1wj-1 gSCsYK"><div class="styles__StyledTileContentWrapper-dvv1wj-2 bkNhNP beans"><div id="tile-312098280" data-auto-id="312098280" class="styles__StyledTiledContent-dvv1wj-3 bcglTg"><a href="https://www.tesco.com/groceries/en-GB/products/312098280" aria-hidden="true" class="product-image-wrapper" tabindex="1"><div class="product-image__container"><picture><img class="styled__Image-sjvkdn-0 bJErKA product-image beans-responsive-image__image" src="./tesco_html_brand_food_cupboard_files/25363582-4794-4601-91a6-6b92d8d6f5c8_1524992676.jpeg" srcset="https://digitalcontent.api.tesco.com/v2/media/ghs/066457c0-1adf-496c-b927-7656d7b7195e/25363582-4794-4601-91a6-6b92d8d6f5c8_1524992676.jpeg?h=225&amp;w=225 768w, https://digitalcontent.api.tesco.com/v2/media/ghs/066457c0-1adf-496c-b927-7656d7b7195e/25363582-4794-4601-91a6-6b92d8d6f5c8_1524992676.jpeg?h=225&amp;w=225 4000w" alt="Swizzels Sweet Shop Favourites Tub 650G"></picture></div></a><div class="product-details--wrapper"><h3 class="styles__H3-oa5soe-0 bCKNNq"><a href="https://www.tesco.com/groceries/en-GB/products/312098280" class="styled__Anchor-sc-1xbujuz-0 csVOnh beans-link__anchor" data-auto="product-tile--title"><span class="styled__Text-sc-1xbujuz-1 ldbwMG beans-link__text">Swizzels Sweet Shop Favourites Tub 650G</span></a></h3><div class="styles__StyledPromotionsAboveMobile-dvv1wj-7 iPTMuo"></div><div class="styles__StyledProductDetailsContent-dvv1wj-5 ddRSrq"><a href="https://www.tesco.com/groceries/en-GB/reviews/submission/312098280?from=%2Fshop%2Ffood-cupboard%2Fall" aria-label="Write a review for Swizzels Sweet Shop Favourites Tub 650G" class="styled__Anchor-sc-1xbujuz-0 jSzuDt write-a-review-link beans-link__anchor" data-auto="review-link"><span class="styled__Text-sc-1xbujuz-1 fyDIEo beans-link__text">Write a review</span><span class="styled__IconContainer-sc-1xbujuz-2 bSauSL beans-link__icon-container"><svg aria-hidden="true" class="styled__SVG-xxa4wh-1 hQMCqc beans-link__icon beans-icon__svg" height="13.33" preserveAspectRatio="xMinYMax meet" viewBox="-1 0 12 20" width="8" xmlns="http://www.w3.org/2000/svg" color="currentColor"><path d="M1.312 1.348L10.276 10l-8.964 8.644" fill="none" stroke="currentColor"></path></svg></span></a><div><a href="https://www.tesco.com/groceries/en-GB/shop/food-cupboard/christmas-treats/chocolate-tubs-and-tins/sweet-tubs-and-tins" class="styled__Anchor-sc-1xbujuz-0 jSzuDt rest-of-shelf-link beans-link__anchor" data-auto="rest-of-shelf-link"><span class="styled__Text-sc-1xbujuz-1 fyDIEo beans-link__text">Rest of <span class="visually-hidden">Sweet Tubs &amp; Tins</span> shelf</span><span class="styled__IconContainer-sc-1xbujuz-2 bSauSL beans-link__icon-container"><svg aria-hidden="true" class="styled__SVG-xxa4wh-1 hQMCqc beans-link__icon beans-icon__svg" height="13.33" preserveAspectRatio="xMinYMax meet" viewBox="-1 0 12 20" width="8" xmlns="http://www.w3.org/2000/svg" color="currentColor"><path d="M1.312 1.348L10.276 10l-8.964 8.644" fill="none" stroke="currentColor"></path></svg></span></a></div><div class="product-info-message-section"><div class="product-info-message-list"><div class="styled__WhiteBackground-sc-9yzfq2-1 jthPIJ"><svg width="56" height="56" viewBox="0 0 56 56" fill="none" xmlns="http://www.w3.org/2000/svg"><path d="M52.1301 27.8766C52.1301 14.5534 41.3293 3.75308 28.0066 3.75308C14.6834 3.75308 3.88306 14.5534 3.88306 27.8766C3.88306 41.1998 14.6834 52.0002 28.0066 52.0002C41.3293 52.0002 52.1301 41.1998 52.1301 27.8766Z" fill="#EE1C2E"></path><path d="M19.6853 36.5687L31.8169 48.6998L52.6633 27.8998L51.9894 23.0423L31.886 43.1452L22.5438 33.803L19.6853 36.5687Z" fill="white"></path><path d="M24.2699 12.0048L23.5594 9.93467L22.8484 12.0048H24.2699ZM24.6345 13.0711H22.4844L21.9776 14.5375H20.7515L22.9815 8.31722H24.1369L26.3669 14.5375H25.1408L24.6345 13.0711Z" fill="white"></path><path d="M27.8359 14.5375H26.734V8.24609H27.8359V14.5375Z" fill="white"></path><path d="M31.5684 13.2309C31.7849 12.9886 31.8927 12.6597 31.8927 12.2446C31.8927 11.8306 31.7849 11.5016 31.5684 11.2588C31.3524 11.0159 31.0811 10.8942 30.7558 10.8942C30.4299 10.8942 30.1587 11.0159 29.9427 11.2588C29.7267 11.5016 29.6184 11.8306 29.6184 12.2446C29.6184 12.6597 29.7267 12.9886 29.9427 13.2309C30.1587 13.4738 30.4299 13.5955 30.7558 13.5955C31.0811 13.5955 31.3524 13.4738 31.5684 13.2309ZM29.4673 14.3065C29.159 14.1049 28.9177 13.8234 28.7429 13.4619C28.5681 13.101 28.481 12.6952 28.481 12.2446C28.481 11.7888 28.5655 11.3815 28.7341 11.0231C28.9032 10.6648 29.1384 10.3848 29.4405 10.1837C29.7426 9.98212 30.0891 9.88158 30.48 9.88158C30.7883 9.88158 31.0579 9.93624 31.2889 10.0455C31.5199 10.1554 31.6978 10.3106 31.8221 10.5122V8.24609H32.9239V14.5375H31.8221V13.9863C31.6916 14.1704 31.5137 14.3194 31.2889 14.4349C31.0636 14.5504 30.797 14.6086 30.4892 14.6086C30.1159 14.6086 29.7751 14.5076 29.4673 14.3065Z" fill="white"></path><path d="M34.9657 14.5375H33.8638V9.95224H34.9657V14.5375ZM33.9082 8.34408C34.0443 8.20796 34.2129 8.1399 34.4145 8.1399C34.6161 8.1399 34.7847 8.20796 34.9208 8.34408C35.0574 8.48071 35.1255 8.64931 35.1255 8.8504C35.1255 9.052 35.0574 9.22112 34.9208 9.35724C34.7847 9.49336 34.6161 9.56142 34.4145 9.56142C34.2129 9.56142 34.0443 9.49336 33.9082 9.35724C33.7715 9.22112 33.704 9.052 33.704 8.8504C33.704 8.64931 33.7715 8.48071 33.9082 8.34408Z" fill="white"></path><path d="M19.6791 19.3347C19.8894 19.1506 19.9946 18.8779 19.9946 18.5169C19.9946 18.1565 19.8894 17.8838 19.6791 17.6997C19.4682 17.5156 19.183 17.4233 18.8221 17.4233H17.5027V19.6111H18.8221C19.183 19.6111 19.4682 19.5188 19.6791 19.3347ZM17.5027 23.9628H16.0374V16.0704H18.9345C19.461 16.0704 19.9157 16.1776 20.2988 16.3921C20.6824 16.6061 20.9753 16.8995 21.1784 17.2712C21.3816 17.6435 21.4826 18.0586 21.4826 18.5169C21.4826 18.9758 21.3816 19.3909 21.1784 19.7632C20.9753 20.1354 20.6824 20.4283 20.2988 20.6423C19.9157 20.8568 19.461 20.9635 18.9345 20.9635H17.5027V23.9628Z" fill="white"></path><path d="M22.0396 18.1451H23.4379V19.0248C23.6029 18.7087 23.8359 18.4684 24.1365 18.3029C24.4376 18.1374 24.7717 18.0549 25.1404 18.0549C25.5235 18.0549 25.8241 18.1415 26.0422 18.3143L25.5689 19.4981C25.3729 19.3929 25.1662 19.3403 24.9486 19.3403C24.5124 19.3403 24.152 19.528 23.8663 19.9039C23.5802 20.2797 23.4379 20.8582 23.4379 21.6404V23.9627H22.0396V18.1451Z" fill="white"></path><path d="M27.8879 23.9627H26.4896V18.1451H27.8879V23.9627ZM26.5458 16.1044C26.7191 15.9316 26.933 15.845 27.1888 15.845C27.444 15.845 27.658 15.9316 27.8312 16.1044C28.0039 16.2771 28.0906 16.4916 28.0906 16.7468C28.0906 17.0026 28.0039 17.217 27.8312 17.3898C27.658 17.5625 27.444 17.6491 27.1888 17.6491C26.933 17.6491 26.7191 17.5625 26.5458 17.3898C26.3731 17.217 26.287 17.0026 26.287 16.7468C26.287 16.4916 26.3731 16.2771 26.5458 16.1044Z" fill="white"></path><path d="M30.0603 23.6693C29.6168 23.4141 29.2714 23.0588 29.0234 22.6041C28.7754 22.1493 28.6511 21.6327 28.6511 21.0537C28.6511 20.4752 28.7754 19.9585 29.0234 19.5038C29.2714 19.049 29.6168 18.6937 30.0603 18.438C30.5037 18.1828 31.011 18.0549 31.5823 18.0549C32.8749 18.0549 33.751 18.585 34.2093 19.6445L32.9353 20.2199C32.6424 19.6332 32.1913 19.3403 31.5823 19.3403C31.1466 19.3403 30.7857 19.4981 30.5001 19.8136C30.2144 20.1297 30.0716 20.5427 30.0716 21.0537C30.0716 21.5651 30.2144 21.9787 30.5001 22.2942C30.7857 22.6097 31.1466 22.7675 31.5823 22.7675C32.1913 22.7675 32.6424 22.4747 32.9353 21.8884L34.2093 22.4633C33.751 23.5229 32.8749 24.0529 31.5823 24.0529C31.011 24.0529 30.5037 23.9251 30.0603 23.6693Z" fill="white"></path><path d="M38.727 20.3999C38.6744 20.0694 38.5223 19.7987 38.2707 19.5883C38.0186 19.3779 37.7015 19.2728 37.3179 19.2728C36.9946 19.2728 36.7048 19.3723 36.4496 19.5713C36.1939 19.7708 36.0175 20.0467 35.9196 20.3999H38.727ZM40.1588 21.5048H35.8633C35.9381 21.9333 36.115 22.2586 36.3934 22.4803C36.6713 22.702 37.0095 22.8129 37.4081 22.8129C37.7386 22.8129 38.015 22.7433 38.2367 22.6041C38.4584 22.4649 38.6708 22.253 38.874 21.9673L40.0573 22.6097C39.7716 23.0759 39.4092 23.4327 38.9693 23.6812C38.5295 23.9287 37.983 24.0529 37.3292 24.0529C36.7125 24.0529 36.1846 23.9086 35.7453 23.6188C35.3055 23.3295 34.9765 22.9557 34.7584 22.4968C34.5403 22.0385 34.4315 21.5574 34.4315 21.0537C34.4315 20.5504 34.546 20.0694 34.7754 19.611C35.0044 19.1526 35.3374 18.7783 35.7731 18.4891C36.2088 18.1998 36.7239 18.0549 37.3179 18.0549C37.9191 18.0549 38.4341 18.19 38.8626 18.4607C39.2911 18.7314 39.6139 19.0866 39.832 19.5264C40.0501 19.9657 40.1588 20.4339 40.1588 20.9299V21.5048Z" fill="white"></path><path d="M16.3879 25.558H17.7399L19.2454 29.4977L20.751 25.558H22.1029V31.8684H20.9309V28.0282L19.6873 31.2915H18.8035L17.5599 28.0282V31.8684H16.3879V25.558Z" fill="white"></path><path d="M25.4058 30.7146C25.6131 30.5341 25.7167 30.3119 25.7167 30.0474V29.9216H24.8335C24.5746 29.9216 24.3689 29.971 24.2158 30.07C24.0626 30.169 23.9858 30.3057 23.9858 30.48C23.9858 30.6424 24.0415 30.7671 24.1529 30.8543C24.2637 30.9414 24.4277 30.9847 24.6437 30.9847C24.9443 30.9847 25.1985 30.8945 25.4058 30.7146ZM23.6074 31.7782C23.3671 31.67 23.1748 31.5122 23.0304 31.3049C22.886 31.0976 22.8138 30.8496 22.8138 30.5609C22.8138 30.1046 22.9855 29.7364 23.3279 29.457C23.6703 29.1775 24.1333 29.0378 24.7159 29.0378H25.7167V28.8754C25.7167 28.6413 25.6357 28.4531 25.4733 28.3118C25.3109 28.1711 25.0918 28.1004 24.8154 28.1004C24.5927 28.1004 24.3916 28.1592 24.2111 28.2763C24.0312 28.3933 23.8956 28.5299 23.8059 28.6862L22.9494 28.1726C23.1113 27.8782 23.3516 27.6333 23.6703 27.4379C23.9889 27.2425 24.3705 27.145 24.8154 27.145C25.4522 27.145 25.9482 27.2982 26.3024 27.6044C26.6572 27.9112 26.8345 28.3526 26.8345 28.9295V31.8685H25.9152L25.7621 31.2735C25.6115 31.4776 25.4207 31.6401 25.1892 31.7602C24.9582 31.8803 24.686 31.9401 24.3735 31.9401C24.1029 31.9401 23.8476 31.8865 23.6074 31.7782Z" fill="white"></path><path d="M27.8214 30.3V28.1726H27.1182V27.2167H27.8214V26.4417L28.9393 25.7384V27.2167H30.1381V28.1726H28.9393V30.2458C28.9393 30.6903 29.1166 30.9125 29.4709 30.9125C29.6333 30.9125 29.7895 30.8496 29.9395 30.7233L30.4443 31.5797C30.2881 31.706 30.1169 31.7978 29.9308 31.855C29.7446 31.9117 29.5549 31.9401 29.3626 31.9401C28.3355 31.9401 27.8214 31.3936 27.8214 30.3Z" fill="white"></path><path d="M31.5487 31.6339C31.194 31.4297 30.9176 31.1456 30.7196 30.7821C30.5211 30.4186 30.4221 30.0056 30.4221 29.5426C30.4221 29.0801 30.5211 28.6666 30.7196 28.3031C30.9176 27.9396 31.194 27.6555 31.5487 27.4513C31.9034 27.2471 32.3087 27.145 32.7655 27.145C33.7993 27.145 34.4995 27.5683 34.8661 28.416L33.8473 28.8754C33.6132 28.4067 33.2528 28.1726 32.7655 28.1726C32.417 28.1726 32.1288 28.2989 31.9004 28.5511C31.6719 28.8037 31.558 29.1342 31.558 29.5426C31.558 29.9509 31.6719 30.282 31.9004 30.5341C32.1288 30.7867 32.417 30.9125 32.7655 30.9125C33.2528 30.9125 33.6132 30.6785 33.8473 30.2098L34.8661 30.6697C34.4995 31.5168 33.7993 31.9401 32.7655 31.9401C32.3087 31.9401 31.9034 31.8386 31.5487 31.6339Z" fill="white"></path><path d="M35.3998 25.4863H36.5176V27.9473C36.662 27.707 36.8615 27.5132 37.1167 27.3657C37.3725 27.2188 37.6592 27.145 37.9778 27.145C38.4702 27.145 38.8579 27.2909 39.1405 27.5823C39.423 27.8736 39.5643 28.2804 39.5643 28.8037V31.8685H38.4465V29.0285C38.4465 28.7522 38.3758 28.5408 38.2346 28.3933C38.0933 28.2458 37.8907 28.1726 37.6262 28.1726C37.3199 28.1726 37.0585 28.3093 36.8419 28.5825C36.6254 28.8558 36.5176 29.275 36.5176 29.8401V31.8685H35.3998V25.4863Z" fill="white"></path></svg><p class="styled__StyledBodyText-sc-119w3hf-5 ggtTyf styled__DarkGreyBodyText-jk5kya-0 iwRWTH">Aldi Price Match</p></div></div></div></div><div class="styles__StyledBuyBoxWrapper-dvv1wj-4 dSvjUC"><div class="styles__StyledBuyBoxContainer-sc-1wx0qp6-0 erryje" data-auto="buybox-container"><div class="styles__SafeFormWrapper-jtpu2t-0 lcrYKS"><form action="https://www.tesco.com/groceries/en-GB/trolley/items/312098280?_method=PUT" method="POST"><input type="submit" class="hidden"><input name="id" type="hidden" value="312098280"><input name="identifier" type="hidden" value="Page"><input name="anchorId" type="hidden" value="#tile-312098280"><input name="returnUrl" type="hidden" value="/groceries/en-GB/shop/food-cupboard/all?redirectIfUnavailable=true#tile-312098280"><input name="backToUrl" type="hidden" value="#"><input name="oldValue" type="hidden" value="0"><input name="oldUnitChoice" type="hidden" value="pcs"><input name="newUnitChoice" type="hidden" value="pcs"><div class="base-components__RootElement-sc-1mosoyj-1 styled__Container-sc-6nhkzi-0 jptQqM hSNpTb beans-buybox__container"><div class="base-components__BaseElement-sc-1mosoyj-0 styled__PriceAndActions-sc-6nhkzi-3 oznwo eEPLov beans-buybox__price-and-actions"><div class="base-components__RootElement-sc-1mosoyj-1 styled__Container-sc-8qlq5b-0 jptQqM bgZrjw styled__StyledPrice-sc-6nhkzi-5 iYHeik beans-buybox__price beans-price__container"><p class="styled__StyledHeading-sc-119w3hf-2 jWPEtj styled__Text-sc-8qlq5b-1 lnaeiZ beans-price__text">£3.99</p><p class="styled__StyledFootnote-sc-119w3hf-7 icrlVF styled__Subtext-sc-8qlq5b-2 bNJmdc beans-price__subtext">£0.61/100g</p></div><div class="base-components__RootElement-sc-1mosoyj-1 styled__Container-vtxwzb-0 jptQqM bDFhXJ beans-buybox__actions beans-quantity-controls__container"><div class="base-components__RootElement-sc-1mosoyj-1 styled__Container-sc-16t2b2a-0 jptQqM PUfgZ styled__StyledFormGroup-vtxwzb-1 kzKuAr beans-quantity-controls__form-group beans-form-group__container"><label class="styled__StyledLabel-sc-1ttuvhr-0 izGEjV beans-form-group__label beans-label" for="quantity-controls-312098280">Quantity controls </label><div class="base-components__BaseElement-sc-1mosoyj-0 styled__Children-sc-16t2b2a-3 oznwo gdJvjO beans-form-group__children"><div class="styled__StyledQuantityControlWrapper-vtxwzb-6 LCxOg"><label id="quantity-controls-312098280-label" class="styled__VisuallyHiddenLabel-vtxwzb-7 gXlLiM">Quantity of Swizzels Sweet Shop Favourites Tub 650G</label><div class="component__Wrapper-sc-1kpmik-3 dReplG input-wrapper"><input class="base-components__RootElement-sc-1mosoyj-1 styled__StyledInput-sc-1jd5f57-0 component__StyledAsInput-sc-1kpmik-4 jptQqM eJLlow styled__StyledInput-vtxwzb-3 lwMHo beans-quantity-controls__input beans-input" data-auto="beans-quantity-controls-input" autocomplete="off" id="quantity-controls-312098280" maxlength="2" name="newValue" type="number" aria-labelledby="quantity-controls-312098280-label" value="1"></div></div><button class="styled__BaseButton-rsekm1-0 styled__PrimaryButton-rsekm1-2 jChbeY geeWOF styled__StyledButton-vtxwzb-5 japAxb beans-quantity-controls__add-button beans-button__container" type="submit" data-auto="beans-quantity-controls-add-button" aria-label="Quantity of Swizzels Sweet Shop Favourites Tub 650G"><span class="base-components__BaseElement-sc-1mosoyj-0 styled__InnerContainer-rsekm1-1 oznwo fuFres beans-button__inner-container"><span class="base-components__BaseElement-sc-1mosoyj-0 styled__TextSpan-rsekm1-4 oznwo GDiMp beans-button__text">Add</span></span></button></div></div></div></div></div><input name="_csrf" type="hidden" value="92xA6FXg-W2XHhQLLDKqjWuqmpStG0svGR_s"></form></div></div></div></div><div class="hidden-medium product-info-section-small"><div class="product-info-message-list"><div class="styled__WhiteBackground-sc-9yzfq2-1 jthPIJ"><svg width="56" height="56" viewBox="0 0 56 56" fill="none" xmlns="http://www.w3.org/2000/svg"><path d="M52.1301 27.8766C52.1301 14.5534 41.3293 3.75308 28.0066 3.75308C14.6834 3.75308 3.88306 14.5534 3.88306 27.8766C3.88306 41.1998 14.6834 52.0002 28.0066 52.0002C41.3293 52.0002 52.1301 41.1998 52.1301 27.8766Z" fill="#EE1C2E"></path><path d="M19.6853 36.5687L31.8169 48.6998L52.6633 27.8998L51.9894 23.0423L31.886 43.1452L22.5438 33.803L19.6853 36.5687Z" fill="white"></path><path d="M24.2699 12.0048L23.5594 9.93467L22.8484 12.0048H24.2699ZM24.6345 13.0711H22.4844L21.9776 14.5375H20.7515L22.9815 8.31722H24.1369L26.3669 14.5375H25.1408L24.6345 13.0711Z" fill="white"></path><path d="M27.8359 14.5375H26.734V8.24609H27.8359V14.5375Z" fill="white"></path><path d="M31.5684 13.2309C31.7849 12.9886 31.8927 12.6597 31.8927 12.2446C31.8927 11.8306 31.7849 11.5016 31.5684 11.2588C31.3524 11.0159 31.0811 10.8942 30.7558 10.8942C30.4299 10.8942 30.1587 11.0159 29.9427 11.2588C29.7267 11.5016 29.6184 11.8306 29.6184 12.2446C29.6184 12.6597 29.7267 12.9886 29.9427 13.2309C30.1587 13.4738 30.4299 13.5955 30.7558 13.5955C31.0811 13.5955 31.3524 13.4738 31.5684 13.2309ZM29.4673 14.3065C29.159 14.1049 28.9177 13.8234 28.7429 13.4619C28.5681 13.101 28.481 12.6952 28.481 12.2446C28.481 11.7888 28.5655 11.3815 28.7341 11.0231C28.9032 10.6648 29.1384 10.3848 29.4405 10.1837C29.7426 9.98212 30.0891 9.88158 30.48 9.88158C30.7883 9.88158 31.0579 9.93624 31.2889 10.0455C31.5199 10.1554 31.6978 10.3106 31.8221 10.5122V8.24609H32.9239V14.5375H31.8221V13.9863C31.6916 14.1704 31.5137 14.3194 31.2889 14.4349C31.0636 14.5504 30.797 14.6086 30.4892 14.6086C30.1159 14.6086 29.7751 14.5076 29.4673 14.3065Z" fill="white"></path><path d="M34.9657 14.5375H33.8638V9.95224H34.9657V14.5375ZM33.9082 8.34408C34.0443 8.20796 34.2129 8.1399 34.4145 8.1399C34.6161 8.1399 34.7847 8.20796 34.9208 8.34408C35.0574 8.48071 35.1255 8.64931 35.1255 8.8504C35.1255 9.052 35.0574 9.22112 34.9208 9.35724C34.7847 9.49336 34.6161 9.56142 34.4145 9.56142C34.2129 9.56142 34.0443 9.49336 33.9082 9.35724C33.7715 9.22112 33.704 9.052 33.704 8.8504C33.704 8.64931 33.7715 8.48071 33.9082 8.34408Z" fill="white"></path><path d="M19.6791 19.3347C19.8894 19.1506 19.9946 18.8779 19.9946 18.5169C19.9946 18.1565 19.8894 17.8838 19.6791 17.6997C19.4682 17.5156 19.183 17.4233 18.8221 17.4233H17.5027V19.6111H18.8221C19.183 19.6111 19.4682 19.5188 19.6791 19.3347ZM17.5027 23.9628H16.0374V16.0704H18.9345C19.461 16.0704 19.9157 16.1776 20.2988 16.3921C20.6824 16.6061 20.9753 16.8995 21.1784 17.2712C21.3816 17.6435 21.4826 18.0586 21.4826 18.5169C21.4826 18.9758 21.3816 19.3909 21.1784 19.7632C20.9753 20.1354 20.6824 20.4283 20.2988 20.6423C19.9157 20.8568 19.461 20.9635 18.9345 20.9635H17.5027V23.9628Z" fill="white"></path><path d="M22.0396 18.1451H23.4379V19.0248C23.6029 18.7087 23.8359 18.4684 24.1365 18.3029C24.4376 18.1374 24.7717 18.0549 25.1404 18.0549C25.5235 18.0549 25.8241 18.1415 26.0422 18.3143L25.5689 19.4981C25.3729 19.3929 25.1662 19.3403 24.9486 19.3403C24.5124 19.3403 24.152 19.528 23.8663 19.9039C23.5802 20.2797 23.4379 20.8582 23.4379 21.6404V23.9627H22.0396V18.1451Z" fill="white"></path><path d="M27.8879 23.9627H26.4896V18.1451H27.8879V23.9627ZM26.5458 16.1044C26.7191 15.9316 26.933 15.845 27.1888 15.845C27.444 15.845 27.658 15.9316 27.8312 16.1044C28.0039 16.2771 28.0906 16.4916 28.0906 16.7468C28.0906 17.0026 28.0039 17.217 27.8312 17.3898C27.658 17.5625 27.444 17.6491 27.1888 17.6491C26.933 17.6491 26.7191 17.5625 26.5458 17.3898C26.3731 17.217 26.287 17.0026 26.287 16.7468C26.287 16.4916 26.3731 16.2771 26.5458 16.1044Z" fill="white"></path><path d="M30.0603 23.6693C29.6168 23.4141 29.2714 23.0588 29.0234 22.6041C28.7754 22.1493 28.6511 21.6327 28.6511 21.0537C28.6511 20.4752 28.7754 19.9585 29.0234 19.5038C29.2714 19.049 29.6168 18.6937 30.0603 18.438C30.5037 18.1828 31.011 18.0549 31.5823 18.0549C32.8749 18.0549 33.751 18.585 34.2093 19.6445L32.9353 20.2199C32.6424 19.6332 32.1913 19.3403 31.5823 19.3403C31.1466 19.3403 30.7857 19.4981 30.5001 19.8136C30.2144 20.1297 30.0716 20.5427 30.0716 21.0537C30.0716 21.5651 30.2144 21.9787 30.5001 22.2942C30.7857 22.6097 31.1466 22.7675 31.5823 22.7675C32.1913 22.7675 32.6424 22.4747 32.9353 21.8884L34.2093 22.4633C33.751 23.5229 32.8749 24.0529 31.5823 24.0529C31.011 24.0529 30.5037 23.9251 30.0603 23.6693Z" fill="white"></path><path d="M38.727 20.3999C38.6744 20.0694 38.5223 19.7987 38.2707 19.5883C38.0186 19.3779 37.7015 19.2728 37.3179 19.2728C36.9946 19.2728 36.7048 19.3723 36.4496 19.5713C36.1939 19.7708 36.0175 20.0467 35.9196 20.3999H38.727ZM40.1588 21.5048H35.8633C35.9381 21.9333 36.115 22.2586 36.3934 22.4803C36.6713 22.702 37.0095 22.8129 37.4081 22.8129C37.7386 22.8129 38.015 22.7433 38.2367 22.6041C38.4584 22.4649 38.6708 22.253 38.874 21.9673L40.0573 22.6097C39.7716 23.0759 39.4092 23.4327 38.9693 23.6812C38.5295 23.9287 37.983 24.0529 37.3292 24.0529C36.7125 24.0529 36.1846 23.9086 35.7453 23.6188C35.3055 23.3295 34.9765 22.9557 34.7584 22.4968C34.5403 22.0385 34.4315 21.5574 34.4315 21.0537C34.4315 20.5504 34.546 20.0694 34.7754 19.611C35.0044 19.1526 35.3374 18.7783 35.7731 18.4891C36.2088 18.1998 36.7239 18.0549 37.3179 18.0549C37.9191 18.0549 38.4341 18.19 38.8626 18.4607C39.2911 18.7314 39.6139 19.0866 39.832 19.5264C40.0501 19.9657 40.1588 20.4339 40.1588 20.9299V21.5048Z" fill="white"></path><path d="M16.3879 25.558H17.7399L19.2454 29.4977L20.751 25.558H22.1029V31.8684H20.9309V28.0282L19.6873 31.2915H18.8035L17.5599 28.0282V31.8684H16.3879V25.558Z" fill="white"></path><path d="M25.4058 30.7146C25.6131 30.5341 25.7167 30.3119 25.7167 30.0474V29.9216H24.8335C24.5746 29.9216 24.3689 29.971 24.2158 30.07C24.0626 30.169 23.9858 30.3057 23.9858 30.48C23.9858 30.6424 24.0415 30.7671 24.1529 30.8543C24.2637 30.9414 24.4277 30.9847 24.6437 30.9847C24.9443 30.9847 25.1985 30.8945 25.4058 30.7146ZM23.6074 31.7782C23.3671 31.67 23.1748 31.5122 23.0304 31.3049C22.886 31.0976 22.8138 30.8496 22.8138 30.5609C22.8138 30.1046 22.9855 29.7364 23.3279 29.457C23.6703 29.1775 24.1333 29.0378 24.7159 29.0378H25.7167V28.8754C25.7167 28.6413 25.6357 28.4531 25.4733 28.3118C25.3109 28.1711 25.0918 28.1004 24.8154 28.1004C24.5927 28.1004 24.3916 28.1592 24.2111 28.2763C24.0312 28.3933 23.8956 28.5299 23.8059 28.6862L22.9494 28.1726C23.1113 27.8782 23.3516 27.6333 23.6703 27.4379C23.9889 27.2425 24.3705 27.145 24.8154 27.145C25.4522 27.145 25.9482 27.2982 26.3024 27.6044C26.6572 27.9112 26.8345 28.3526 26.8345 28.9295V31.8685H25.9152L25.7621 31.2735C25.6115 31.4776 25.4207 31.6401 25.1892 31.7602C24.9582 31.8803 24.686 31.9401 24.3735 31.9401C24.1029 31.9401 23.8476 31.8865 23.6074 31.7782Z" fill="white"></path><path d="M27.8214 30.3V28.1726H27.1182V27.2167H27.8214V26.4417L28.9393 25.7384V27.2167H30.1381V28.1726H28.9393V30.2458C28.9393 30.6903 29.1166 30.9125 29.4709 30.9125C29.6333 30.9125 29.7895 30.8496 29.9395 30.7233L30.4443 31.5797C30.2881 31.706 30.1169 31.7978 29.9308 31.855C29.7446 31.9117 29.5549 31.9401 29.3626 31.9401C28.3355 31.9401 27.8214 31.3936 27.8214 30.3Z" fill="white"></path><path d="M31.5487 31.6339C31.194 31.4297 30.9176 31.1456 30.7196 30.7821C30.5211 30.4186 30.4221 30.0056 30.4221 29.5426C30.4221 29.0801 30.5211 28.6666 30.7196 28.3031C30.9176 27.9396 31.194 27.6555 31.5487 27.4513C31.9034 27.2471 32.3087 27.145 32.7655 27.145C33.7993 27.145 34.4995 27.5683 34.8661 28.416L33.8473 28.8754C33.6132 28.4067 33.2528 28.1726 32.7655 28.1726C32.417 28.1726 32.1288 28.2989 31.9004 28.5511C31.6719 28.8037 31.558 29.1342 31.558 29.5426C31.558 29.9509 31.6719 30.282 31.9004 30.5341C32.1288 30.7867 32.417 30.9125 32.7655 30.9125C33.2528 30.9125 33.6132 30.6785 33.8473 30.2098L34.8661 30.6697C34.4995 31.5168 33.7993 31.9401 32.7655 31.9401C32.3087 31.9401 31.9034 31.8386 31.5487 31.6339Z" fill="white"></path><path d="M35.3998 25.4863H36.5176V27.9473C36.662 27.707 36.8615 27.5132 37.1167 27.3657C37.3725 27.2188 37.6592 27.145 37.9778 27.145C38.4702 27.145 38.8579 27.2909 39.1405 27.5823C39.423 27.8736 39.5643 28.2804 39.5643 28.8037V31.8685H38.4465V29.0285C38.4465 28.7522 38.3758 28.5408 38.2346 28.3933C38.0933 28.2458 37.8907 28.1726 37.6262 28.1726C37.3199 28.1726 37.0585 28.3093 36.8419 28.5825C36.6254 28.8558 36.5176 29.275 36.5176 29.8401V31.8685H35.3998V25.4863Z" fill="white"></path></svg><p class="styled__StyledBodyText-sc-119w3hf-5 ggtTyf styled__DarkGreyBodyText-jk5kya-0 iwRWTH">Aldi Price Match</p></div></div></div></div></div></div></div></li><li class="product-list--list-item"><div class="styles__StyledVerticalTileWrapper-dvv1wj-0 dtCNPH"><div data-auto="product-tile" data-auto-type="Quantity" data-auto-available="true" data-auto-is-restricted-disabled="false" data-auto-is-substitute="false" class="styles__StyledVerticalTile-dvv1wj-1 gSCsYK"><div class="styles__StyledTileContentWrapper-dvv1wj-2 bkNhNP beans"><div id="tile-252004443" data-auto-id="252004443" class="styles__StyledTiledContent-dvv1wj-3 bcglTg"><a href="https://www.tesco.com/groceries/en-GB/products/252004443" aria-hidden="true" class="product-image-wrapper" tabindex="1"><div class="product-image__container"><picture><img class="styled__Image-sjvkdn-0 bJErKA product-image beans-responsive-image__image" src="./tesco_html_brand_food_cupboard_files/303100e8-2cdf-45ae-9f97-f2b1b77d0c64_580704658.jpeg" srcset="https://digitalcontent.api.tesco.com/v2/media/ghs/930ed133-e856-4f0c-8581-6ee57bb0b0c7/303100e8-2cdf-45ae-9f97-f2b1b77d0c64_580704658.jpeg?h=225&amp;w=225 768w, https://digitalcontent.api.tesco.com/v2/media/ghs/930ed133-e856-4f0c-8581-6ee57bb0b0c7/303100e8-2cdf-45ae-9f97-f2b1b77d0c64_580704658.jpeg?h=225&amp;w=225 4000w" alt="Heinz Baked Beans In Tomato Sauce 4X415g"></picture></div></a><div class="product-details--wrapper"><h3 class="styles__H3-oa5soe-0 bCKNNq"><a href="https://www.tesco.com/groceries/en-GB/products/252004443" class="styled__Anchor-sc-1xbujuz-0 csVOnh beans-link__anchor" data-auto="product-tile--title"><span class="styled__Text-sc-1xbujuz-1 ldbwMG beans-link__text">Heinz Baked Beans In Tomato Sauce 4X415g</span></a></h3><div class="styles__StyledPromotionsAboveMobile-dvv1wj-7 iPTMuo"></div><div class="styles__StyledProductDetailsContent-dvv1wj-5 ddRSrq"><a href="https://www.tesco.com/groceries/en-GB/reviews/submission/252004443?from=%2Fshop%2Ffood-cupboard%2Fall" aria-label="Write a review for Heinz Baked Beans In Tomato Sauce 4X415g" class="styled__Anchor-sc-1xbujuz-0 jSzuDt write-a-review-link beans-link__anchor" data-auto="review-link"><span class="styled__Text-sc-1xbujuz-1 fyDIEo beans-link__text">Write a review</span><span class="styled__IconContainer-sc-1xbujuz-2 bSauSL beans-link__icon-container"><svg aria-hidden="true" class="styled__SVG-xxa4wh-1 hQMCqc beans-link__icon beans-icon__svg" height="13.33" preserveAspectRatio="xMinYMax meet" viewBox="-1 0 12 20" width="8" xmlns="http://www.w3.org/2000/svg" color="currentColor"><path d="M1.312 1.348L10.276 10l-8.964 8.644" fill="none" stroke="currentColor"></path></svg></span></a><div><a href="https://www.tesco.com/groceries/en-GB/shop/food-cupboard/tins-cans-and-packets/baked-beans/tinned-baked-beans" class="styled__Anchor-sc-1xbujuz-0 jSzuDt rest-of-shelf-link beans-link__anchor" data-auto="rest-of-shelf-link"><span class="styled__Text-sc-1xbujuz-1 fyDIEo beans-link__text">Rest of <span class="visually-hidden">Tinned Baked Beans</span> shelf</span><span class="styled__IconContainer-sc-1xbujuz-2 bSauSL beans-link__icon-container"><svg aria-hidden="true" class="styled__SVG-xxa4wh-1 hQMCqc beans-link__icon beans-icon__svg" height="13.33" preserveAspectRatio="xMinYMax meet" viewBox="-1 0 12 20" width="8" xmlns="http://www.w3.org/2000/svg" color="currentColor"><path d="M1.312 1.348L10.276 10l-8.964 8.644" fill="none" stroke="currentColor"></path></svg></span></a></div><div class="product-info-message-section"><div class="product-info-message-list"><div class="styled__WhiteBackground-sc-9yzfq2-1 jthPIJ"><svg width="56" height="56" viewBox="0 0 56 56" fill="none" xmlns="http://www.w3.org/2000/svg"><path d="M52.1301 27.8766C52.1301 14.5534 41.3293 3.75308 28.0066 3.75308C14.6834 3.75308 3.88306 14.5534 3.88306 27.8766C3.88306 41.1998 14.6834 52.0002 28.0066 52.0002C41.3293 52.0002 52.1301 41.1998 52.1301 27.8766Z" fill="#EE1C2E"></path><path d="M19.6853 36.5687L31.8169 48.6998L52.6633 27.8998L51.9894 23.0423L31.886 43.1452L22.5438 33.803L19.6853 36.5687Z" fill="white"></path><path d="M24.2699 12.0048L23.5594 9.93467L22.8484 12.0048H24.2699ZM24.6345 13.0711H22.4844L21.9776 14.5375H20.7515L22.9815 8.31722H24.1369L26.3669 14.5375H25.1408L24.6345 13.0711Z" fill="white"></path><path d="M27.8359 14.5375H26.734V8.24609H27.8359V14.5375Z" fill="white"></path><path d="M31.5684 13.2309C31.7849 12.9886 31.8927 12.6597 31.8927 12.2446C31.8927 11.8306 31.7849 11.5016 31.5684 11.2588C31.3524 11.0159 31.0811 10.8942 30.7558 10.8942C30.4299 10.8942 30.1587 11.0159 29.9427 11.2588C29.7267 11.5016 29.6184 11.8306 29.6184 12.2446C29.6184 12.6597 29.7267 12.9886 29.9427 13.2309C30.1587 13.4738 30.4299 13.5955 30.7558 13.5955C31.0811 13.5955 31.3524 13.4738 31.5684 13.2309ZM29.4673 14.3065C29.159 14.1049 28.9177 13.8234 28.7429 13.4619C28.5681 13.101 28.481 12.6952 28.481 12.2446C28.481 11.7888 28.5655 11.3815 28.7341 11.0231C28.9032 10.6648 29.1384 10.3848 29.4405 10.1837C29.7426 9.98212 30.0891 9.88158 30.48 9.88158C30.7883 9.88158 31.0579 9.93624 31.2889 10.0455C31.5199 10.1554 31.6978 10.3106 31.8221 10.5122V8.24609H32.9239V14.5375H31.8221V13.9863C31.6916 14.1704 31.5137 14.3194 31.2889 14.4349C31.0636 14.5504 30.797 14.6086 30.4892 14.6086C30.1159 14.6086 29.7751 14.5076 29.4673 14.3065Z" fill="white"></path><path d="M34.9657 14.5375H33.8638V9.95224H34.9657V14.5375ZM33.9082 8.34408C34.0443 8.20796 34.2129 8.1399 34.4145 8.1399C34.6161 8.1399 34.7847 8.20796 34.9208 8.34408C35.0574 8.48071 35.1255 8.64931 35.1255 8.8504C35.1255 9.052 35.0574 9.22112 34.9208 9.35724C34.7847 9.49336 34.6161 9.56142 34.4145 9.56142C34.2129 9.56142 34.0443 9.49336 33.9082 9.35724C33.7715 9.22112 33.704 9.052 33.704 8.8504C33.704 8.64931 33.7715 8.48071 33.9082 8.34408Z" fill="white"></path><path d="M19.6791 19.3347C19.8894 19.1506 19.9946 18.8779 19.9946 18.5169C19.9946 18.1565 19.8894 17.8838 19.6791 17.6997C19.4682 17.5156 19.183 17.4233 18.8221 17.4233H17.5027V19.6111H18.8221C19.183 19.6111 19.4682 19.5188 19.6791 19.3347ZM17.5027 23.9628H16.0374V16.0704H18.9345C19.461 16.0704 19.9157 16.1776 20.2988 16.3921C20.6824 16.6061 20.9753 16.8995 21.1784 17.2712C21.3816 17.6435 21.4826 18.0586 21.4826 18.5169C21.4826 18.9758 21.3816 19.3909 21.1784 19.7632C20.9753 20.1354 20.6824 20.4283 20.2988 20.6423C19.9157 20.8568 19.461 20.9635 18.9345 20.9635H17.5027V23.9628Z" fill="white"></path><path d="M22.0396 18.1451H23.4379V19.0248C23.6029 18.7087 23.8359 18.4684 24.1365 18.3029C24.4376 18.1374 24.7717 18.0549 25.1404 18.0549C25.5235 18.0549 25.8241 18.1415 26.0422 18.3143L25.5689 19.4981C25.3729 19.3929 25.1662 19.3403 24.9486 19.3403C24.5124 19.3403 24.152 19.528 23.8663 19.9039C23.5802 20.2797 23.4379 20.8582 23.4379 21.6404V23.9627H22.0396V18.1451Z" fill="white"></path><path d="M27.8879 23.9627H26.4896V18.1451H27.8879V23.9627ZM26.5458 16.1044C26.7191 15.9316 26.933 15.845 27.1888 15.845C27.444 15.845 27.658 15.9316 27.8312 16.1044C28.0039 16.2771 28.0906 16.4916 28.0906 16.7468C28.0906 17.0026 28.0039 17.217 27.8312 17.3898C27.658 17.5625 27.444 17.6491 27.1888 17.6491C26.933 17.6491 26.7191 17.5625 26.5458 17.3898C26.3731 17.217 26.287 17.0026 26.287 16.7468C26.287 16.4916 26.3731 16.2771 26.5458 16.1044Z" fill="white"></path><path d="M30.0603 23.6693C29.6168 23.4141 29.2714 23.0588 29.0234 22.6041C28.7754 22.1493 28.6511 21.6327 28.6511 21.0537C28.6511 20.4752 28.7754 19.9585 29.0234 19.5038C29.2714 19.049 29.6168 18.6937 30.0603 18.438C30.5037 18.1828 31.011 18.0549 31.5823 18.0549C32.8749 18.0549 33.751 18.585 34.2093 19.6445L32.9353 20.2199C32.6424 19.6332 32.1913 19.3403 31.5823 19.3403C31.1466 19.3403 30.7857 19.4981 30.5001 19.8136C30.2144 20.1297 30.0716 20.5427 30.0716 21.0537C30.0716 21.5651 30.2144 21.9787 30.5001 22.2942C30.7857 22.6097 31.1466 22.7675 31.5823 22.7675C32.1913 22.7675 32.6424 22.4747 32.9353 21.8884L34.2093 22.4633C33.751 23.5229 32.8749 24.0529 31.5823 24.0529C31.011 24.0529 30.5037 23.9251 30.0603 23.6693Z" fill="white"></path><path d="M38.727 20.3999C38.6744 20.0694 38.5223 19.7987 38.2707 19.5883C38.0186 19.3779 37.7015 19.2728 37.3179 19.2728C36.9946 19.2728 36.7048 19.3723 36.4496 19.5713C36.1939 19.7708 36.0175 20.0467 35.9196 20.3999H38.727ZM40.1588 21.5048H35.8633C35.9381 21.9333 36.115 22.2586 36.3934 22.4803C36.6713 22.702 37.0095 22.8129 37.4081 22.8129C37.7386 22.8129 38.015 22.7433 38.2367 22.6041C38.4584 22.4649 38.6708 22.253 38.874 21.9673L40.0573 22.6097C39.7716 23.0759 39.4092 23.4327 38.9693 23.6812C38.5295 23.9287 37.983 24.0529 37.3292 24.0529C36.7125 24.0529 36.1846 23.9086 35.7453 23.6188C35.3055 23.3295 34.9765 22.9557 34.7584 22.4968C34.5403 22.0385 34.4315 21.5574 34.4315 21.0537C34.4315 20.5504 34.546 20.0694 34.7754 19.611C35.0044 19.1526 35.3374 18.7783 35.7731 18.4891C36.2088 18.1998 36.7239 18.0549 37.3179 18.0549C37.9191 18.0549 38.4341 18.19 38.8626 18.4607C39.2911 18.7314 39.6139 19.0866 39.832 19.5264C40.0501 19.9657 40.1588 20.4339 40.1588 20.9299V21.5048Z" fill="white"></path><path d="M16.3879 25.558H17.7399L19.2454 29.4977L20.751 25.558H22.1029V31.8684H20.9309V28.0282L19.6873 31.2915H18.8035L17.5599 28.0282V31.8684H16.3879V25.558Z" fill="white"></path><path d="M25.4058 30.7146C25.6131 30.5341 25.7167 30.3119 25.7167 30.0474V29.9216H24.8335C24.5746 29.9216 24.3689 29.971 24.2158 30.07C24.0626 30.169 23.9858 30.3057 23.9858 30.48C23.9858 30.6424 24.0415 30.7671 24.1529 30.8543C24.2637 30.9414 24.4277 30.9847 24.6437 30.9847C24.9443 30.9847 25.1985 30.8945 25.4058 30.7146ZM23.6074 31.7782C23.3671 31.67 23.1748 31.5122 23.0304 31.3049C22.886 31.0976 22.8138 30.8496 22.8138 30.5609C22.8138 30.1046 22.9855 29.7364 23.3279 29.457C23.6703 29.1775 24.1333 29.0378 24.7159 29.0378H25.7167V28.8754C25.7167 28.6413 25.6357 28.4531 25.4733 28.3118C25.3109 28.1711 25.0918 28.1004 24.8154 28.1004C24.5927 28.1004 24.3916 28.1592 24.2111 28.2763C24.0312 28.3933 23.8956 28.5299 23.8059 28.6862L22.9494 28.1726C23.1113 27.8782 23.3516 27.6333 23.6703 27.4379C23.9889 27.2425 24.3705 27.145 24.8154 27.145C25.4522 27.145 25.9482 27.2982 26.3024 27.6044C26.6572 27.9112 26.8345 28.3526 26.8345 28.9295V31.8685H25.9152L25.7621 31.2735C25.6115 31.4776 25.4207 31.6401 25.1892 31.7602C24.9582 31.8803 24.686 31.9401 24.3735 31.9401C24.1029 31.9401 23.8476 31.8865 23.6074 31.7782Z" fill="white"></path><path d="M27.8214 30.3V28.1726H27.1182V27.2167H27.8214V26.4417L28.9393 25.7384V27.2167H30.1381V28.1726H28.9393V30.2458C28.9393 30.6903 29.1166 30.9125 29.4709 30.9125C29.6333 30.9125 29.7895 30.8496 29.9395 30.7233L30.4443 31.5797C30.2881 31.706 30.1169 31.7978 29.9308 31.855C29.7446 31.9117 29.5549 31.9401 29.3626 31.9401C28.3355 31.9401 27.8214 31.3936 27.8214 30.3Z" fill="white"></path><path d="M31.5487 31.6339C31.194 31.4297 30.9176 31.1456 30.7196 30.7821C30.5211 30.4186 30.4221 30.0056 30.4221 29.5426C30.4221 29.0801 30.5211 28.6666 30.7196 28.3031C30.9176 27.9396 31.194 27.6555 31.5487 27.4513C31.9034 27.2471 32.3087 27.145 32.7655 27.145C33.7993 27.145 34.4995 27.5683 34.8661 28.416L33.8473 28.8754C33.6132 28.4067 33.2528 28.1726 32.7655 28.1726C32.417 28.1726 32.1288 28.2989 31.9004 28.5511C31.6719 28.8037 31.558 29.1342 31.558 29.5426C31.558 29.9509 31.6719 30.282 31.9004 30.5341C32.1288 30.7867 32.417 30.9125 32.7655 30.9125C33.2528 30.9125 33.6132 30.6785 33.8473 30.2098L34.8661 30.6697C34.4995 31.5168 33.7993 31.9401 32.7655 31.9401C32.3087 31.9401 31.9034 31.8386 31.5487 31.6339Z" fill="white"></path><path d="M35.3998 25.4863H36.5176V27.9473C36.662 27.707 36.8615 27.5132 37.1167 27.3657C37.3725 27.2188 37.6592 27.145 37.9778 27.145C38.4702 27.145 38.8579 27.2909 39.1405 27.5823C39.423 27.8736 39.5643 28.2804 39.5643 28.8037V31.8685H38.4465V29.0285C38.4465 28.7522 38.3758 28.5408 38.2346 28.3933C38.0933 28.2458 37.8907 28.1726 37.6262 28.1726C37.3199 28.1726 37.0585 28.3093 36.8419 28.5825C36.6254 28.8558 36.5176 29.275 36.5176 29.8401V31.8685H35.3998V25.4863Z" fill="white"></path></svg><p class="styled__StyledBodyText-sc-119w3hf-5 ggtTyf styled__DarkGreyBodyText-jk5kya-0 iwRWTH">Aldi Price Match</p></div></div></div></div><div class="styles__StyledBuyBoxWrapper-dvv1wj-4 dSvjUC"><div class="styles__StyledBuyBoxContainer-sc-1wx0qp6-0 erryje" data-auto="buybox-container"><div class="styles__SafeFormWrapper-jtpu2t-0 lcrYKS"><form action="https://www.tesco.com/groceries/en-GB/trolley/items/252004443?_method=PUT" method="POST"><input type="submit" class="hidden"><input name="id" type="hidden" value="252004443"><input name="identifier" type="hidden" value="Page"><input name="anchorId" type="hidden" value="#tile-252004443"><input name="returnUrl" type="hidden" value="/groceries/en-GB/shop/food-cupboard/all?redirectIfUnavailable=true#tile-252004443"><input name="backToUrl" type="hidden" value="#"><input name="oldValue" type="hidden" value="0"><input name="oldUnitChoice" type="hidden" value="pcs"><input name="newUnitChoice" type="hidden" value="pcs"><div class="base-components__RootElement-sc-1mosoyj-1 styled__Container-sc-6nhkzi-0 jptQqM hSNpTb beans-buybox__container"><div class="base-components__BaseElement-sc-1mosoyj-0 styled__PriceAndActions-sc-6nhkzi-3 oznwo eEPLov beans-buybox__price-and-actions"><div class="base-components__RootElement-sc-1mosoyj-1 styled__Container-sc-8qlq5b-0 jptQqM bgZrjw styled__StyledPrice-sc-6nhkzi-5 iYHeik beans-buybox__price beans-price__container"><p class="styled__StyledHeading-sc-119w3hf-2 jWPEtj styled__Text-sc-8qlq5b-1 lnaeiZ beans-price__text">£3.49</p><p class="styled__StyledFootnote-sc-119w3hf-7 icrlVF styled__Subtext-sc-8qlq5b-2 bNJmdc beans-price__subtext">£2.11/kg</p></div><div class="base-components__RootElement-sc-1mosoyj-1 styled__Container-vtxwzb-0 jptQqM bDFhXJ beans-buybox__actions beans-quantity-controls__container"><div class="base-components__RootElement-sc-1mosoyj-1 styled__Container-sc-16t2b2a-0 jptQqM PUfgZ styled__StyledFormGroup-vtxwzb-1 kzKuAr beans-quantity-controls__form-group beans-form-group__container"><label class="styled__StyledLabel-sc-1ttuvhr-0 izGEjV beans-form-group__label beans-label" for="quantity-controls-252004443">Quantity controls </label><div class="base-components__BaseElement-sc-1mosoyj-0 styled__Children-sc-16t2b2a-3 oznwo gdJvjO beans-form-group__children"><div class="styled__StyledQuantityControlWrapper-vtxwzb-6 LCxOg"><label id="quantity-controls-252004443-label" class="styled__VisuallyHiddenLabel-vtxwzb-7 gXlLiM">Quantity of Heinz Baked Beans In Tomato Sauce 4X415g</label><div class="component__Wrapper-sc-1kpmik-3 dReplG input-wrapper"><input class="base-components__RootElement-sc-1mosoyj-1 styled__StyledInput-sc-1jd5f57-0 component__StyledAsInput-sc-1kpmik-4 jptQqM eJLlow styled__StyledInput-vtxwzb-3 lwMHo beans-quantity-controls__input beans-input" data-auto="beans-quantity-controls-input" autocomplete="off" id="quantity-controls-252004443" maxlength="2" name="newValue" type="number" aria-labelledby="quantity-controls-252004443-label" value="1"></div></div><button class="styled__BaseButton-rsekm1-0 styled__PrimaryButton-rsekm1-2 jChbeY geeWOF styled__StyledButton-vtxwzb-5 japAxb beans-quantity-controls__add-button beans-button__container" type="submit" data-auto="beans-quantity-controls-add-button" aria-label="Quantity of Heinz Baked Beans In Tomato Sauce 4X415g"><span class="base-components__BaseElement-sc-1mosoyj-0 styled__InnerContainer-rsekm1-1 oznwo fuFres beans-button__inner-container"><span class="base-components__BaseElement-sc-1mosoyj-0 styled__TextSpan-rsekm1-4 oznwo GDiMp beans-button__text">Add</span></span></button></div></div></div></div></div><input name="_csrf" type="hidden" value="92xA6FXg-W2XHhQLLDKqjWuqmpStG0svGR_s"></form></div></div></div></div><div class="hidden-medium product-info-section-small"><div class="product-info-message-list"><div class="styled__WhiteBackground-sc-9yzfq2-1 jthPIJ"><svg width="56" height="56" viewBox="0 0 56 56" fill="none" xmlns="http://www.w3.org/2000/svg"><path d="M52.1301 27.8766C52.1301 14.5534 41.3293 3.75308 28.0066 3.75308C14.6834 3.75308 3.88306 14.5534 3.88306 27.8766C3.88306 41.1998 14.6834 52.0002 28.0066 52.0002C41.3293 52.0002 52.1301 41.1998 52.1301 27.8766Z" fill="#EE1C2E"></path><path d="M19.6853 36.5687L31.8169 48.6998L52.6633 27.8998L51.9894 23.0423L31.886 43.1452L22.5438 33.803L19.6853 36.5687Z" fill="white"></path><path d="M24.2699 12.0048L23.5594 9.93467L22.8484 12.0048H24.2699ZM24.6345 13.0711H22.4844L21.9776 14.5375H20.7515L22.9815 8.31722H24.1369L26.3669 14.5375H25.1408L24.6345 13.0711Z" fill="white"></path><path d="M27.8359 14.5375H26.734V8.24609H27.8359V14.5375Z" fill="white"></path><path d="M31.5684 13.2309C31.7849 12.9886 31.8927 12.6597 31.8927 12.2446C31.8927 11.8306 31.7849 11.5016 31.5684 11.2588C31.3524 11.0159 31.0811 10.8942 30.7558 10.8942C30.4299 10.8942 30.1587 11.0159 29.9427 11.2588C29.7267 11.5016 29.6184 11.8306 29.6184 12.2446C29.6184 12.6597 29.7267 12.9886 29.9427 13.2309C30.1587 13.4738 30.4299 13.5955 30.7558 13.5955C31.0811 13.5955 31.3524 13.4738 31.5684 13.2309ZM29.4673 14.3065C29.159 14.1049 28.9177 13.8234 28.7429 13.4619C28.5681 13.101 28.481 12.6952 28.481 12.2446C28.481 11.7888 28.5655 11.3815 28.7341 11.0231C28.9032 10.6648 29.1384 10.3848 29.4405 10.1837C29.7426 9.98212 30.0891 9.88158 30.48 9.88158C30.7883 9.88158 31.0579 9.93624 31.2889 10.0455C31.5199 10.1554 31.6978 10.3106 31.8221 10.5122V8.24609H32.9239V14.5375H31.8221V13.9863C31.6916 14.1704 31.5137 14.3194 31.2889 14.4349C31.0636 14.5504 30.797 14.6086 30.4892 14.6086C30.1159 14.6086 29.7751 14.5076 29.4673 14.3065Z" fill="white"></path><path d="M34.9657 14.5375H33.8638V9.95224H34.9657V14.5375ZM33.9082 8.34408C34.0443 8.20796 34.2129 8.1399 34.4145 8.1399C34.6161 8.1399 34.7847 8.20796 34.9208 8.34408C35.0574 8.48071 35.1255 8.64931 35.1255 8.8504C35.1255 9.052 35.0574 9.22112 34.9208 9.35724C34.7847 9.49336 34.6161 9.56142 34.4145 9.56142C34.2129 9.56142 34.0443 9.49336 33.9082 9.35724C33.7715 9.22112 33.704 9.052 33.704 8.8504C33.704 8.64931 33.7715 8.48071 33.9082 8.34408Z" fill="white"></path><path d="M19.6791 19.3347C19.8894 19.1506 19.9946 18.8779 19.9946 18.5169C19.9946 18.1565 19.8894 17.8838 19.6791 17.6997C19.4682 17.5156 19.183 17.4233 18.8221 17.4233H17.5027V19.6111H18.8221C19.183 19.6111 19.4682 19.5188 19.6791 19.3347ZM17.5027 23.9628H16.0374V16.0704H18.9345C19.461 16.0704 19.9157 16.1776 20.2988 16.3921C20.6824 16.6061 20.9753 16.8995 21.1784 17.2712C21.3816 17.6435 21.4826 18.0586 21.4826 18.5169C21.4826 18.9758 21.3816 19.3909 21.1784 19.7632C20.9753 20.1354 20.6824 20.4283 20.2988 20.6423C19.9157 20.8568 19.461 20.9635 18.9345 20.9635H17.5027V23.9628Z" fill="white"></path><path d="M22.0396 18.1451H23.4379V19.0248C23.6029 18.7087 23.8359 18.4684 24.1365 18.3029C24.4376 18.1374 24.7717 18.0549 25.1404 18.0549C25.5235 18.0549 25.8241 18.1415 26.0422 18.3143L25.5689 19.4981C25.3729 19.3929 25.1662 19.3403 24.9486 19.3403C24.5124 19.3403 24.152 19.528 23.8663 19.9039C23.5802 20.2797 23.4379 20.8582 23.4379 21.6404V23.9627H22.0396V18.1451Z" fill="white"></path><path d="M27.8879 23.9627H26.4896V18.1451H27.8879V23.9627ZM26.5458 16.1044C26.7191 15.9316 26.933 15.845 27.1888 15.845C27.444 15.845 27.658 15.9316 27.8312 16.1044C28.0039 16.2771 28.0906 16.4916 28.0906 16.7468C28.0906 17.0026 28.0039 17.217 27.8312 17.3898C27.658 17.5625 27.444 17.6491 27.1888 17.6491C26.933 17.6491 26.7191 17.5625 26.5458 17.3898C26.3731 17.217 26.287 17.0026 26.287 16.7468C26.287 16.4916 26.3731 16.2771 26.5458 16.1044Z" fill="white"></path><path d="M30.0603 23.6693C29.6168 23.4141 29.2714 23.0588 29.0234 22.6041C28.7754 22.1493 28.6511 21.6327 28.6511 21.0537C28.6511 20.4752 28.7754 19.9585 29.0234 19.5038C29.2714 19.049 29.6168 18.6937 30.0603 18.438C30.5037 18.1828 31.011 18.0549 31.5823 18.0549C32.8749 18.0549 33.751 18.585 34.2093 19.6445L32.9353 20.2199C32.6424 19.6332 32.1913 19.3403 31.5823 19.3403C31.1466 19.3403 30.7857 19.4981 30.5001 19.8136C30.2144 20.1297 30.0716 20.5427 30.0716 21.0537C30.0716 21.5651 30.2144 21.9787 30.5001 22.2942C30.7857 22.6097 31.1466 22.7675 31.5823 22.7675C32.1913 22.7675 32.6424 22.4747 32.9353 21.8884L34.2093 22.4633C33.751 23.5229 32.8749 24.0529 31.5823 24.0529C31.011 24.0529 30.5037 23.9251 30.0603 23.6693Z" fill="white"></path><path d="M38.727 20.3999C38.6744 20.0694 38.5223 19.7987 38.2707 19.5883C38.0186 19.3779 37.7015 19.2728 37.3179 19.2728C36.9946 19.2728 36.7048 19.3723 36.4496 19.5713C36.1939 19.7708 36.0175 20.0467 35.9196 20.3999H38.727ZM40.1588 21.5048H35.8633C35.9381 21.9333 36.115 22.2586 36.3934 22.4803C36.6713 22.702 37.0095 22.8129 37.4081 22.8129C37.7386 22.8129 38.015 22.7433 38.2367 22.6041C38.4584 22.4649 38.6708 22.253 38.874 21.9673L40.0573 22.6097C39.7716 23.0759 39.4092 23.4327 38.9693 23.6812C38.5295 23.9287 37.983 24.0529 37.3292 24.0529C36.7125 24.0529 36.1846 23.9086 35.7453 23.6188C35.3055 23.3295 34.9765 22.9557 34.7584 22.4968C34.5403 22.0385 34.4315 21.5574 34.4315 21.0537C34.4315 20.5504 34.546 20.0694 34.7754 19.611C35.0044 19.1526 35.3374 18.7783 35.7731 18.4891C36.2088 18.1998 36.7239 18.0549 37.3179 18.0549C37.9191 18.0549 38.4341 18.19 38.8626 18.4607C39.2911 18.7314 39.6139 19.0866 39.832 19.5264C40.0501 19.9657 40.1588 20.4339 40.1588 20.9299V21.5048Z" fill="white"></path><path d="M16.3879 25.558H17.7399L19.2454 29.4977L20.751 25.558H22.1029V31.8684H20.9309V28.0282L19.6873 31.2915H18.8035L17.5599 28.0282V31.8684H16.3879V25.558Z" fill="white"></path><path d="M25.4058 30.7146C25.6131 30.5341 25.7167 30.3119 25.7167 30.0474V29.9216H24.8335C24.5746 29.9216 24.3689 29.971 24.2158 30.07C24.0626 30.169 23.9858 30.3057 23.9858 30.48C23.9858 30.6424 24.0415 30.7671 24.1529 30.8543C24.2637 30.9414 24.4277 30.9847 24.6437 30.9847C24.9443 30.9847 25.1985 30.8945 25.4058 30.7146ZM23.6074 31.7782C23.3671 31.67 23.1748 31.5122 23.0304 31.3049C22.886 31.0976 22.8138 30.8496 22.8138 30.5609C22.8138 30.1046 22.9855 29.7364 23.3279 29.457C23.6703 29.1775 24.1333 29.0378 24.7159 29.0378H25.7167V28.8754C25.7167 28.6413 25.6357 28.4531 25.4733 28.3118C25.3109 28.1711 25.0918 28.1004 24.8154 28.1004C24.5927 28.1004 24.3916 28.1592 24.2111 28.2763C24.0312 28.3933 23.8956 28.5299 23.8059 28.6862L22.9494 28.1726C23.1113 27.8782 23.3516 27.6333 23.6703 27.4379C23.9889 27.2425 24.3705 27.145 24.8154 27.145C25.4522 27.145 25.9482 27.2982 26.3024 27.6044C26.6572 27.9112 26.8345 28.3526 26.8345 28.9295V31.8685H25.9152L25.7621 31.2735C25.6115 31.4776 25.4207 31.6401 25.1892 31.7602C24.9582 31.8803 24.686 31.9401 24.3735 31.9401C24.1029 31.9401 23.8476 31.8865 23.6074 31.7782Z" fill="white"></path><path d="M27.8214 30.3V28.1726H27.1182V27.2167H27.8214V26.4417L28.9393 25.7384V27.2167H30.1381V28.1726H28.9393V30.2458C28.9393 30.6903 29.1166 30.9125 29.4709 30.9125C29.6333 30.9125 29.7895 30.8496 29.9395 30.7233L30.4443 31.5797C30.2881 31.706 30.1169 31.7978 29.9308 31.855C29.7446 31.9117 29.5549 31.9401 29.3626 31.9401C28.3355 31.9401 27.8214 31.3936 27.8214 30.3Z" fill="white"></path><path d="M31.5487 31.6339C31.194 31.4297 30.9176 31.1456 30.7196 30.7821C30.5211 30.4186 30.4221 30.0056 30.4221 29.5426C30.4221 29.0801 30.5211 28.6666 30.7196 28.3031C30.9176 27.9396 31.194 27.6555 31.5487 27.4513C31.9034 27.2471 32.3087 27.145 32.7655 27.145C33.7993 27.145 34.4995 27.5683 34.8661 28.416L33.8473 28.8754C33.6132 28.4067 33.2528 28.1726 32.7655 28.1726C32.417 28.1726 32.1288 28.2989 31.9004 28.5511C31.6719 28.8037 31.558 29.1342 31.558 29.5426C31.558 29.9509 31.6719 30.282 31.9004 30.5341C32.1288 30.7867 32.417 30.9125 32.7655 30.9125C33.2528 30.9125 33.6132 30.6785 33.8473 30.2098L34.8661 30.6697C34.4995 31.5168 33.7993 31.9401 32.7655 31.9401C32.3087 31.9401 31.9034 31.8386 31.5487 31.6339Z" fill="white"></path><path d="M35.3998 25.4863H36.5176V27.9473C36.662 27.707 36.8615 27.5132 37.1167 27.3657C37.3725 27.2188 37.6592 27.145 37.9778 27.145C38.4702 27.145 38.8579 27.2909 39.1405 27.5823C39.423 27.8736 39.5643 28.2804 39.5643 28.8037V31.8685H38.4465V29.0285C38.4465 28.7522 38.3758 28.5408 38.2346 28.3933C38.0933 28.2458 37.8907 28.1726 37.6262 28.1726C37.3199 28.1726 37.0585 28.3093 36.8419 28.5825C36.6254 28.8558 36.5176 29.275 36.5176 29.8401V31.8685H35.3998V25.4863Z" fill="white"></path></svg><p class="styled__StyledBodyText-sc-119w3hf-5 ggtTyf styled__DarkGreyBodyText-jk5kya-0 iwRWTH">Aldi Price Match</p></div></div></div></div></div></div></div></li><li class="product-list--list-item"><div class="styles__StyledVerticalTileWrapper-dvv1wj-0 dtCNPH"><div data-auto="product-tile" data-auto-type="Quantity" data-auto-available="true" data-auto-is-restricted-disabled="false" data-auto-is-substitute="false" class="styles__StyledVerticalTile-dvv1wj-1 gSCsYK"><div class="styles__StyledTileContentWrapper-dvv1wj-2 bkNhNP beans"><div id="tile-300992005" data-auto-id="300992005" class="styles__StyledTiledContent-dvv1wj-3 bcglTg"><a href="https://www.tesco.com/groceries/en-GB/products/300992005" aria-hidden="true" class="product-image-wrapper" tabindex="1"><div class="product-image__container"><picture><img class="styled__Image-sjvkdn-0 bJErKA product-image beans-responsive-image__image" src="./tesco_html_brand_food_cupboard_files/d8b9996a-096e-41ea-8527-100516a5fded_858179422.jpeg" srcset="https://digitalcontent.api.tesco.com/v2/media/ghs/e6e1dc89-ba01-4caa-9965-38aacd56ba8b/d8b9996a-096e-41ea-8527-100516a5fded_858179422.jpeg?h=225&amp;w=225 768w, https://digitalcontent.api.tesco.com/v2/media/ghs/e6e1dc89-ba01-4caa-9965-38aacd56ba8b/d8b9996a-096e-41ea-8527-100516a5fded_858179422.jpeg?h=225&amp;w=225 4000w" alt="Tesco Drained Tuna Steak In Spring Water 110G"></picture></div></a><div class="product-details--wrapper"><h3 class="styles__H3-oa5soe-0 bCKNNq"><a href="https://www.tesco.com/groceries/en-GB/products/300992005" class="styled__Anchor-sc-1xbujuz-0 csVOnh beans-link__anchor" data-auto="product-tile--title"><span class="styled__Text-sc-1xbujuz-1 ldbwMG beans-link__text">Tesco Drained Tuna Steak In Spring Water 110G</span></a></h3><div class="styles__StyledProductDetailsContent-dvv1wj-5 ddRSrq"><a href="https://www.tesco.com/groceries/en-GB/reviews/submission/300992005?from=%2Fshop%2Ffood-cupboard%2Fall" aria-label="Write a review for Tesco Drained Tuna Steak In Spring Water 110G" class="styled__Anchor-sc-1xbujuz-0 jSzuDt write-a-review-link beans-link__anchor" data-auto="review-link"><span class="styled__Text-sc-1xbujuz-1 fyDIEo beans-link__text">Write a review</span><span class="styled__IconContainer-sc-1xbujuz-2 bSauSL beans-link__icon-container"><svg aria-hidden="true" class="styled__SVG-xxa4wh-1 hQMCqc beans-link__icon beans-icon__svg" height="13.33" preserveAspectRatio="xMinYMax meet" viewBox="-1 0 12 20" width="8" xmlns="http://www.w3.org/2000/svg" color="currentColor"><path d="M1.312 1.348L10.276 10l-8.964 8.644" fill="none" stroke="currentColor"></path></svg></span></a><div><a href="https://www.tesco.com/groceries/en-GB/shop/food-cupboard/tins-cans-and-packets/tinned-fish-and-seafood/tinned-tuna-in-springwater" class="styled__Anchor-sc-1xbujuz-0 jSzuDt rest-of-shelf-link beans-link__anchor" data-auto="rest-of-shelf-link"><span class="styled__Text-sc-1xbujuz-1 fyDIEo beans-link__text">Rest of <span class="visually-hidden">Tinned Tuna In Springwater</span> shelf</span><span class="styled__IconContainer-sc-1xbujuz-2 bSauSL beans-link__icon-container"><svg aria-hidden="true" class="styled__SVG-xxa4wh-1 hQMCqc beans-link__icon beans-icon__svg" height="13.33" preserveAspectRatio="xMinYMax meet" viewBox="-1 0 12 20" width="8" xmlns="http://www.w3.org/2000/svg" color="currentColor"><path d="M1.312 1.348L10.276 10l-8.964 8.644" fill="none" stroke="currentColor"></path></svg></span></a></div><div class="product-info-message-section"><div class="product-info-message-list"></div></div></div><div class="styles__StyledPromotionsWithBuyBoxWrapper-dvv1wj-8 cZskDh"><div class="styles__StyledPromotionsAboveMobile-dvv1wj-7 iPTMuo"><div class="styles__StyledPromotionsWithClubcardPriceContainer-sc-1vdpoop-0 bsPFbn"><div class="styles__StyledClubcardLogo-sc-1vdpoop-2 elOZEB"><div class="styles__Wrapper-sc-1d2phhy-0 hgBuQG undefined special-offer-sash"><span class="styles__CircleWrapper-sc-1d2phhy-2 hCbzjm"><strong class="styles__TextWrapper-sc-1d2phhy-1 bLXNGg">Clubcard Price</strong></span></div></div><a href="https://www.tesco.com/groceries/en-GB/promotions/88558990"><div class="styles__ProductPromotionStyling-sc-1vdpoop-3 WGKAK"><div class="styles__StyledPromotionsOfferContent-sc-1vdpoop-1 cPSekc"><span class="offer-text">Any 3 for £3 Clubcard Price - Selected Tesco Drained Tuna Steak 110g</span></div><span class="dates">Offer valid for delivery from 05/10/2022 until 06/12/2022</span></div></a></div></div><div class="styles__StyledBuyBoxWrapper-dvv1wj-4 dSvjUC"><div class="styles__StyledBuyBoxContainer-sc-1wx0qp6-0 erryje" data-auto="buybox-container"><div class="styles__SafeFormWrapper-jtpu2t-0 lcrYKS"><form action="https://www.tesco.com/groceries/en-GB/trolley/items/300992005?_method=PUT" method="POST"><input type="submit" class="hidden"><input name="id" type="hidden" value="300992005"><input name="identifier" type="hidden" value="Page"><input name="anchorId" type="hidden" value="#tile-300992005"><input name="returnUrl" type="hidden" value="/groceries/en-GB/shop/food-cupboard/all?redirectIfUnavailable=true#tile-300992005"><input name="backToUrl" type="hidden" value="#"><input name="oldValue" type="hidden" value="0"><input name="oldUnitChoice" type="hidden" value="pcs"><input name="newUnitChoice" type="hidden" value="pcs"><div class="base-components__RootElement-sc-1mosoyj-1 styled__Container-sc-6nhkzi-0 jptQqM hSNpTb beans-buybox__container"><div class="base-components__BaseElement-sc-1mosoyj-0 styled__PriceAndActions-sc-6nhkzi-3 oznwo eEPLov beans-buybox__price-and-actions"><div class="base-components__RootElement-sc-1mosoyj-1 styled__Container-sc-8qlq5b-0 jptQqM bgZrjw styled__StyledPrice-sc-6nhkzi-5 iYHeik beans-buybox__price beans-price__container"><p class="styled__StyledHeading-sc-119w3hf-2 jWPEtj styled__Text-sc-8qlq5b-1 lnaeiZ beans-price__text">£1.25</p><p class="styled__StyledFootnote-sc-119w3hf-7 icrlVF styled__Subtext-sc-8qlq5b-2 bNJmdc beans-price__subtext">£1.14/100g</p></div><div class="base-components__RootElement-sc-1mosoyj-1 styled__Container-vtxwzb-0 jptQqM bDFhXJ beans-buybox__actions beans-quantity-controls__container"><div class="base-components__RootElement-sc-1mosoyj-1 styled__Container-sc-16t2b2a-0 jptQqM PUfgZ styled__StyledFormGroup-vtxwzb-1 kzKuAr beans-quantity-controls__form-group beans-form-group__container"><label class="styled__StyledLabel-sc-1ttuvhr-0 izGEjV beans-form-group__label beans-label" for="quantity-controls-300992005">Quantity controls </label><div class="base-components__BaseElement-sc-1mosoyj-0 styled__Children-sc-16t2b2a-3 oznwo gdJvjO beans-form-group__children"><div class="styled__StyledQuantityControlWrapper-vtxwzb-6 LCxOg"><label id="quantity-controls-300992005-label" class="styled__VisuallyHiddenLabel-vtxwzb-7 gXlLiM">Quantity of Tesco Drained Tuna Steak In Spring Water 110G</label><div class="component__Wrapper-sc-1kpmik-3 dReplG input-wrapper"><input class="base-components__RootElement-sc-1mosoyj-1 styled__StyledInput-sc-1jd5f57-0 component__StyledAsInput-sc-1kpmik-4 jptQqM eJLlow styled__StyledInput-vtxwzb-3 lwMHo beans-quantity-controls__input beans-input" data-auto="beans-quantity-controls-input" autocomplete="off" id="quantity-controls-300992005" maxlength="2" name="newValue" type="number" aria-labelledby="quantity-controls-300992005-label" value="1"></div></div><button class="styled__BaseButton-rsekm1-0 styled__PrimaryButton-rsekm1-2 jChbeY geeWOF styled__StyledButton-vtxwzb-5 japAxb beans-quantity-controls__add-button beans-button__container" type="submit" data-auto="beans-quantity-controls-add-button" aria-label="Quantity of Tesco Drained Tuna Steak In Spring Water 110G"><span class="base-components__BaseElement-sc-1mosoyj-0 styled__InnerContainer-rsekm1-1 oznwo fuFres beans-button__inner-container"><span class="base-components__BaseElement-sc-1mosoyj-0 styled__TextSpan-rsekm1-4 oznwo GDiMp beans-button__text">Add</span></span></button></div></div></div></div></div><input name="_csrf" type="hidden" value="92xA6FXg-W2XHhQLLDKqjWuqmpStG0svGR_s"></form></div></div></div></div></div><div class="hidden-medium product-info-section-small"><div class="product-info-message-list"></div></div></div><div class="styles__StyledPromotionsMobile-dvv1wj-6 Bxaeb"><div><div class="styles__StyledPromotionsWithClubcardPriceContainer-sc-1vdpoop-0 bsPFbn"><div class="styles__StyledClubcardLogo-sc-1vdpoop-2 elOZEB"><div class="styles__Wrapper-sc-1d2phhy-0 hgBuQG undefined special-offer-sash"><span class="styles__CircleWrapper-sc-1d2phhy-2 hCbzjm"><strong class="styles__TextWrapper-sc-1d2phhy-1 bLXNGg">Clubcard Price</strong></span></div></div><a href="https://www.tesco.com/groceries/en-GB/promotions/88558990"><div class="styles__ProductPromotionStyling-sc-1vdpoop-3 WGKAK"><div class="styles__StyledPromotionsOfferContent-sc-1vdpoop-1 cPSekc"><span class="offer-text">Any 3 for £3 Clubcard Price - Selected Tesco Drained Tuna Steak 110g</span></div><span class="dates">Offer valid for delivery from 05/10/2022 until 06/12/2022</span></div></a></div></div></div></div></div></div></li><li class="product-list--list-item"><div class="styles__StyledVerticalTileWrapper-dvv1wj-0 dtCNPH"><div data-auto="product-tile" data-auto-type="Quantity" data-auto-available="true" data-auto-is-restricted-disabled="false" data-auto-is-substitute="false" class="styles__StyledVerticalTile-dvv1wj-1 gSCsYK"><div class="styles__StyledTileContentWrapper-dvv1wj-2 bkNhNP beans"><div id="tile-254875174" data-auto-id="254875174" class="styles__StyledTiledContent-dvv1wj-3 bcglTg"><a href="https://www.tesco.com/groceries/en-GB/products/254875174" aria-hidden="true" class="product-image-wrapper" tabindex="1"><div class="product-image__container"><picture><img class="styled__Image-sjvkdn-0 bJErKA product-image beans-responsive-image__image" src="./tesco_html_brand_food_cupboard_files/6cc9eab9-4f19-45d8-bd01-13460d6140a0_1854444751.jpeg" srcset="https://digitalcontent.api.tesco.com/v2/media/ghs/d3cf0993-fd11-4f54-aaa4-1e244409ed45/6cc9eab9-4f19-45d8-bd01-13460d6140a0_1854444751.jpeg?h=225&amp;w=225 768w, https://digitalcontent.api.tesco.com/v2/media/ghs/d3cf0993-fd11-4f54-aaa4-1e244409ed45/6cc9eab9-4f19-45d8-bd01-13460d6140a0_1854444751.jpeg?h=225&amp;w=225 4000w" alt="Green Giant Original Sweet Corn 198G"></picture></div></a><div class="product-details--wrapper"><h3 class="styles__H3-oa5soe-0 bCKNNq"><a href="https://www.tesco.com/groceries/en-GB/products/254875174" class="styled__Anchor-sc-1xbujuz-0 csVOnh beans-link__anchor" data-auto="product-tile--title"><span class="styled__Text-sc-1xbujuz-1 ldbwMG beans-link__text">Green Giant Original Sweet Corn 198G</span></a></h3><div class="styles__StyledProductDetailsContent-dvv1wj-5 ddRSrq"><a href="https://www.tesco.com/groceries/en-GB/reviews/submission/254875174?from=%2Fshop%2Ffood-cupboard%2Fall" aria-label="Write a review for Green Giant Original Sweet Corn 198G" class="styled__Anchor-sc-1xbujuz-0 jSzuDt write-a-review-link beans-link__anchor" data-auto="review-link"><span class="styled__Text-sc-1xbujuz-1 fyDIEo beans-link__text">Write a review</span><span class="styled__IconContainer-sc-1xbujuz-2 bSauSL beans-link__icon-container"><svg aria-hidden="true" class="styled__SVG-xxa4wh-1 hQMCqc beans-link__icon beans-icon__svg" height="13.33" preserveAspectRatio="xMinYMax meet" viewBox="-1 0 12 20" width="8" xmlns="http://www.w3.org/2000/svg" color="currentColor"><path d="M1.312 1.348L10.276 10l-8.964 8.644" fill="none" stroke="currentColor"></path></svg></span></a><div><a href="https://www.tesco.com/groceries/en-GB/shop/food-cupboard/tins-cans-and-packets/tinned-vegetables/tinned-sweetcorn" class="styled__Anchor-sc-1xbujuz-0 jSzuDt rest-of-shelf-link beans-link__anchor" data-auto="rest-of-shelf-link"><span class="styled__Text-sc-1xbujuz-1 fyDIEo beans-link__text">Rest of <span class="visually-hidden">Tinned Sweetcorn</span> shelf</span><span class="styled__IconContainer-sc-1xbujuz-2 bSauSL beans-link__icon-container"><svg aria-hidden="true" class="styled__SVG-xxa4wh-1 hQMCqc beans-link__icon beans-icon__svg" height="13.33" preserveAspectRatio="xMinYMax meet" viewBox="-1 0 12 20" width="8" xmlns="http://www.w3.org/2000/svg" color="currentColor"><path d="M1.312 1.348L10.276 10l-8.964 8.644" fill="none" stroke="currentColor"></path></svg></span></a></div><div class="product-info-message-section"><div class="product-info-message-list"></div></div></div><div class="styles__StyledPromotionsWithBuyBoxWrapper-dvv1wj-8 cZskDh"><div class="styles__StyledPromotionsAboveMobile-dvv1wj-7 iPTMuo"><div class="styles__StyledPromotionsWithClubcardPriceContainer-sc-1vdpoop-0 bsPFbn"><div class="styles__StyledClubcardLogo-sc-1vdpoop-2 elOZEB"><div class="styles__Wrapper-sc-1d2phhy-0 hgBuQG undefined special-offer-sash"><span class="styles__CircleWrapper-sc-1d2phhy-2 hCbzjm"><strong class="styles__TextWrapper-sc-1d2phhy-1 bLXNGg">Clubcard Price</strong></span></div></div><a href="https://www.tesco.com/groceries/en-GB/promotions/88565894"><div class="styles__ProductPromotionStyling-sc-1vdpoop-3 WGKAK"><div class="styles__StyledPromotionsOfferContent-sc-1vdpoop-1 cPSekc"><span class="offer-text">Any 4 for £3.15 Clubcard Price - Green Giant Sweetcorn 198g</span></div><span class="dates">Offer valid for delivery from 05/10/2022 until 06/12/2022</span></div></a></div></div><div class="styles__StyledBuyBoxWrapper-dvv1wj-4 dSvjUC"><div class="styles__StyledBuyBoxContainer-sc-1wx0qp6-0 erryje" data-auto="buybox-container"><div class="styles__SafeFormWrapper-jtpu2t-0 lcrYKS"><form action="https://www.tesco.com/groceries/en-GB/trolley/items/254875174?_method=PUT" method="POST"><input type="submit" class="hidden"><input name="id" type="hidden" value="254875174"><input name="identifier" type="hidden" value="Page"><input name="anchorId" type="hidden" value="#tile-254875174"><input name="returnUrl" type="hidden" value="/groceries/en-GB/shop/food-cupboard/all?redirectIfUnavailable=true#tile-254875174"><input name="backToUrl" type="hidden" value="#"><input name="oldValue" type="hidden" value="0"><input name="oldUnitChoice" type="hidden" value="pcs"><input name="newUnitChoice" type="hidden" value="pcs"><div class="base-components__RootElement-sc-1mosoyj-1 styled__Container-sc-6nhkzi-0 jptQqM hSNpTb beans-buybox__container"><div class="base-components__BaseElement-sc-1mosoyj-0 styled__PriceAndActions-sc-6nhkzi-3 oznwo eEPLov beans-buybox__price-and-actions"><div class="base-components__RootElement-sc-1mosoyj-1 styled__Container-sc-8qlq5b-0 jptQqM bgZrjw styled__StyledPrice-sc-6nhkzi-5 iYHeik beans-buybox__price beans-price__container"><p class="styled__StyledHeading-sc-119w3hf-2 jWPEtj styled__Text-sc-8qlq5b-1 lnaeiZ beans-price__text">£0.90</p><p class="styled__StyledFootnote-sc-119w3hf-7 icrlVF styled__Subtext-sc-8qlq5b-2 bNJmdc beans-price__subtext">£5.46/kg DR.WT</p></div><div class="base-components__RootElement-sc-1mosoyj-1 styled__Container-vtxwzb-0 jptQqM bDFhXJ beans-buybox__actions beans-quantity-controls__container"><div class="base-components__RootElement-sc-1mosoyj-1 styled__Container-sc-16t2b2a-0 jptQqM PUfgZ styled__StyledFormGroup-vtxwzb-1 kzKuAr beans-quantity-controls__form-group beans-form-group__container"><label class="styled__StyledLabel-sc-1ttuvhr-0 izGEjV beans-form-group__label beans-label" for="quantity-controls-254875174">Quantity controls </label><div class="base-components__BaseElement-sc-1mosoyj-0 styled__Children-sc-16t2b2a-3 oznwo gdJvjO beans-form-group__children"><div class="styled__StyledQuantityControlWrapper-vtxwzb-6 LCxOg"><label id="quantity-controls-254875174-label" class="styled__VisuallyHiddenLabel-vtxwzb-7 gXlLiM">Quantity of Green Giant Original Sweet Corn 198G</label><div class="component__Wrapper-sc-1kpmik-3 dReplG input-wrapper"><input class="base-components__RootElement-sc-1mosoyj-1 styled__StyledInput-sc-1jd5f57-0 component__StyledAsInput-sc-1kpmik-4 jptQqM eJLlow styled__StyledInput-vtxwzb-3 lwMHo beans-quantity-controls__input beans-input" data-auto="beans-quantity-controls-input" autocomplete="off" id="quantity-controls-254875174" maxlength="2" name="newValue" type="number" aria-labelledby="quantity-controls-254875174-label" value="1"></div></div><button class="styled__BaseButton-rsekm1-0 styled__PrimaryButton-rsekm1-2 jChbeY geeWOF styled__StyledButton-vtxwzb-5 japAxb beans-quantity-controls__add-button beans-button__container" type="submit" data-auto="beans-quantity-controls-add-button" aria-label="Quantity of Green Giant Original Sweet Corn 198G"><span class="base-components__BaseElement-sc-1mosoyj-0 styled__InnerContainer-rsekm1-1 oznwo fuFres beans-button__inner-container"><span class="base-components__BaseElement-sc-1mosoyj-0 styled__TextSpan-rsekm1-4 oznwo GDiMp beans-button__text">Add</span></span></button></div></div></div></div></div><input name="_csrf" type="hidden" value="92xA6FXg-W2XHhQLLDKqjWuqmpStG0svGR_s"></form></div></div></div></div></div><div class="hidden-medium product-info-section-small"><div class="product-info-message-list"></div></div></div><div class="styles__StyledPromotionsMobile-dvv1wj-6 Bxaeb"><div><div class="styles__StyledPromotionsWithClubcardPriceContainer-sc-1vdpoop-0 bsPFbn"><div class="styles__StyledClubcardLogo-sc-1vdpoop-2 elOZEB"><div class="styles__Wrapper-sc-1d2phhy-0 hgBuQG undefined special-offer-sash"><span class="styles__CircleWrapper-sc-1d2phhy-2 hCbzjm"><strong class="styles__TextWrapper-sc-1d2phhy-1 bLXNGg">Clubcard Price</strong></span></div></div><a href="https://www.tesco.com/groceries/en-GB/promotions/88565894"><div class="styles__ProductPromotionStyling-sc-1vdpoop-3 WGKAK"><div class="styles__StyledPromotionsOfferContent-sc-1vdpoop-1 cPSekc"><span class="offer-text">Any 4 for £3.15 Clubcard Price - Green Giant Sweetcorn 198g</span></div><span class="dates">Offer valid for delivery from 05/10/2022 until 06/12/2022</span></div></a></div></div></div></div></div></div></li><li class="product-list--list-item"><div class="styles__StyledVerticalTileWrapper-dvv1wj-0 dtCNPH"><div data-auto="product-tile" data-auto-type="Quantity" data-auto-available="true" data-auto-is-restricted-disabled="false" data-auto-is-substitute="false" class="styles__StyledVerticalTile-dvv1wj-1 gSCsYK"><div class="styles__StyledTileContentWrapper-dvv1wj-2 bkNhNP beans"><div id="tile-258147391" data-auto-id="258147391" class="styles__StyledTiledContent-dvv1wj-3 bcglTg"><a href="https://www.tesco.com/groceries/en-GB/products/258147391" aria-hidden="true" class="product-image-wrapper" tabindex="1"><div class="product-image__container"><picture><img class="styled__Image-sjvkdn-0 bJErKA product-image beans-responsive-image__image" src="./tesco_html_brand_food_cupboard_files/dab12b4f-e5af-47cb-8fd4-344bab48748b_570429964.jpeg" srcset="https://digitalcontent.api.tesco.com/v2/media/ghs/1da81d6e-b2cb-4981-b216-fefb6fbe04b1/dab12b4f-e5af-47cb-8fd4-344bab48748b_570429964.jpeg?h=225&amp;w=225 768w, https://digitalcontent.api.tesco.com/v2/media/ghs/1da81d6e-b2cb-4981-b216-fefb6fbe04b1/dab12b4f-e5af-47cb-8fd4-344bab48748b_570429964.jpeg?h=225&amp;w=225 4000w" alt="Heinz Cream Of Tomato Soup 400G"></picture></div></a><div class="product-details--wrapper"><h3 class="styles__H3-oa5soe-0 bCKNNq"><a href="https://www.tesco.com/groceries/en-GB/products/258147391" class="styled__Anchor-sc-1xbujuz-0 csVOnh beans-link__anchor" data-auto="product-tile--title"><span class="styled__Text-sc-1xbujuz-1 ldbwMG beans-link__text">Heinz Cream Of Tomato Soup 400G</span></a></h3><div class="styles__StyledProductDetailsContent-dvv1wj-5 ddRSrq"><a href="https://www.tesco.com/groceries/en-GB/reviews/submission/258147391?from=%2Fshop%2Ffood-cupboard%2Fall" aria-label="Write a review for Heinz Cream Of Tomato Soup 400G" class="styled__Anchor-sc-1xbujuz-0 jSzuDt write-a-review-link beans-link__anchor" data-auto="review-link"><span class="styled__Text-sc-1xbujuz-1 fyDIEo beans-link__text">Write a review</span><span class="styled__IconContainer-sc-1xbujuz-2 bSauSL beans-link__icon-container"><svg aria-hidden="true" class="styled__SVG-xxa4wh-1 hQMCqc beans-link__icon beans-icon__svg" height="13.33" preserveAspectRatio="xMinYMax meet" viewBox="-1 0 12 20" width="8" xmlns="http://www.w3.org/2000/svg" color="currentColor"><path d="M1.312 1.348L10.276 10l-8.964 8.644" fill="none" stroke="currentColor"></path></svg></span></a><div><a href="https://www.tesco.com/groceries/en-GB/shop/food-cupboard/tins-cans-and-packets/tinned-and-packet-soup/everyday-tinned-soup" class="styled__Anchor-sc-1xbujuz-0 jSzuDt rest-of-shelf-link beans-link__anchor" data-auto="rest-of-shelf-link"><span class="styled__Text-sc-1xbujuz-1 fyDIEo beans-link__text">Rest of <span class="visually-hidden">Everyday Tinned Soup</span> shelf</span><span class="styled__IconContainer-sc-1xbujuz-2 bSauSL beans-link__icon-container"><svg aria-hidden="true" class="styled__SVG-xxa4wh-1 hQMCqc beans-link__icon beans-icon__svg" height="13.33" preserveAspectRatio="xMinYMax meet" viewBox="-1 0 12 20" width="8" xmlns="http://www.w3.org/2000/svg" color="currentColor"><path d="M1.312 1.348L10.276 10l-8.964 8.644" fill="none" stroke="currentColor"></path></svg></span></a></div><div class="product-info-message-section"><div class="product-info-message-list"></div></div></div><div class="styles__StyledPromotionsWithBuyBoxWrapper-dvv1wj-8 cZskDh"><div class="styles__StyledPromotionsAboveMobile-dvv1wj-7 iPTMuo"><div class="styles__StyledPromotionsWithClubcardPriceContainer-sc-1vdpoop-0 bsPFbn"><div class="styles__StyledClubcardLogo-sc-1vdpoop-2 elOZEB"><div class="styles__Wrapper-sc-1d2phhy-0 hgBuQG undefined special-offer-sash"><span class="styles__CircleWrapper-sc-1d2phhy-2 hCbzjm"><strong class="styles__TextWrapper-sc-1d2phhy-1 bLXNGg">Clubcard Price</strong></span></div></div><a href="https://www.tesco.com/groceries/en-GB/promotions/88612420"><div class="styles__ProductPromotionStyling-sc-1vdpoop-3 WGKAK"><div class="styles__StyledPromotionsOfferContent-sc-1vdpoop-1 cPSekc"><span class="offer-text">Any 4 for £4 Clubcard Price - Selected Heinz Classic Soup 400g</span></div><span class="dates">Offer valid for delivery from 16/11/2022 until 06/12/2022</span></div></a></div></div><div class="styles__StyledBuyBoxWrapper-dvv1wj-4 dSvjUC"><div class="styles__StyledBuyBoxContainer-sc-1wx0qp6-0 erryje" data-auto="buybox-container"><div class="styles__SafeFormWrapper-jtpu2t-0 lcrYKS"><form action="https://www.tesco.com/groceries/en-GB/trolley/items/258147391?_method=PUT" method="POST"><input type="submit" class="hidden"><input name="id" type="hidden" value="258147391"><input name="identifier" type="hidden" value="Page"><input name="anchorId" type="hidden" value="#tile-258147391"><input name="returnUrl" type="hidden" value="/groceries/en-GB/shop/food-cupboard/all?redirectIfUnavailable=true#tile-258147391"><input name="backToUrl" type="hidden" value="#"><input name="oldValue" type="hidden" value="0"><input name="oldUnitChoice" type="hidden" value="pcs"><input name="newUnitChoice" type="hidden" value="pcs"><div class="base-components__RootElement-sc-1mosoyj-1 styled__Container-sc-6nhkzi-0 jptQqM hSNpTb beans-buybox__container"><div class="base-components__BaseElement-sc-1mosoyj-0 styled__PriceAndActions-sc-6nhkzi-3 oznwo eEPLov beans-buybox__price-and-actions"><div class="base-components__RootElement-sc-1mosoyj-1 styled__Container-sc-8qlq5b-0 jptQqM bgZrjw styled__StyledPrice-sc-6nhkzi-5 iYHeik beans-buybox__price beans-price__container"><p class="styled__StyledHeading-sc-119w3hf-2 jWPEtj styled__Text-sc-8qlq5b-1 lnaeiZ beans-price__text">£1.40</p><p class="styled__StyledFootnote-sc-119w3hf-7 icrlVF styled__Subtext-sc-8qlq5b-2 bNJmdc beans-price__subtext">£0.35/100g</p></div><div class="base-components__RootElement-sc-1mosoyj-1 styled__Container-vtxwzb-0 jptQqM bDFhXJ beans-buybox__actions beans-quantity-controls__container"><div class="base-components__RootElement-sc-1mosoyj-1 styled__Container-sc-16t2b2a-0 jptQqM PUfgZ styled__StyledFormGroup-vtxwzb-1 kzKuAr beans-quantity-controls__form-group beans-form-group__container"><label class="styled__StyledLabel-sc-1ttuvhr-0 izGEjV beans-form-group__label beans-label" for="quantity-controls-258147391">Quantity controls </label><div class="base-components__BaseElement-sc-1mosoyj-0 styled__Children-sc-16t2b2a-3 oznwo gdJvjO beans-form-group__children"><div class="styled__StyledQuantityControlWrapper-vtxwzb-6 LCxOg"><label id="quantity-controls-258147391-label" class="styled__VisuallyHiddenLabel-vtxwzb-7 gXlLiM">Quantity of Heinz Cream Of Tomato Soup 400G</label><div class="component__Wrapper-sc-1kpmik-3 dReplG input-wrapper"><input class="base-components__RootElement-sc-1mosoyj-1 styled__StyledInput-sc-1jd5f57-0 component__StyledAsInput-sc-1kpmik-4 jptQqM eJLlow styled__StyledInput-vtxwzb-3 lwMHo beans-quantity-controls__input beans-input" data-auto="beans-quantity-controls-input" autocomplete="off" id="quantity-controls-258147391" maxlength="2" name="newValue" type="number" aria-labelledby="quantity-controls-258147391-label" value="1"></div></div><button class="styled__BaseButton-rsekm1-0 styled__PrimaryButton-rsekm1-2 jChbeY geeWOF styled__StyledButton-vtxwzb-5 japAxb beans-quantity-controls__add-button beans-button__container" type="submit" data-auto="beans-quantity-controls-add-button" aria-label="Quantity of Heinz Cream Of Tomato Soup 400G"><span class="base-components__BaseElement-sc-1mosoyj-0 styled__InnerContainer-rsekm1-1 oznwo fuFres beans-button__inner-container"><span class="base-components__BaseElement-sc-1mosoyj-0 styled__TextSpan-rsekm1-4 oznwo GDiMp beans-button__text">Add</span></span></button></div></div></div></div></div><input name="_csrf" type="hidden" value="92xA6FXg-W2XHhQLLDKqjWuqmpStG0svGR_s"></form></div></div></div></div></div><div class="hidden-medium product-info-section-small"><div class="product-info-message-list"></div></div></div><div class="styles__StyledPromotionsMobile-dvv1wj-6 Bxaeb"><div><div class="styles__StyledPromotionsWithClubcardPriceContainer-sc-1vdpoop-0 bsPFbn"><div class="styles__StyledClubcardLogo-sc-1vdpoop-2 elOZEB"><div class="styles__Wrapper-sc-1d2phhy-0 hgBuQG undefined special-offer-sash"><span class="styles__CircleWrapper-sc-1d2phhy-2 hCbzjm"><strong class="styles__TextWrapper-sc-1d2phhy-1 bLXNGg">Clubcard Price</strong></span></div></div><a href="https://www.tesco.com/groceries/en-GB/promotions/88612420"><div class="styles__ProductPromotionStyling-sc-1vdpoop-3 WGKAK"><div class="styles__StyledPromotionsOfferContent-sc-1vdpoop-1 cPSekc"><span class="offer-text">Any 4 for £4 Clubcard Price - Selected Heinz Classic Soup 400g</span></div><span class="dates">Offer valid for delivery from 16/11/2022 until 06/12/2022</span></div></a></div></div></div></div></div></div></li><li class="product-list--list-item"><div class="styles__StyledVerticalTileWrapper-dvv1wj-0 dtCNPH"><div data-auto="product-tile" data-auto-type="Quantity" data-auto-available="true" data-auto-is-restricted-disabled="false" data-auto-is-substitute="false" class="styles__StyledVerticalTile-dvv1wj-1 gSCsYK"><div class="styles__StyledTileContentWrapper-dvv1wj-2 bkNhNP beans"><div id="tile-275205504" data-auto-id="275205504" class="styles__StyledTiledContent-dvv1wj-3 bcglTg"><a href="https://www.tesco.com/groceries/en-GB/products/275205504" aria-hidden="true" class="product-image-wrapper" tabindex="1"><div class="product-image__container"><picture><img class="styled__Image-sjvkdn-0 bJErKA product-image beans-responsive-image__image" src="./tesco_html_brand_food_cupboard_files/b261156b-3927-4797-8671-f80c18c7c76c_906345237.jpeg" srcset="https://digitalcontent.api.tesco.com/v2/media/ghs/abc5f659-00e6-444e-8514-2b38db5963b3/b261156b-3927-4797-8671-f80c18c7c76c_906345237.jpeg?h=225&amp;w=225 768w, https://digitalcontent.api.tesco.com/v2/media/ghs/abc5f659-00e6-444e-8514-2b38db5963b3/b261156b-3927-4797-8671-f80c18c7c76c_906345237.jpeg?h=225&amp;w=225 4000w" alt="Branston Beans In Tomato Sauce 410G"></picture></div></a><div class="product-details--wrapper"><h3 class="styles__H3-oa5soe-0 bCKNNq"><a href="https://www.tesco.com/groceries/en-GB/products/275205504" class="styled__Anchor-sc-1xbujuz-0 csVOnh beans-link__anchor" data-auto="product-tile--title"><span class="styled__Text-sc-1xbujuz-1 ldbwMG beans-link__text">Branston Beans In Tomato Sauce 410G</span></a></h3><div class="styles__StyledPromotionsAboveMobile-dvv1wj-7 iPTMuo"></div><div class="styles__StyledProductDetailsContent-dvv1wj-5 ddRSrq"><a href="https://www.tesco.com/groceries/en-GB/reviews/submission/275205504?from=%2Fshop%2Ffood-cupboard%2Fall" aria-label="Write a review for Branston Beans In Tomato Sauce 410G" class="styled__Anchor-sc-1xbujuz-0 jSzuDt write-a-review-link beans-link__anchor" data-auto="review-link"><span class="styled__Text-sc-1xbujuz-1 fyDIEo beans-link__text">Write a review</span><span class="styled__IconContainer-sc-1xbujuz-2 bSauSL beans-link__icon-container"><svg aria-hidden="true" class="styled__SVG-xxa4wh-1 hQMCqc beans-link__icon beans-icon__svg" height="13.33" preserveAspectRatio="xMinYMax meet" viewBox="-1 0 12 20" width="8" xmlns="http://www.w3.org/2000/svg" color="currentColor"><path d="M1.312 1.348L10.276 10l-8.964 8.644" fill="none" stroke="currentColor"></path></svg></span></a><div><a href="https://www.tesco.com/groceries/en-GB/shop/food-cupboard/tins-cans-and-packets/baked-beans/tinned-baked-beans" class="styled__Anchor-sc-1xbujuz-0 jSzuDt rest-of-shelf-link beans-link__anchor" data-auto="rest-of-shelf-link"><span class="styled__Text-sc-1xbujuz-1 fyDIEo beans-link__text">Rest of <span class="visually-hidden">Tinned Baked Beans</span> shelf</span><span class="styled__IconContainer-sc-1xbujuz-2 bSauSL beans-link__icon-container"><svg aria-hidden="true" class="styled__SVG-xxa4wh-1 hQMCqc beans-link__icon beans-icon__svg" height="13.33" preserveAspectRatio="xMinYMax meet" viewBox="-1 0 12 20" width="8" xmlns="http://www.w3.org/2000/svg" color="currentColor"><path d="M1.312 1.348L10.276 10l-8.964 8.644" fill="none" stroke="currentColor"></path></svg></span></a></div><div class="product-info-message-section"><div class="product-info-message-list"></div></div></div><div class="styles__StyledBuyBoxWrapper-dvv1wj-4 dSvjUC"><div class="styles__StyledBuyBoxContainer-sc-1wx0qp6-0 erryje" data-auto="buybox-container"><div class="styles__SafeFormWrapper-jtpu2t-0 lcrYKS"><form action="https://www.tesco.com/groceries/en-GB/trolley/items/275205504?_method=PUT" method="POST"><input type="submit" class="hidden"><input name="id" type="hidden" value="275205504"><input name="identifier" type="hidden" value="Page"><input name="anchorId" type="hidden" value="#tile-275205504"><input name="returnUrl" type="hidden" value="/groceries/en-GB/shop/food-cupboard/all?redirectIfUnavailable=true#tile-275205504"><input name="backToUrl" type="hidden" value="#"><input name="oldValue" type="hidden" value="0"><input name="oldUnitChoice" type="hidden" value="pcs"><input name="newUnitChoice" type="hidden" value="pcs"><div class="base-components__RootElement-sc-1mosoyj-1 styled__Container-sc-6nhkzi-0 jptQqM hSNpTb beans-buybox__container"><div class="base-components__BaseElement-sc-1mosoyj-0 styled__PriceAndActions-sc-6nhkzi-3 oznwo eEPLov beans-buybox__price-and-actions"><div class="base-components__RootElement-sc-1mosoyj-1 styled__Container-sc-8qlq5b-0 jptQqM bgZrjw styled__StyledPrice-sc-6nhkzi-5 iYHeik beans-buybox__price beans-price__container"><p class="styled__StyledHeading-sc-119w3hf-2 jWPEtj styled__Text-sc-8qlq5b-1 lnaeiZ beans-price__text">£0.90</p><p class="styled__StyledFootnote-sc-119w3hf-7 icrlVF styled__Subtext-sc-8qlq5b-2 bNJmdc beans-price__subtext">£2.20/kg</p></div><div class="base-components__RootElement-sc-1mosoyj-1 styled__Container-vtxwzb-0 jptQqM bDFhXJ beans-buybox__actions beans-quantity-controls__container"><div class="base-components__RootElement-sc-1mosoyj-1 styled__Container-sc-16t2b2a-0 jptQqM PUfgZ styled__StyledFormGroup-vtxwzb-1 kzKuAr beans-quantity-controls__form-group beans-form-group__container"><label class="styled__StyledLabel-sc-1ttuvhr-0 izGEjV beans-form-group__label beans-label" for="quantity-controls-275205504">Quantity controls </label><div class="base-components__BaseElement-sc-1mosoyj-0 styled__Children-sc-16t2b2a-3 oznwo gdJvjO beans-form-group__children"><div class="styled__StyledQuantityControlWrapper-vtxwzb-6 LCxOg"><label id="quantity-controls-275205504-label" class="styled__VisuallyHiddenLabel-vtxwzb-7 gXlLiM">Quantity of Branston Beans In Tomato Sauce 410G</label><div class="component__Wrapper-sc-1kpmik-3 dReplG input-wrapper"><input class="base-components__RootElement-sc-1mosoyj-1 styled__StyledInput-sc-1jd5f57-0 component__StyledAsInput-sc-1kpmik-4 jptQqM eJLlow styled__StyledInput-vtxwzb-3 lwMHo beans-quantity-controls__input beans-input" data-auto="beans-quantity-controls-input" autocomplete="off" id="quantity-controls-275205504" maxlength="2" name="newValue" type="number" aria-labelledby="quantity-controls-275205504-label" value="1"></div></div><button class="styled__BaseButton-rsekm1-0 styled__PrimaryButton-rsekm1-2 jChbeY geeWOF styled__StyledButton-vtxwzb-5 japAxb beans-quantity-controls__add-button beans-button__container" type="submit" data-auto="beans-quantity-controls-add-button" aria-label="Quantity of Branston Beans In Tomato Sauce 410G"><span class="base-components__BaseElement-sc-1mosoyj-0 styled__InnerContainer-rsekm1-1 oznwo fuFres beans-button__inner-container"><span class="base-components__BaseElement-sc-1mosoyj-0 styled__TextSpan-rsekm1-4 oznwo GDiMp beans-button__text">Add</span></span></button></div></div></div></div></div><input name="_csrf" type="hidden" value="92xA6FXg-W2XHhQLLDKqjWuqmpStG0svGR_s"></form></div></div></div></div><div class="hidden-medium product-info-section-small"><div class="product-info-message-list"></div></div></div></div></div></div></li><li class="product-list--list-item"><div class="styles__StyledVerticalTileWrapper-dvv1wj-0 dtCNPH"><div data-auto="product-tile" data-auto-type="Quantity" data-auto-available="true" data-auto-is-restricted-disabled="false" data-auto-is-substitute="false" class="styles__StyledVerticalTile-dvv1wj-1 gSCsYK"><div class="styles__StyledTileContentWrapper-dvv1wj-2 bkNhNP beans"><div id="tile-252261477" data-auto-id="252261477" class="styles__StyledTiledContent-dvv1wj-3 bcglTg"><a href="https://www.tesco.com/groceries/en-GB/products/252261477" aria-hidden="true" class="product-image-wrapper" tabindex="1"><div class="product-image__container"><picture><img class="styled__Image-sjvkdn-0 bJErKA product-image beans-responsive-image__image" src="./tesco_html_brand_food_cupboard_files/f2cac985-5759-4e4e-9877-2b57c21950af_2056305487.jpeg" srcset="https://digitalcontent.api.tesco.com/v2/media/ghs/a95a3624-25d1-4d59-af20-6c9c958e957c/f2cac985-5759-4e4e-9877-2b57c21950af_2056305487.jpeg?h=225&amp;w=225 768w, https://digitalcontent.api.tesco.com/v2/media/ghs/a95a3624-25d1-4d59-af20-6c9c958e957c/f2cac985-5759-4e4e-9877-2b57c21950af_2056305487.jpeg?h=225&amp;w=225 4000w" alt="Heinz Baked Beans In Tomato Sauce 415G"></picture></div></a><div class="product-details--wrapper"><h3 class="styles__H3-oa5soe-0 bCKNNq"><a href="https://www.tesco.com/groceries/en-GB/products/252261477" class="styled__Anchor-sc-1xbujuz-0 csVOnh beans-link__anchor" data-auto="product-tile--title"><span class="styled__Text-sc-1xbujuz-1 ldbwMG beans-link__text">Heinz Baked Beans In Tomato Sauce 415G</span></a></h3><div class="styles__StyledProductDetailsContent-dvv1wj-5 ddRSrq"><a href="https://www.tesco.com/groceries/en-GB/reviews/submission/252261477?from=%2Fshop%2Ffood-cupboard%2Fall" aria-label="Write a review for Heinz Baked Beans In Tomato Sauce 415G" class="styled__Anchor-sc-1xbujuz-0 jSzuDt write-a-review-link beans-link__anchor" data-auto="review-link"><span class="styled__Text-sc-1xbujuz-1 fyDIEo beans-link__text">Write a review</span><span class="styled__IconContainer-sc-1xbujuz-2 bSauSL beans-link__icon-container"><svg aria-hidden="true" class="styled__SVG-xxa4wh-1 hQMCqc beans-link__icon beans-icon__svg" height="13.33" preserveAspectRatio="xMinYMax meet" viewBox="-1 0 12 20" width="8" xmlns="http://www.w3.org/2000/svg" color="currentColor"><path d="M1.312 1.348L10.276 10l-8.964 8.644" fill="none" stroke="currentColor"></path></svg></span></a><div><a href="https://www.tesco.com/groceries/en-GB/shop/food-cupboard/tins-cans-and-packets/baked-beans/tinned-baked-beans" class="styled__Anchor-sc-1xbujuz-0 jSzuDt rest-of-shelf-link beans-link__anchor" data-auto="rest-of-shelf-link"><span class="styled__Text-sc-1xbujuz-1 fyDIEo beans-link__text">Rest of <span class="visually-hidden">Tinned Baked Beans</span> shelf</span><span class="styled__IconContainer-sc-1xbujuz-2 bSauSL beans-link__icon-container"><svg aria-hidden="true" class="styled__SVG-xxa4wh-1 hQMCqc beans-link__icon beans-icon__svg" height="13.33" preserveAspectRatio="xMinYMax meet" viewBox="-1 0 12 20" width="8" xmlns="http://www.w3.org/2000/svg" color="currentColor"><path d="M1.312 1.348L10.276 10l-8.964 8.644" fill="none" stroke="currentColor"></path></svg></span></a></div><div class="product-info-message-section"><div class="product-info-message-list"></div></div></div><div class="styles__StyledPromotionsWithBuyBoxWrapper-dvv1wj-8 cZskDh"><div class="styles__StyledPromotionsAboveMobile-dvv1wj-7 iPTMuo"><div class="styles__StyledPromotionsWithClubcardPriceContainer-sc-1vdpoop-0 bsPFbn"><div class="styles__StyledClubcardLogo-sc-1vdpoop-2 elOZEB"><div class="styles__Wrapper-sc-1d2phhy-0 hgBuQG undefined special-offer-sash"><span class="styles__CircleWrapper-sc-1d2phhy-2 hCbzjm"><strong class="styles__TextWrapper-sc-1d2phhy-1 bLXNGg">Clubcard Price</strong></span></div></div><a href="https://www.tesco.com/groceries/en-GB/promotions/88597256"><div class="styles__ProductPromotionStyling-sc-1vdpoop-3 WGKAK"><div class="styles__StyledPromotionsOfferContent-sc-1vdpoop-1 cPSekc"><span class="offer-text">Any 2 for £2 Clubcard Price - Heinz Beanz In Tomato Sauce Or No Added Sugar 415g</span></div><span class="dates">Offer valid for delivery from 16/11/2022 until 27/12/2022</span></div></a></div></div><div class="styles__StyledBuyBoxWrapper-dvv1wj-4 dSvjUC"><div class="styles__StyledBuyBoxContainer-sc-1wx0qp6-0 erryje" data-auto="buybox-container"><div class="styles__SafeFormWrapper-jtpu2t-0 lcrYKS"><form action="https://www.tesco.com/groceries/en-GB/trolley/items/252261477?_method=PUT" method="POST"><input type="submit" class="hidden"><input name="id" type="hidden" value="252261477"><input name="identifier" type="hidden" value="Page"><input name="anchorId" type="hidden" value="#tile-252261477"><input name="returnUrl" type="hidden" value="/groceries/en-GB/shop/food-cupboard/all?redirectIfUnavailable=true#tile-252261477"><input name="backToUrl" type="hidden" value="#"><input name="oldValue" type="hidden" value="0"><input name="oldUnitChoice" type="hidden" value="pcs"><input name="newUnitChoice" type="hidden" value="pcs"><div class="base-components__RootElement-sc-1mosoyj-1 styled__Container-sc-6nhkzi-0 jptQqM hSNpTb beans-buybox__container"><div class="base-components__BaseElement-sc-1mosoyj-0 styled__PriceAndActions-sc-6nhkzi-3 oznwo eEPLov beans-buybox__price-and-actions"><div class="base-components__RootElement-sc-1mosoyj-1 styled__Container-sc-8qlq5b-0 jptQqM bgZrjw styled__StyledPrice-sc-6nhkzi-5 iYHeik beans-buybox__price beans-price__container"><p class="styled__StyledHeading-sc-119w3hf-2 jWPEtj styled__Text-sc-8qlq5b-1 lnaeiZ beans-price__text">£1.20</p><p class="styled__StyledFootnote-sc-119w3hf-7 icrlVF styled__Subtext-sc-8qlq5b-2 bNJmdc beans-price__subtext">£2.90/kg</p></div><div class="base-components__RootElement-sc-1mosoyj-1 styled__Container-vtxwzb-0 jptQqM bDFhXJ beans-buybox__actions beans-quantity-controls__container"><div class="base-components__RootElement-sc-1mosoyj-1 styled__Container-sc-16t2b2a-0 jptQqM PUfgZ styled__StyledFormGroup-vtxwzb-1 kzKuAr beans-quantity-controls__form-group beans-form-group__container"><label class="styled__StyledLabel-sc-1ttuvhr-0 izGEjV beans-form-group__label beans-label" for="quantity-controls-252261477">Quantity controls </label><div class="base-components__BaseElement-sc-1mosoyj-0 styled__Children-sc-16t2b2a-3 oznwo gdJvjO beans-form-group__children"><div class="styled__StyledQuantityControlWrapper-vtxwzb-6 LCxOg"><label id="quantity-controls-252261477-label" class="styled__VisuallyHiddenLabel-vtxwzb-7 gXlLiM">Quantity of Heinz Baked Beans In Tomato Sauce 415G</label><div class="component__Wrapper-sc-1kpmik-3 dReplG input-wrapper"><input class="base-components__RootElement-sc-1mosoyj-1 styled__StyledInput-sc-1jd5f57-0 component__StyledAsInput-sc-1kpmik-4 jptQqM eJLlow styled__StyledInput-vtxwzb-3 lwMHo beans-quantity-controls__input beans-input" data-auto="beans-quantity-controls-input" autocomplete="off" id="quantity-controls-252261477" maxlength="2" name="newValue" type="number" aria-labelledby="quantity-controls-252261477-label" value="1"></div></div><button class="styled__BaseButton-rsekm1-0 styled__PrimaryButton-rsekm1-2 jChbeY geeWOF styled__StyledButton-vtxwzb-5 japAxb beans-quantity-controls__add-button beans-button__container" type="submit" data-auto="beans-quantity-controls-add-button" aria-label="Quantity of Heinz Baked Beans In Tomato Sauce 415G"><span class="base-components__BaseElement-sc-1mosoyj-0 styled__InnerContainer-rsekm1-1 oznwo fuFres beans-button__inner-container"><span class="base-components__BaseElement-sc-1mosoyj-0 styled__TextSpan-rsekm1-4 oznwo GDiMp beans-button__text">Add</span></span></button></div></div></div></div></div><input name="_csrf" type="hidden" value="92xA6FXg-W2XHhQLLDKqjWuqmpStG0svGR_s"></form></div></div></div></div></div><div class="hidden-medium product-info-section-small"><div class="product-info-message-list"></div></div></div><div class="styles__StyledPromotionsMobile-dvv1wj-6 Bxaeb"><div><div class="styles__StyledPromotionsWithClubcardPriceContainer-sc-1vdpoop-0 bsPFbn"><div class="styles__StyledClubcardLogo-sc-1vdpoop-2 elOZEB"><div class="styles__Wrapper-sc-1d2phhy-0 hgBuQG undefined special-offer-sash"><span class="styles__CircleWrapper-sc-1d2phhy-2 hCbzjm"><strong class="styles__TextWrapper-sc-1d2phhy-1 bLXNGg">Clubcard Price</strong></span></div></div><a href="https://www.tesco.com/groceries/en-GB/promotions/88597256"><div class="styles__ProductPromotionStyling-sc-1vdpoop-3 WGKAK"><div class="styles__StyledPromotionsOfferContent-sc-1vdpoop-1 cPSekc"><span class="offer-text">Any 2 for £2 Clubcard Price - Heinz Beanz In Tomato Sauce Or No Added Sugar 415g</span></div><span class="dates">Offer valid for delivery from 16/11/2022 until 27/12/2022</span></div></a></div></div></div></div></div></div></li><li class="product-list--list-item"><div class="styles__StyledVerticalTileWrapper-dvv1wj-0 dtCNPH"><div data-auto="product-tile" data-auto-type="Quantity" data-auto-available="true" data-auto-is-restricted-disabled="false" data-auto-is-substitute="false" class="styles__StyledVerticalTile-dvv1wj-1 gSCsYK"><div class="styles__StyledTileContentWrapper-dvv1wj-2 bkNhNP beans"><div id="tile-303887546" data-auto-id="303887546" class="styles__StyledTiledContent-dvv1wj-3 bcglTg"><a href="https://www.tesco.com/groceries/en-GB/products/303887546" aria-hidden="true" class="product-image-wrapper" tabindex="1"><div class="product-image__container"><picture><img class="styled__Image-sjvkdn-0 bJErKA product-image beans-responsive-image__image" src="./tesco_html_brand_food_cupboard_files/ef298526-67b5-4579-b74f-25c7508bc996_1358071434.jpeg" srcset="https://digitalcontent.api.tesco.com/v2/media/ghs/347f5dc9-f195-4e53-8b73-d1121197674a/ef298526-67b5-4579-b74f-25c7508bc996_1358071434.jpeg?h=225&amp;w=225 768w, https://digitalcontent.api.tesco.com/v2/media/ghs/347f5dc9-f195-4e53-8b73-d1121197674a/ef298526-67b5-4579-b74f-25c7508bc996_1358071434.jpeg?h=225&amp;w=225 4000w" alt="Tesco Tuna Chunks In Spring Water 145G"></picture></div></a><div class="product-details--wrapper"><h3 class="styles__H3-oa5soe-0 bCKNNq"><a href="https://www.tesco.com/groceries/en-GB/products/303887546" class="styled__Anchor-sc-1xbujuz-0 csVOnh beans-link__anchor" data-auto="product-tile--title"><span class="styled__Text-sc-1xbujuz-1 ldbwMG beans-link__text">Tesco Tuna Chunks In Spring Water 145G</span></a></h3><div class="styles__StyledProductDetailsContent-dvv1wj-5 ddRSrq"><a href="https://www.tesco.com/groceries/en-GB/reviews/submission/303887546?from=%2Fshop%2Ffood-cupboard%2Fall" aria-label="Write a review for Tesco Tuna Chunks In Spring Water 145G" class="styled__Anchor-sc-1xbujuz-0 jSzuDt write-a-review-link beans-link__anchor" data-auto="review-link"><span class="styled__Text-sc-1xbujuz-1 fyDIEo beans-link__text">Write a review</span><span class="styled__IconContainer-sc-1xbujuz-2 bSauSL beans-link__icon-container"><svg aria-hidden="true" class="styled__SVG-xxa4wh-1 hQMCqc beans-link__icon beans-icon__svg" height="13.33" preserveAspectRatio="xMinYMax meet" viewBox="-1 0 12 20" width="8" xmlns="http://www.w3.org/2000/svg" color="currentColor"><path d="M1.312 1.348L10.276 10l-8.964 8.644" fill="none" stroke="currentColor"></path></svg></span></a><div><a href="https://www.tesco.com/groceries/en-GB/shop/food-cupboard/tins-cans-and-packets/tinned-fish-and-seafood/tinned-tuna-in-springwater" class="styled__Anchor-sc-1xbujuz-0 jSzuDt rest-of-shelf-link beans-link__anchor" data-auto="rest-of-shelf-link"><span class="styled__Text-sc-1xbujuz-1 fyDIEo beans-link__text">Rest of <span class="visually-hidden">Tinned Tuna In Springwater</span> shelf</span><span class="styled__IconContainer-sc-1xbujuz-2 bSauSL beans-link__icon-container"><svg aria-hidden="true" class="styled__SVG-xxa4wh-1 hQMCqc beans-link__icon beans-icon__svg" height="13.33" preserveAspectRatio="xMinYMax meet" viewBox="-1 0 12 20" width="8" xmlns="http://www.w3.org/2000/svg" color="currentColor"><path d="M1.312 1.348L10.276 10l-8.964 8.644" fill="none" stroke="currentColor"></path></svg></span></a></div><div class="product-info-message-section"><div class="product-info-message-list"></div></div></div><div class="styles__StyledPromotionsWithBuyBoxWrapper-dvv1wj-8 cZskDh"><div class="styles__StyledPromotionsAboveMobile-dvv1wj-7 iPTMuo"><div class="styles__StyledPromotionsWithClubcardPriceContainer-sc-1vdpoop-0 bsPFbn"><div class="styles__StyledClubcardLogo-sc-1vdpoop-2 elOZEB"><div class="styles__Wrapper-sc-1d2phhy-0 hgBuQG undefined special-offer-sash"><span class="styles__CircleWrapper-sc-1d2phhy-2 hCbzjm"><strong class="styles__TextWrapper-sc-1d2phhy-1 bLXNGg">Clubcard Price</strong></span></div></div><a href="https://www.tesco.com/groceries/en-GB/promotions/88558995"><div class="styles__ProductPromotionStyling-sc-1vdpoop-3 WGKAK"><div class="styles__StyledPromotionsOfferContent-sc-1vdpoop-1 cPSekc"><span class="offer-text">Any 4 for £3 Clubcard Price - Selected Tesco Tuna Chunks 145g</span></div><span class="dates">Offer valid for delivery from 05/10/2022 until 06/12/2022</span></div></a></div></div><div class="styles__StyledBuyBoxWrapper-dvv1wj-4 dSvjUC"><div class="styles__StyledBuyBoxContainer-sc-1wx0qp6-0 erryje" data-auto="buybox-container"><div class="styles__SafeFormWrapper-jtpu2t-0 lcrYKS"><form action="https://www.tesco.com/groceries/en-GB/trolley/items/303887546?_method=PUT" method="POST"><input type="submit" class="hidden"><input name="id" type="hidden" value="303887546"><input name="identifier" type="hidden" value="Page"><input name="anchorId" type="hidden" value="#tile-303887546"><input name="returnUrl" type="hidden" value="/groceries/en-GB/shop/food-cupboard/all?redirectIfUnavailable=true#tile-303887546"><input name="backToUrl" type="hidden" value="#"><input name="oldValue" type="hidden" value="0"><input name="oldUnitChoice" type="hidden" value="pcs"><input name="newUnitChoice" type="hidden" value="pcs"><div class="base-components__RootElement-sc-1mosoyj-1 styled__Container-sc-6nhkzi-0 jptQqM hSNpTb beans-buybox__container"><div class="base-components__BaseElement-sc-1mosoyj-0 styled__PriceAndActions-sc-6nhkzi-3 oznwo eEPLov beans-buybox__price-and-actions"><div class="base-components__RootElement-sc-1mosoyj-1 styled__Container-sc-8qlq5b-0 jptQqM bgZrjw styled__StyledPrice-sc-6nhkzi-5 iYHeik beans-buybox__price beans-price__container"><p class="styled__StyledHeading-sc-119w3hf-2 jWPEtj styled__Text-sc-8qlq5b-1 lnaeiZ beans-price__text">£0.85</p><p class="styled__StyledFootnote-sc-119w3hf-7 icrlVF styled__Subtext-sc-8qlq5b-2 bNJmdc beans-price__subtext">£0.83/100g DR.WT</p></div><div class="base-components__RootElement-sc-1mosoyj-1 styled__Container-vtxwzb-0 jptQqM bDFhXJ beans-buybox__actions beans-quantity-controls__container"><div class="base-components__RootElement-sc-1mosoyj-1 styled__Container-sc-16t2b2a-0 jptQqM PUfgZ styled__StyledFormGroup-vtxwzb-1 kzKuAr beans-quantity-controls__form-group beans-form-group__container"><label class="styled__StyledLabel-sc-1ttuvhr-0 izGEjV beans-form-group__label beans-label" for="quantity-controls-303887546">Quantity controls </label><div class="base-components__BaseElement-sc-1mosoyj-0 styled__Children-sc-16t2b2a-3 oznwo gdJvjO beans-form-group__children"><div class="styled__StyledQuantityControlWrapper-vtxwzb-6 LCxOg"><label id="quantity-controls-303887546-label" class="styled__VisuallyHiddenLabel-vtxwzb-7 gXlLiM">Quantity of Tesco Tuna Chunks In Spring Water 145G</label><div class="component__Wrapper-sc-1kpmik-3 dReplG input-wrapper"><input class="base-components__RootElement-sc-1mosoyj-1 styled__StyledInput-sc-1jd5f57-0 component__StyledAsInput-sc-1kpmik-4 jptQqM eJLlow styled__StyledInput-vtxwzb-3 lwMHo beans-quantity-controls__input beans-input" data-auto="beans-quantity-controls-input" autocomplete="off" id="quantity-controls-303887546" maxlength="2" name="newValue" type="number" aria-labelledby="quantity-controls-303887546-label" value="1"></div></div><button class="styled__BaseButton-rsekm1-0 styled__PrimaryButton-rsekm1-2 jChbeY geeWOF styled__StyledButton-vtxwzb-5 japAxb beans-quantity-controls__add-button beans-button__container" type="submit" data-auto="beans-quantity-controls-add-button" aria-label="Quantity of Tesco Tuna Chunks In Spring Water 145G"><span class="base-components__BaseElement-sc-1mosoyj-0 styled__InnerContainer-rsekm1-1 oznwo fuFres beans-button__inner-container"><span class="base-components__BaseElement-sc-1mosoyj-0 styled__TextSpan-rsekm1-4 oznwo GDiMp beans-button__text">Add</span></span></button></div></div></div></div></div><input name="_csrf" type="hidden" value="92xA6FXg-W2XHhQLLDKqjWuqmpStG0svGR_s"></form></div></div></div></div></div><div class="hidden-medium product-info-section-small"><div class="product-info-message-list"></div></div></div><div class="styles__StyledPromotionsMobile-dvv1wj-6 Bxaeb"><div><div class="styles__StyledPromotionsWithClubcardPriceContainer-sc-1vdpoop-0 bsPFbn"><div class="styles__StyledClubcardLogo-sc-1vdpoop-2 elOZEB"><div class="styles__Wrapper-sc-1d2phhy-0 hgBuQG undefined special-offer-sash"><span class="styles__CircleWrapper-sc-1d2phhy-2 hCbzjm"><strong class="styles__TextWrapper-sc-1d2phhy-1 bLXNGg">Clubcard Price</strong></span></div></div><a href="https://www.tesco.com/groceries/en-GB/promotions/88558995"><div class="styles__ProductPromotionStyling-sc-1vdpoop-3 WGKAK"><div class="styles__StyledPromotionsOfferContent-sc-1vdpoop-1 cPSekc"><span class="offer-text">Any 4 for £3 Clubcard Price - Selected Tesco Tuna Chunks 145g</span></div><span class="dates">Offer valid for delivery from 05/10/2022 until 06/12/2022</span></div></a></div></div></div></div></div></div></li><li class="product-list--list-item"><div class="styles__StyledVerticalTileWrapper-dvv1wj-0 dtCNPH"><div data-auto="product-tile" data-auto-type="Quantity" data-auto-available="true" data-auto-is-restricted-disabled="false" data-auto-is-substitute="false" class="styles__StyledVerticalTile-dvv1wj-1 gSCsYK"><div class="styles__StyledTileContentWrapper-dvv1wj-2 bkNhNP beans"><div id="tile-295709926" data-auto-id="295709926" class="styles__StyledTiledContent-dvv1wj-3 bcglTg"><a href="https://www.tesco.com/groceries/en-GB/products/295709926" aria-hidden="true" class="product-image-wrapper" tabindex="1"><div class="product-image__container"><picture><img class="styled__Image-sjvkdn-0 bJErKA product-image beans-responsive-image__image" src="./tesco_html_brand_food_cupboard_files/a6724821-a906-4f6b-a445-1783f80a2cc5_1835122291.jpeg" srcset="https://digitalcontent.api.tesco.com/v2/media/ghs/e4b60a58-a65a-4cb8-b04b-62e45efc1db7/a6724821-a906-4f6b-a445-1783f80a2cc5_1835122291.jpeg?h=225&amp;w=225 768w, https://digitalcontent.api.tesco.com/v2/media/ghs/e4b60a58-a65a-4cb8-b04b-62e45efc1db7/a6724821-a906-4f6b-a445-1783f80a2cc5_1835122291.jpeg?h=225&amp;w=225 4000w" alt="Kp Skips Prawn Cocktail Crisps 6 X 13.1G"></picture></div></a><div class="product-details--wrapper"><h3 class="styles__H3-oa5soe-0 bCKNNq"><a href="https://www.tesco.com/groceries/en-GB/products/295709926" class="styled__Anchor-sc-1xbujuz-0 csVOnh beans-link__anchor" data-auto="product-tile--title"><span class="styled__Text-sc-1xbujuz-1 ldbwMG beans-link__text">Kp Skips Prawn Cocktail Crisps 6 X 13.1G</span></a></h3><div class="styles__StyledPromotionsAboveMobile-dvv1wj-7 iPTMuo"></div><div class="styles__StyledProductDetailsContent-dvv1wj-5 ddRSrq"><a href="https://www.tesco.com/groceries/en-GB/reviews/submission/295709926?from=%2Fshop%2Ffood-cupboard%2Fall" aria-label="Write a review for Kp Skips Prawn Cocktail Crisps 6 X 13.1G" class="styled__Anchor-sc-1xbujuz-0 jSzuDt write-a-review-link beans-link__anchor" data-auto="review-link"><span class="styled__Text-sc-1xbujuz-1 fyDIEo beans-link__text">Write a review</span><span class="styled__IconContainer-sc-1xbujuz-2 bSauSL beans-link__icon-container"><svg aria-hidden="true" class="styled__SVG-xxa4wh-1 hQMCqc beans-link__icon beans-icon__svg" height="13.33" preserveAspectRatio="xMinYMax meet" viewBox="-1 0 12 20" width="8" xmlns="http://www.w3.org/2000/svg" color="currentColor"><path d="M1.312 1.348L10.276 10l-8.964 8.644" fill="none" stroke="currentColor"></path></svg></span></a><div><a href="https://www.tesco.com/groceries/en-GB/shop/food-cupboard/crisps-snacks-nuts-and-popcorn/multipack-crisps-and-snacks/prawn-cocktail-multipack-crisps-and-snacks" class="styled__Anchor-sc-1xbujuz-0 jSzuDt rest-of-shelf-link beans-link__anchor" data-auto="rest-of-shelf-link"><span class="styled__Text-sc-1xbujuz-1 fyDIEo beans-link__text">Rest of <span class="visually-hidden">Prawn Cocktail Multipack Crisps &amp; Snacks</span> shelf</span><span class="styled__IconContainer-sc-1xbujuz-2 bSauSL beans-link__icon-container"><svg aria-hidden="true" class="styled__SVG-xxa4wh-1 hQMCqc beans-link__icon beans-icon__svg" height="13.33" preserveAspectRatio="xMinYMax meet" viewBox="-1 0 12 20" width="8" xmlns="http://www.w3.org/2000/svg" color="currentColor"><path d="M1.312 1.348L10.276 10l-8.964 8.644" fill="none" stroke="currentColor"></path></svg></span></a></div><div class="product-info-message-section"><div class="product-info-message-list"></div></div></div><div class="styles__StyledBuyBoxWrapper-dvv1wj-4 dSvjUC"><div class="styles__StyledBuyBoxContainer-sc-1wx0qp6-0 erryje" data-auto="buybox-container"><div class="styles__SafeFormWrapper-jtpu2t-0 lcrYKS"><form action="https://www.tesco.com/groceries/en-GB/trolley/items/295709926?_method=PUT" method="POST"><input type="submit" class="hidden"><input name="id" type="hidden" value="295709926"><input name="identifier" type="hidden" value="Page"><input name="anchorId" type="hidden" value="#tile-295709926"><input name="returnUrl" type="hidden" value="/groceries/en-GB/shop/food-cupboard/all?redirectIfUnavailable=true#tile-295709926"><input name="backToUrl" type="hidden" value="#"><input name="oldValue" type="hidden" value="0"><input name="oldUnitChoice" type="hidden" value="pcs"><input name="newUnitChoice" type="hidden" value="pcs"><div class="base-components__RootElement-sc-1mosoyj-1 styled__Container-sc-6nhkzi-0 jptQqM hSNpTb beans-buybox__container"><div class="base-components__BaseElement-sc-1mosoyj-0 styled__PriceAndActions-sc-6nhkzi-3 oznwo eEPLov beans-buybox__price-and-actions"><div class="base-components__RootElement-sc-1mosoyj-1 styled__Container-sc-8qlq5b-0 jptQqM bgZrjw styled__StyledPrice-sc-6nhkzi-5 iYHeik beans-buybox__price beans-price__container"><p class="styled__StyledHeading-sc-119w3hf-2 jWPEtj styled__Text-sc-8qlq5b-1 lnaeiZ beans-price__text">£1.25</p><p class="styled__StyledFootnote-sc-119w3hf-7 icrlVF styled__Subtext-sc-8qlq5b-2 bNJmdc beans-price__subtext">£1.60/100g</p></div><div class="base-components__RootElement-sc-1mosoyj-1 styled__Container-vtxwzb-0 jptQqM bDFhXJ beans-buybox__actions beans-quantity-controls__container"><div class="base-components__RootElement-sc-1mosoyj-1 styled__Container-sc-16t2b2a-0 jptQqM PUfgZ styled__StyledFormGroup-vtxwzb-1 kzKuAr beans-quantity-controls__form-group beans-form-group__container"><label class="styled__StyledLabel-sc-1ttuvhr-0 izGEjV beans-form-group__label beans-label" for="quantity-controls-295709926">Quantity controls </label><div class="base-components__BaseElement-sc-1mosoyj-0 styled__Children-sc-16t2b2a-3 oznwo gdJvjO beans-form-group__children"><div class="styled__StyledQuantityControlWrapper-vtxwzb-6 LCxOg"><label id="quantity-controls-295709926-label" class="styled__VisuallyHiddenLabel-vtxwzb-7 gXlLiM">Quantity of Kp Skips Prawn Cocktail Crisps 6 X 13.1G</label><div class="component__Wrapper-sc-1kpmik-3 dReplG input-wrapper"><input class="base-components__RootElement-sc-1mosoyj-1 styled__StyledInput-sc-1jd5f57-0 component__StyledAsInput-sc-1kpmik-4 jptQqM eJLlow styled__StyledInput-vtxwzb-3 lwMHo beans-quantity-controls__input beans-input" data-auto="beans-quantity-controls-input" autocomplete="off" id="quantity-controls-295709926" maxlength="2" name="newValue" type="number" aria-labelledby="quantity-controls-295709926-label" value="1"></div></div><button class="styled__BaseButton-rsekm1-0 styled__PrimaryButton-rsekm1-2 jChbeY geeWOF styled__StyledButton-vtxwzb-5 japAxb beans-quantity-controls__add-button beans-button__container" type="submit" data-auto="beans-quantity-controls-add-button" aria-label="Quantity of Kp Skips Prawn Cocktail Crisps 6 X 13.1G"><span class="base-components__BaseElement-sc-1mosoyj-0 styled__InnerContainer-rsekm1-1 oznwo fuFres beans-button__inner-container"><span class="base-components__BaseElement-sc-1mosoyj-0 styled__TextSpan-rsekm1-4 oznwo GDiMp beans-button__text">Add</span></span></button></div></div></div></div></div><input name="_csrf" type="hidden" value="92xA6FXg-W2XHhQLLDKqjWuqmpStG0svGR_s"></form></div></div></div></div><div class="hidden-medium product-info-section-small"><div class="product-info-message-list"></div></div></div></div></div></div></li><li class="product-list--list-item"><div class="styles__StyledVerticalTileWrapper-dvv1wj-0 dtCNPH"><div data-auto="product-tile" data-auto-type="Quantity" data-auto-available="true" data-auto-is-restricted-disabled="false" data-auto-is-substitute="false" class="styles__StyledVerticalTile-dvv1wj-1 gSCsYK"><div class="styles__StyledTileContentWrapper-dvv1wj-2 bkNhNP beans"><div id="tile-262490576" data-auto-id="262490576" class="styles__StyledTiledContent-dvv1wj-3 bcglTg"><a href="https://www.tesco.com/groceries/en-GB/products/262490576" aria-hidden="true" class="product-image-wrapper" tabindex="1"><div class="product-image__container"><picture><img class="styled__Image-sjvkdn-0 bJErKA product-image beans-responsive-image__image" src="./tesco_html_brand_food_cupboard_files/dc780ed2-df76-4bca-a9eb-ff5252ec48b4_277667541.jpeg" srcset="https://digitalcontent.api.tesco.com/v2/media/ghs/901498ed-7de2-450e-a265-cadd69bf94eb/dc780ed2-df76-4bca-a9eb-ff5252ec48b4_277667541.jpeg?h=225&amp;w=225 768w, https://digitalcontent.api.tesco.com/v2/media/ghs/901498ed-7de2-450e-a265-cadd69bf94eb/dc780ed2-df76-4bca-a9eb-ff5252ec48b4_277667541.jpeg?h=225&amp;w=225 4000w" alt="Tesco Chickpeas In Water 400G"></picture></div></a><div class="product-details--wrapper"><h3 class="styles__H3-oa5soe-0 bCKNNq"><a href="https://www.tesco.com/groceries/en-GB/products/262490576" class="styled__Anchor-sc-1xbujuz-0 csVOnh beans-link__anchor" data-auto="product-tile--title"><span class="styled__Text-sc-1xbujuz-1 ldbwMG beans-link__text">Tesco Chickpeas In Water 400G</span></a></h3><div class="styles__StyledPromotionsAboveMobile-dvv1wj-7 iPTMuo"></div><div class="styles__StyledProductDetailsContent-dvv1wj-5 ddRSrq"><a href="https://www.tesco.com/groceries/en-GB/reviews/submission/262490576?from=%2Fshop%2Ffood-cupboard%2Fall" aria-label="Write a review for Tesco Chickpeas In Water 400G" class="styled__Anchor-sc-1xbujuz-0 jSzuDt write-a-review-link beans-link__anchor" data-auto="review-link"><span class="styled__Text-sc-1xbujuz-1 fyDIEo beans-link__text">Write a review</span><span class="styled__IconContainer-sc-1xbujuz-2 bSauSL beans-link__icon-container"><svg aria-hidden="true" class="styled__SVG-xxa4wh-1 hQMCqc beans-link__icon beans-icon__svg" height="13.33" preserveAspectRatio="xMinYMax meet" viewBox="-1 0 12 20" width="8" xmlns="http://www.w3.org/2000/svg" color="currentColor"><path d="M1.312 1.348L10.276 10l-8.964 8.644" fill="none" stroke="currentColor"></path></svg></span></a><div><a href="https://www.tesco.com/groceries/en-GB/shop/food-cupboard/tins-cans-and-packets/pulses-lentils-and-beans/tinned-chickpeas" class="styled__Anchor-sc-1xbujuz-0 jSzuDt rest-of-shelf-link beans-link__anchor" data-auto="rest-of-shelf-link"><span class="styled__Text-sc-1xbujuz-1 fyDIEo beans-link__text">Rest of <span class="visually-hidden">Tinned Chickpeas</span> shelf</span><span class="styled__IconContainer-sc-1xbujuz-2 bSauSL beans-link__icon-container"><svg aria-hidden="true" class="styled__SVG-xxa4wh-1 hQMCqc beans-link__icon beans-icon__svg" height="13.33" preserveAspectRatio="xMinYMax meet" viewBox="-1 0 12 20" width="8" xmlns="http://www.w3.org/2000/svg" color="currentColor"><path d="M1.312 1.348L10.276 10l-8.964 8.644" fill="none" stroke="currentColor"></path></svg></span></a></div><div class="product-info-message-section"><div class="product-info-message-list"></div></div></div><div class="styles__StyledBuyBoxWrapper-dvv1wj-4 dSvjUC"><div class="styles__StyledBuyBoxContainer-sc-1wx0qp6-0 erryje" data-auto="buybox-container"><div class="styles__SafeFormWrapper-jtpu2t-0 lcrYKS"><form action="https://www.tesco.com/groceries/en-GB/trolley/items/262490576?_method=PUT" method="POST"><input type="submit" class="hidden"><input name="id" type="hidden" value="262490576"><input name="identifier" type="hidden" value="Page"><input name="anchorId" type="hidden" value="#tile-262490576"><input name="returnUrl" type="hidden" value="/groceries/en-GB/shop/food-cupboard/all?redirectIfUnavailable=true#tile-262490576"><input name="backToUrl" type="hidden" value="#"><input name="oldValue" type="hidden" value="0"><input name="oldUnitChoice" type="hidden" value="pcs"><input name="newUnitChoice" type="hidden" value="pcs"><div class="base-components__RootElement-sc-1mosoyj-1 styled__Container-sc-6nhkzi-0 jptQqM hSNpTb beans-buybox__container"><div class="base-components__BaseElement-sc-1mosoyj-0 styled__PriceAndActions-sc-6nhkzi-3 oznwo eEPLov beans-buybox__price-and-actions"><div class="base-components__RootElement-sc-1mosoyj-1 styled__Container-sc-8qlq5b-0 jptQqM bgZrjw styled__StyledPrice-sc-6nhkzi-5 iYHeik beans-buybox__price beans-price__container"><p class="styled__StyledHeading-sc-119w3hf-2 jWPEtj styled__Text-sc-8qlq5b-1 lnaeiZ beans-price__text">£0.70</p><p class="styled__StyledFootnote-sc-119w3hf-7 icrlVF styled__Subtext-sc-8qlq5b-2 bNJmdc beans-price__subtext">£2.92/kg DR.WT</p></div><div class="base-components__RootElement-sc-1mosoyj-1 styled__Container-vtxwzb-0 jptQqM bDFhXJ beans-buybox__actions beans-quantity-controls__container"><div class="base-components__RootElement-sc-1mosoyj-1 styled__Container-sc-16t2b2a-0 jptQqM PUfgZ styled__StyledFormGroup-vtxwzb-1 kzKuAr beans-quantity-controls__form-group beans-form-group__container"><label class="styled__StyledLabel-sc-1ttuvhr-0 izGEjV beans-form-group__label beans-label" for="quantity-controls-262490576">Quantity controls </label><div class="base-components__BaseElement-sc-1mosoyj-0 styled__Children-sc-16t2b2a-3 oznwo gdJvjO beans-form-group__children"><div class="styled__StyledQuantityControlWrapper-vtxwzb-6 LCxOg"><label id="quantity-controls-262490576-label" class="styled__VisuallyHiddenLabel-vtxwzb-7 gXlLiM">Quantity of Tesco Chickpeas In Water 400G</label><div class="component__Wrapper-sc-1kpmik-3 dReplG input-wrapper"><input class="base-components__RootElement-sc-1mosoyj-1 styled__StyledInput-sc-1jd5f57-0 component__StyledAsInput-sc-1kpmik-4 jptQqM eJLlow styled__StyledInput-vtxwzb-3 lwMHo beans-quantity-controls__input beans-input" data-auto="beans-quantity-controls-input" autocomplete="off" id="quantity-controls-262490576" maxlength="2" name="newValue" type="number" aria-labelledby="quantity-controls-262490576-label" value="1"></div></div><button class="styled__BaseButton-rsekm1-0 styled__PrimaryButton-rsekm1-2 jChbeY geeWOF styled__StyledButton-vtxwzb-5 japAxb beans-quantity-controls__add-button beans-button__container" type="submit" data-auto="beans-quantity-controls-add-button" aria-label="Quantity of Tesco Chickpeas In Water 400G"><span class="base-components__BaseElement-sc-1mosoyj-0 styled__InnerContainer-rsekm1-1 oznwo fuFres beans-button__inner-container"><span class="base-components__BaseElement-sc-1mosoyj-0 styled__TextSpan-rsekm1-4 oznwo GDiMp beans-button__text">Add</span></span></button></div></div></div></div></div><input name="_csrf" type="hidden" value="92xA6FXg-W2XHhQLLDKqjWuqmpStG0svGR_s"></form></div></div></div></div><div class="hidden-medium product-info-section-small"><div class="product-info-message-list"></div></div></div></div></div></div></li><li class="product-list--list-item"><div class="styles__StyledVerticalTileWrapper-dvv1wj-0 dtCNPH"><div data-auto="product-tile" data-auto-type="Quantity" data-auto-available="true" data-auto-is-restricted-disabled="false" data-auto-is-substitute="false" class="styles__StyledVerticalTile-dvv1wj-1 gSCsYK"><div class="styles__StyledTileContentWrapper-dvv1wj-2 bkNhNP beans"><div id="tile-303671726" data-auto-id="303671726" class="styles__StyledTiledContent-dvv1wj-3 bcglTg"><a href="https://www.tesco.com/groceries/en-GB/products/303671726" aria-hidden="true" class="product-image-wrapper" tabindex="1"><div class="product-image__container"><picture><img class="styled__Image-sjvkdn-0 bJErKA product-image beans-responsive-image__image" src="data:image/gif;base64,R0lGODlhAQABAAAAACH5BAEKAAEALAAAAAABAAEAAAICTAEAOw==" srcset="https://digitalcontent.api.tesco.com/v2/media/ghs/fe7bc61b-b31a-47e9-a84c-381ea1aef213/14ceaf9e-ed28-4d8b-ba0f-e560f69bcc17_365682525.jpeg?h=225&amp;w=225 768w, data:image/gif;base64,R0lGODlhAQABAAAAACH5BAEKAAEALAAAAAABAAEAAAICTAEAOw== 4000w" alt="Batchelors Super Noodles Chicken 90G"></picture></div></a><div class="product-details--wrapper"><h3 class="styles__H3-oa5soe-0 bCKNNq"><a href="https://www.tesco.com/groceries/en-GB/products/303671726" class="styled__Anchor-sc-1xbujuz-0 csVOnh beans-link__anchor" data-auto="product-tile--title"><span class="styled__Text-sc-1xbujuz-1 ldbwMG beans-link__text">Batchelors Super Noodles Chicken 90G</span></a></h3><div class="styles__StyledPromotionsAboveMobile-dvv1wj-7 iPTMuo"></div><div class="styles__StyledProductDetailsContent-dvv1wj-5 ddRSrq"><a href="https://www.tesco.com/groceries/en-GB/reviews/submission/303671726?from=%2Fshop%2Ffood-cupboard%2Fall" aria-label="Write a review for Batchelors Super Noodles Chicken 90G" class="styled__Anchor-sc-1xbujuz-0 jSzuDt write-a-review-link beans-link__anchor" data-auto="review-link"><span class="styled__Text-sc-1xbujuz-1 fyDIEo beans-link__text">Write a review</span><span class="styled__IconContainer-sc-1xbujuz-2 bSauSL beans-link__icon-container"><svg aria-hidden="true" class="styled__SVG-xxa4wh-1 hQMCqc beans-link__icon beans-icon__svg" height="13.33" preserveAspectRatio="xMinYMax meet" viewBox="-1 0 12 20" width="8" xmlns="http://www.w3.org/2000/svg" color="currentColor"><path d="M1.312 1.348L10.276 10l-8.964 8.644" fill="none" stroke="currentColor"></path></svg></span></a><div><a href="https://www.tesco.com/groceries/en-GB/shop/food-cupboard/dried-pasta-rice-noodles-and-cous-cous/noodles/instant-noodles" class="styled__Anchor-sc-1xbujuz-0 jSzuDt rest-of-shelf-link beans-link__anchor" data-auto="rest-of-shelf-link"><span class="styled__Text-sc-1xbujuz-1 fyDIEo beans-link__text">Rest of <span class="visually-hidden">Instant Noodles</span> shelf</span><span class="styled__IconContainer-sc-1xbujuz-2 bSauSL beans-link__icon-container"><svg aria-hidden="true" class="styled__SVG-xxa4wh-1 hQMCqc beans-link__icon beans-icon__svg" height="13.33" preserveAspectRatio="xMinYMax meet" viewBox="-1 0 12 20" width="8" xmlns="http://www.w3.org/2000/svg" color="currentColor"><path d="M1.312 1.348L10.276 10l-8.964 8.644" fill="none" stroke="currentColor"></path></svg></span></a></div><div class="product-info-message-section"><div class="product-info-message-list"></div></div></div><div class="styles__StyledBuyBoxWrapper-dvv1wj-4 dSvjUC"><div class="styles__StyledBuyBoxContainer-sc-1wx0qp6-0 erryje" data-auto="buybox-container"><div class="styles__SafeFormWrapper-jtpu2t-0 lcrYKS"><form action="https://www.tesco.com/groceries/en-GB/trolley/items/303671726?_method=PUT" method="POST"><input type="submit" class="hidden"><input name="id" type="hidden" value="303671726"><input name="identifier" type="hidden" value="Page"><input name="anchorId" type="hidden" value="#tile-303671726"><input name="returnUrl" type="hidden" value="/groceries/en-GB/shop/food-cupboard/all?redirectIfUnavailable=true#tile-303671726"><input name="backToUrl" type="hidden" value="#"><input name="oldValue" type="hidden" value="0"><input name="oldUnitChoice" type="hidden" value="pcs"><input name="newUnitChoice" type="hidden" value="pcs"><div class="base-components__RootElement-sc-1mosoyj-1 styled__Container-sc-6nhkzi-0 jptQqM hSNpTb beans-buybox__container"><div class="base-components__BaseElement-sc-1mosoyj-0 styled__PriceAndActions-sc-6nhkzi-3 oznwo eEPLov beans-buybox__price-and-actions"><div class="base-components__RootElement-sc-1mosoyj-1 styled__Container-sc-8qlq5b-0 jptQqM bgZrjw styled__StyledPrice-sc-6nhkzi-5 iYHeik beans-buybox__price beans-price__container"><p class="styled__StyledHeading-sc-119w3hf-2 jWPEtj styled__Text-sc-8qlq5b-1 lnaeiZ beans-price__text">£0.80</p><p class="styled__StyledFootnote-sc-119w3hf-7 icrlVF styled__Subtext-sc-8qlq5b-2 bNJmdc beans-price__subtext">£8.89/kg</p></div><div class="base-components__RootElement-sc-1mosoyj-1 styled__Container-vtxwzb-0 jptQqM bDFhXJ beans-buybox__actions beans-quantity-controls__container"><div class="base-components__RootElement-sc-1mosoyj-1 styled__Container-sc-16t2b2a-0 jptQqM PUfgZ styled__StyledFormGroup-vtxwzb-1 kzKuAr beans-quantity-controls__form-group beans-form-group__container"><label class="styled__StyledLabel-sc-1ttuvhr-0 izGEjV beans-form-group__label beans-label" for="quantity-controls-303671726">Quantity controls </label><div class="base-components__BaseElement-sc-1mosoyj-0 styled__Children-sc-16t2b2a-3 oznwo gdJvjO beans-form-group__children"><div class="styled__StyledQuantityControlWrapper-vtxwzb-6 LCxOg"><label id="quantity-controls-303671726-label" class="styled__VisuallyHiddenLabel-vtxwzb-7 gXlLiM">Quantity of Batchelors Super Noodles Chicken 90G</label><div class="component__Wrapper-sc-1kpmik-3 dReplG input-wrapper"><input class="base-components__RootElement-sc-1mosoyj-1 styled__StyledInput-sc-1jd5f57-0 component__StyledAsInput-sc-1kpmik-4 jptQqM eJLlow styled__StyledInput-vtxwzb-3 lwMHo beans-quantity-controls__input beans-input" data-auto="beans-quantity-controls-input" autocomplete="off" id="quantity-controls-303671726" maxlength="2" name="newValue" type="number" aria-labelledby="quantity-controls-303671726-label" value="1"></div></div><button class="styled__BaseButton-rsekm1-0 styled__PrimaryButton-rsekm1-2 jChbeY geeWOF styled__StyledButton-vtxwzb-5 japAxb beans-quantity-controls__add-button beans-button__container" type="submit" data-auto="beans-quantity-controls-add-button" aria-label="Quantity of Batchelors Super Noodles Chicken 90G"><span class="base-components__BaseElement-sc-1mosoyj-0 styled__InnerContainer-rsekm1-1 oznwo fuFres beans-button__inner-container"><span class="base-components__BaseElement-sc-1mosoyj-0 styled__TextSpan-rsekm1-4 oznwo GDiMp beans-button__text">Add</span></span></button></div></div></div></div></div><input name="_csrf" type="hidden" value="92xA6FXg-W2XHhQLLDKqjWuqmpStG0svGR_s"></form></div></div></div></div><div class="hidden-medium product-info-section-small"><div class="product-info-message-list"></div></div></div></div></div></div></li><li class="product-list--list-item"><div class="styles__StyledVerticalTileWrapper-dvv1wj-0 dtCNPH"><div data-auto="product-tile" data-auto-type="Quantity" data-auto-available="true" data-auto-is-restricted-disabled="false" data-auto-is-substitute="false" class="styles__StyledVerticalTile-dvv1wj-1 gSCsYK"><div class="styles__StyledTileContentWrapper-dvv1wj-2 bkNhNP beans"><div id="tile-309470281" data-auto-id="309470281" class="styles__StyledTiledContent-dvv1wj-3 bcglTg"><a href="https://www.tesco.com/groceries/en-GB/products/309470281" aria-hidden="true" class="product-image-wrapper" tabindex="1"><div class="product-image__container"><picture><img class="styled__Image-sjvkdn-0 bJErKA product-image beans-responsive-image__image" src="data:image/gif;base64,R0lGODlhAQABAAAAACH5BAEKAAEALAAAAAABAAEAAAICTAEAOw==" srcset="https://digitalcontent.api.tesco.com/v2/media/ghs/1fdd7e7c-a8e4-4330-b11b-629f3eb98236/84326be7-ef80-4960-8c13-a6e938e03f20_1752401981.jpeg?h=225&amp;w=225 768w, data:image/gif;base64,R0lGODlhAQABAAAAACH5BAEKAAEALAAAAAABAAEAAAICTAEAOw== 4000w" alt="Cadbury Brunch Bar Chocolate Chip 5X32g"></picture></div></a><div class="product-details--wrapper"><h3 class="styles__H3-oa5soe-0 bCKNNq"><a href="https://www.tesco.com/groceries/en-GB/products/309470281" class="styled__Anchor-sc-1xbujuz-0 csVOnh beans-link__anchor" data-auto="product-tile--title"><span class="styled__Text-sc-1xbujuz-1 ldbwMG beans-link__text">Cadbury Brunch Bar Chocolate Chip 5X32g</span></a></h3><div class="styles__StyledPromotionsAboveMobile-dvv1wj-7 iPTMuo"></div><div class="styles__StyledProductDetailsContent-dvv1wj-5 ddRSrq"><a href="https://www.tesco.com/groceries/en-GB/reviews/submission/309470281?from=%2Fshop%2Ffood-cupboard%2Fall" aria-label="Write a review for Cadbury Brunch Bar Chocolate Chip 5X32g" class="styled__Anchor-sc-1xbujuz-0 jSzuDt write-a-review-link beans-link__anchor" data-auto="review-link"><span class="styled__Text-sc-1xbujuz-1 fyDIEo beans-link__text">Write a review</span><span class="styled__IconContainer-sc-1xbujuz-2 bSauSL beans-link__icon-container"><svg aria-hidden="true" class="styled__SVG-xxa4wh-1 hQMCqc beans-link__icon beans-icon__svg" height="13.33" preserveAspectRatio="xMinYMax meet" viewBox="-1 0 12 20" width="8" xmlns="http://www.w3.org/2000/svg" color="currentColor"><path d="M1.312 1.348L10.276 10l-8.964 8.644" fill="none" stroke="currentColor"></path></svg></span></a><div><a href="https://www.tesco.com/groceries/en-GB/shop/food-cupboard/biscuits-and-cereal-bars/cereal-bars-and-on-the-go-snack-bars/breakfast-bars" class="styled__Anchor-sc-1xbujuz-0 jSzuDt rest-of-shelf-link beans-link__anchor" data-auto="rest-of-shelf-link"><span class="styled__Text-sc-1xbujuz-1 fyDIEo beans-link__text">Rest of <span class="visually-hidden">Breakfast Bars</span> shelf</span><span class="styled__IconContainer-sc-1xbujuz-2 bSauSL beans-link__icon-container"><svg aria-hidden="true" class="styled__SVG-xxa4wh-1 hQMCqc beans-link__icon beans-icon__svg" height="13.33" preserveAspectRatio="xMinYMax meet" viewBox="-1 0 12 20" width="8" xmlns="http://www.w3.org/2000/svg" color="currentColor"><path d="M1.312 1.348L10.276 10l-8.964 8.644" fill="none" stroke="currentColor"></path></svg></span></a></div><div class="product-info-message-section"><div class="product-info-message-list"></div></div></div><div class="styles__StyledBuyBoxWrapper-dvv1wj-4 dSvjUC"><div class="styles__StyledBuyBoxContainer-sc-1wx0qp6-0 erryje" data-auto="buybox-container"><div class="styles__SafeFormWrapper-jtpu2t-0 lcrYKS"><form action="https://www.tesco.com/groceries/en-GB/trolley/items/309470281?_method=PUT" method="POST"><input type="submit" class="hidden"><input name="id" type="hidden" value="309470281"><input name="identifier" type="hidden" value="Page"><input name="anchorId" type="hidden" value="#tile-309470281"><input name="returnUrl" type="hidden" value="/groceries/en-GB/shop/food-cupboard/all?redirectIfUnavailable=true#tile-309470281"><input name="backToUrl" type="hidden" value="#"><input name="oldValue" type="hidden" value="0"><input name="oldUnitChoice" type="hidden" value="pcs"><input name="newUnitChoice" type="hidden" value="pcs"><div class="base-components__RootElement-sc-1mosoyj-1 styled__Container-sc-6nhkzi-0 jptQqM hSNpTb beans-buybox__container"><div class="base-components__BaseElement-sc-1mosoyj-0 styled__PriceAndActions-sc-6nhkzi-3 oznwo eEPLov beans-buybox__price-and-actions"><div class="base-components__RootElement-sc-1mosoyj-1 styled__Container-sc-8qlq5b-0 jptQqM bgZrjw styled__StyledPrice-sc-6nhkzi-5 iYHeik beans-buybox__price beans-price__container"><p class="styled__StyledHeading-sc-119w3hf-2 jWPEtj styled__Text-sc-8qlq5b-1 lnaeiZ beans-price__text">£1.00</p><p class="styled__StyledFootnote-sc-119w3hf-7 icrlVF styled__Subtext-sc-8qlq5b-2 bNJmdc beans-price__subtext">£0.62/100g</p></div><div class="base-components__RootElement-sc-1mosoyj-1 styled__Container-vtxwzb-0 jptQqM bDFhXJ beans-buybox__actions beans-quantity-controls__container"><div class="base-components__RootElement-sc-1mosoyj-1 styled__Container-sc-16t2b2a-0 jptQqM PUfgZ styled__StyledFormGroup-vtxwzb-1 kzKuAr beans-quantity-controls__form-group beans-form-group__container"><label class="styled__StyledLabel-sc-1ttuvhr-0 izGEjV beans-form-group__label beans-label" for="quantity-controls-309470281">Quantity controls </label><div class="base-components__BaseElement-sc-1mosoyj-0 styled__Children-sc-16t2b2a-3 oznwo gdJvjO beans-form-group__children"><div class="styled__StyledQuantityControlWrapper-vtxwzb-6 LCxOg"><label id="quantity-controls-309470281-label" class="styled__VisuallyHiddenLabel-vtxwzb-7 gXlLiM">Quantity of Cadbury Brunch Bar Chocolate Chip 5X32g</label><div class="component__Wrapper-sc-1kpmik-3 dReplG input-wrapper"><input class="base-components__RootElement-sc-1mosoyj-1 styled__StyledInput-sc-1jd5f57-0 component__StyledAsInput-sc-1kpmik-4 jptQqM eJLlow styled__StyledInput-vtxwzb-3 lwMHo beans-quantity-controls__input beans-input" data-auto="beans-quantity-controls-input" autocomplete="off" id="quantity-controls-309470281" maxlength="2" name="newValue" type="number" aria-labelledby="quantity-controls-309470281-label" value="1"></div></div><button class="styled__BaseButton-rsekm1-0 styled__PrimaryButton-rsekm1-2 jChbeY geeWOF styled__StyledButton-vtxwzb-5 japAxb beans-quantity-controls__add-button beans-button__container" type="submit" data-auto="beans-quantity-controls-add-button" aria-label="Quantity of Cadbury Brunch Bar Chocolate Chip 5X32g"><span class="base-components__BaseElement-sc-1mosoyj-0 styled__InnerContainer-rsekm1-1 oznwo fuFres beans-button__inner-container"><span class="base-components__BaseElement-sc-1mosoyj-0 styled__TextSpan-rsekm1-4 oznwo GDiMp beans-button__text">Add</span></span></button></div></div></div></div></div><input name="_csrf" type="hidden" value="92xA6FXg-W2XHhQLLDKqjWuqmpStG0svGR_s"></form></div></div></div></div><div class="hidden-medium product-info-section-small"><div class="product-info-message-list"></div></div></div></div></div></div></li><li class="product-list--list-item"><div class="styles__StyledVerticalTileWrapper-dvv1wj-0 dtCNPH"><div data-auto="product-tile" data-auto-type="Quantity" data-auto-available="true" data-auto-is-restricted-disabled="false" data-auto-is-substitute="false" class="styles__StyledVerticalTile-dvv1wj-1 gSCsYK"><div class="styles__StyledTileContentWrapper-dvv1wj-2 bkNhNP beans"><div id="tile-252528422" data-auto-id="252528422" class="styles__StyledTiledContent-dvv1wj-3 bcglTg"><a href="https://www.tesco.com/groceries/en-GB/products/252528422" aria-hidden="true" class="product-image-wrapper" tabindex="1"><div class="product-image__container"><picture><img class="styled__Image-sjvkdn-0 bJErKA product-image beans-responsive-image__image" src="data:image/gif;base64,R0lGODlhAQABAAAAACH5BAEKAAEALAAAAAABAAEAAAICTAEAOw==" srcset="https://digitalcontent.api.tesco.com/v2/media/ghs/15f2019d-66aa-46c3-befe-fdd00228237d/bf23bbaf-c8d5-4d8b-a58c-48536c0d7bec_1021989289.jpeg?h=225&amp;w=225 768w, data:image/gif;base64,R0lGODlhAQABAAAAACH5BAEKAAEALAAAAAABAAEAAAICTAEAOw== 4000w" alt="Granulated Sugar 1Kg"></picture></div></a><div class="product-details--wrapper"><h3 class="styles__H3-oa5soe-0 bCKNNq"><a href="https://www.tesco.com/groceries/en-GB/products/252528422" class="styled__Anchor-sc-1xbujuz-0 csVOnh beans-link__anchor" data-auto="product-tile--title"><span class="styled__Text-sc-1xbujuz-1 ldbwMG beans-link__text">Granulated Sugar 1Kg</span></a></h3><div class="styles__StyledPromotionsAboveMobile-dvv1wj-7 iPTMuo"></div><div class="styles__StyledProductDetailsContent-dvv1wj-5 ddRSrq"><a href="https://www.tesco.com/groceries/en-GB/reviews/submission/252528422?from=%2Fshop%2Ffood-cupboard%2Fall" aria-label="Write a review for Granulated Sugar 1Kg" class="styled__Anchor-sc-1xbujuz-0 jSzuDt write-a-review-link beans-link__anchor" data-auto="review-link"><span class="styled__Text-sc-1xbujuz-1 fyDIEo beans-link__text">Write a review</span><span class="styled__IconContainer-sc-1xbujuz-2 bSauSL beans-link__icon-container"><svg aria-hidden="true" class="styled__SVG-xxa4wh-1 hQMCqc beans-link__icon beans-icon__svg" height="13.33" preserveAspectRatio="xMinYMax meet" viewBox="-1 0 12 20" width="8" xmlns="http://www.w3.org/2000/svg" color="currentColor"><path d="M1.312 1.348L10.276 10l-8.964 8.644" fill="none" stroke="currentColor"></path></svg></span></a><div><a href="https://www.tesco.com/groceries/en-GB/shop/food-cupboard/home-baking-and-sugar/sugar/granulated-sugar-and-jam-sugar" class="styled__Anchor-sc-1xbujuz-0 jSzuDt rest-of-shelf-link beans-link__anchor" data-auto="rest-of-shelf-link"><span class="styled__Text-sc-1xbujuz-1 fyDIEo beans-link__text">Rest of <span class="visually-hidden">Granulated Sugar &amp; Jam Sugar</span> shelf</span><span class="styled__IconContainer-sc-1xbujuz-2 bSauSL beans-link__icon-container"><svg aria-hidden="true" class="styled__SVG-xxa4wh-1 hQMCqc beans-link__icon beans-icon__svg" height="13.33" preserveAspectRatio="xMinYMax meet" viewBox="-1 0 12 20" width="8" xmlns="http://www.w3.org/2000/svg" color="currentColor"><path d="M1.312 1.348L10.276 10l-8.964 8.644" fill="none" stroke="currentColor"></path></svg></span></a></div><div class="product-info-message-section"><div class="product-info-message-list"><div class="styled__WhiteBackground-sc-9yzfq2-1 jthPIJ"><svg width="56" height="56" viewBox="0 0 56 56" fill="none" xmlns="http://www.w3.org/2000/svg"><path d="M52.1301 27.8766C52.1301 14.5534 41.3293 3.75308 28.0066 3.75308C14.6834 3.75308 3.88306 14.5534 3.88306 27.8766C3.88306 41.1998 14.6834 52.0002 28.0066 52.0002C41.3293 52.0002 52.1301 41.1998 52.1301 27.8766Z" fill="#EE1C2E"></path><path d="M19.6853 36.5687L31.8169 48.6998L52.6633 27.8998L51.9894 23.0423L31.886 43.1452L22.5438 33.803L19.6853 36.5687Z" fill="white"></path><path d="M24.2699 12.0048L23.5594 9.93467L22.8484 12.0048H24.2699ZM24.6345 13.0711H22.4844L21.9776 14.5375H20.7515L22.9815 8.31722H24.1369L26.3669 14.5375H25.1408L24.6345 13.0711Z" fill="white"></path><path d="M27.8359 14.5375H26.734V8.24609H27.8359V14.5375Z" fill="white"></path><path d="M31.5684 13.2309C31.7849 12.9886 31.8927 12.6597 31.8927 12.2446C31.8927 11.8306 31.7849 11.5016 31.5684 11.2588C31.3524 11.0159 31.0811 10.8942 30.7558 10.8942C30.4299 10.8942 30.1587 11.0159 29.9427 11.2588C29.7267 11.5016 29.6184 11.8306 29.6184 12.2446C29.6184 12.6597 29.7267 12.9886 29.9427 13.2309C30.1587 13.4738 30.4299 13.5955 30.7558 13.5955C31.0811 13.5955 31.3524 13.4738 31.5684 13.2309ZM29.4673 14.3065C29.159 14.1049 28.9177 13.8234 28.7429 13.4619C28.5681 13.101 28.481 12.6952 28.481 12.2446C28.481 11.7888 28.5655 11.3815 28.7341 11.0231C28.9032 10.6648 29.1384 10.3848 29.4405 10.1837C29.7426 9.98212 30.0891 9.88158 30.48 9.88158C30.7883 9.88158 31.0579 9.93624 31.2889 10.0455C31.5199 10.1554 31.6978 10.3106 31.8221 10.5122V8.24609H32.9239V14.5375H31.8221V13.9863C31.6916 14.1704 31.5137 14.3194 31.2889 14.4349C31.0636 14.5504 30.797 14.6086 30.4892 14.6086C30.1159 14.6086 29.7751 14.5076 29.4673 14.3065Z" fill="white"></path><path d="M34.9657 14.5375H33.8638V9.95224H34.9657V14.5375ZM33.9082 8.34408C34.0443 8.20796 34.2129 8.1399 34.4145 8.1399C34.6161 8.1399 34.7847 8.20796 34.9208 8.34408C35.0574 8.48071 35.1255 8.64931 35.1255 8.8504C35.1255 9.052 35.0574 9.22112 34.9208 9.35724C34.7847 9.49336 34.6161 9.56142 34.4145 9.56142C34.2129 9.56142 34.0443 9.49336 33.9082 9.35724C33.7715 9.22112 33.704 9.052 33.704 8.8504C33.704 8.64931 33.7715 8.48071 33.9082 8.34408Z" fill="white"></path><path d="M19.6791 19.3347C19.8894 19.1506 19.9946 18.8779 19.9946 18.5169C19.9946 18.1565 19.8894 17.8838 19.6791 17.6997C19.4682 17.5156 19.183 17.4233 18.8221 17.4233H17.5027V19.6111H18.8221C19.183 19.6111 19.4682 19.5188 19.6791 19.3347ZM17.5027 23.9628H16.0374V16.0704H18.9345C19.461 16.0704 19.9157 16.1776 20.2988 16.3921C20.6824 16.6061 20.9753 16.8995 21.1784 17.2712C21.3816 17.6435 21.4826 18.0586 21.4826 18.5169C21.4826 18.9758 21.3816 19.3909 21.1784 19.7632C20.9753 20.1354 20.6824 20.4283 20.2988 20.6423C19.9157 20.8568 19.461 20.9635 18.9345 20.9635H17.5027V23.9628Z" fill="white"></path><path d="M22.0396 18.1451H23.4379V19.0248C23.6029 18.7087 23.8359 18.4684 24.1365 18.3029C24.4376 18.1374 24.7717 18.0549 25.1404 18.0549C25.5235 18.0549 25.8241 18.1415 26.0422 18.3143L25.5689 19.4981C25.3729 19.3929 25.1662 19.3403 24.9486 19.3403C24.5124 19.3403 24.152 19.528 23.8663 19.9039C23.5802 20.2797 23.4379 20.8582 23.4379 21.6404V23.9627H22.0396V18.1451Z" fill="white"></path><path d="M27.8879 23.9627H26.4896V18.1451H27.8879V23.9627ZM26.5458 16.1044C26.7191 15.9316 26.933 15.845 27.1888 15.845C27.444 15.845 27.658 15.9316 27.8312 16.1044C28.0039 16.2771 28.0906 16.4916 28.0906 16.7468C28.0906 17.0026 28.0039 17.217 27.8312 17.3898C27.658 17.5625 27.444 17.6491 27.1888 17.6491C26.933 17.6491 26.7191 17.5625 26.5458 17.3898C26.3731 17.217 26.287 17.0026 26.287 16.7468C26.287 16.4916 26.3731 16.2771 26.5458 16.1044Z" fill="white"></path><path d="M30.0603 23.6693C29.6168 23.4141 29.2714 23.0588 29.0234 22.6041C28.7754 22.1493 28.6511 21.6327 28.6511 21.0537C28.6511 20.4752 28.7754 19.9585 29.0234 19.5038C29.2714 19.049 29.6168 18.6937 30.0603 18.438C30.5037 18.1828 31.011 18.0549 31.5823 18.0549C32.8749 18.0549 33.751 18.585 34.2093 19.6445L32.9353 20.2199C32.6424 19.6332 32.1913 19.3403 31.5823 19.3403C31.1466 19.3403 30.7857 19.4981 30.5001 19.8136C30.2144 20.1297 30.0716 20.5427 30.0716 21.0537C30.0716 21.5651 30.2144 21.9787 30.5001 22.2942C30.7857 22.6097 31.1466 22.7675 31.5823 22.7675C32.1913 22.7675 32.6424 22.4747 32.9353 21.8884L34.2093 22.4633C33.751 23.5229 32.8749 24.0529 31.5823 24.0529C31.011 24.0529 30.5037 23.9251 30.0603 23.6693Z" fill="white"></path><path d="M38.727 20.3999C38.6744 20.0694 38.5223 19.7987 38.2707 19.5883C38.0186 19.3779 37.7015 19.2728 37.3179 19.2728C36.9946 19.2728 36.7048 19.3723 36.4496 19.5713C36.1939 19.7708 36.0175 20.0467 35.9196 20.3999H38.727ZM40.1588 21.5048H35.8633C35.9381 21.9333 36.115 22.2586 36.3934 22.4803C36.6713 22.702 37.0095 22.8129 37.4081 22.8129C37.7386 22.8129 38.015 22.7433 38.2367 22.6041C38.4584 22.4649 38.6708 22.253 38.874 21.9673L40.0573 22.6097C39.7716 23.0759 39.4092 23.4327 38.9693 23.6812C38.5295 23.9287 37.983 24.0529 37.3292 24.0529C36.7125 24.0529 36.1846 23.9086 35.7453 23.6188C35.3055 23.3295 34.9765 22.9557 34.7584 22.4968C34.5403 22.0385 34.4315 21.5574 34.4315 21.0537C34.4315 20.5504 34.546 20.0694 34.7754 19.611C35.0044 19.1526 35.3374 18.7783 35.7731 18.4891C36.2088 18.1998 36.7239 18.0549 37.3179 18.0549C37.9191 18.0549 38.4341 18.19 38.8626 18.4607C39.2911 18.7314 39.6139 19.0866 39.832 19.5264C40.0501 19.9657 40.1588 20.4339 40.1588 20.9299V21.5048Z" fill="white"></path><path d="M16.3879 25.558H17.7399L19.2454 29.4977L20.751 25.558H22.1029V31.8684H20.9309V28.0282L19.6873 31.2915H18.8035L17.5599 28.0282V31.8684H16.3879V25.558Z" fill="white"></path><path d="M25.4058 30.7146C25.6131 30.5341 25.7167 30.3119 25.7167 30.0474V29.9216H24.8335C24.5746 29.9216 24.3689 29.971 24.2158 30.07C24.0626 30.169 23.9858 30.3057 23.9858 30.48C23.9858 30.6424 24.0415 30.7671 24.1529 30.8543C24.2637 30.9414 24.4277 30.9847 24.6437 30.9847C24.9443 30.9847 25.1985 30.8945 25.4058 30.7146ZM23.6074 31.7782C23.3671 31.67 23.1748 31.5122 23.0304 31.3049C22.886 31.0976 22.8138 30.8496 22.8138 30.5609C22.8138 30.1046 22.9855 29.7364 23.3279 29.457C23.6703 29.1775 24.1333 29.0378 24.7159 29.0378H25.7167V28.8754C25.7167 28.6413 25.6357 28.4531 25.4733 28.3118C25.3109 28.1711 25.0918 28.1004 24.8154 28.1004C24.5927 28.1004 24.3916 28.1592 24.2111 28.2763C24.0312 28.3933 23.8956 28.5299 23.8059 28.6862L22.9494 28.1726C23.1113 27.8782 23.3516 27.6333 23.6703 27.4379C23.9889 27.2425 24.3705 27.145 24.8154 27.145C25.4522 27.145 25.9482 27.2982 26.3024 27.6044C26.6572 27.9112 26.8345 28.3526 26.8345 28.9295V31.8685H25.9152L25.7621 31.2735C25.6115 31.4776 25.4207 31.6401 25.1892 31.7602C24.9582 31.8803 24.686 31.9401 24.3735 31.9401C24.1029 31.9401 23.8476 31.8865 23.6074 31.7782Z" fill="white"></path><path d="M27.8214 30.3V28.1726H27.1182V27.2167H27.8214V26.4417L28.9393 25.7384V27.2167H30.1381V28.1726H28.9393V30.2458C28.9393 30.6903 29.1166 30.9125 29.4709 30.9125C29.6333 30.9125 29.7895 30.8496 29.9395 30.7233L30.4443 31.5797C30.2881 31.706 30.1169 31.7978 29.9308 31.855C29.7446 31.9117 29.5549 31.9401 29.3626 31.9401C28.3355 31.9401 27.8214 31.3936 27.8214 30.3Z" fill="white"></path><path d="M31.5487 31.6339C31.194 31.4297 30.9176 31.1456 30.7196 30.7821C30.5211 30.4186 30.4221 30.0056 30.4221 29.5426C30.4221 29.0801 30.5211 28.6666 30.7196 28.3031C30.9176 27.9396 31.194 27.6555 31.5487 27.4513C31.9034 27.2471 32.3087 27.145 32.7655 27.145C33.7993 27.145 34.4995 27.5683 34.8661 28.416L33.8473 28.8754C33.6132 28.4067 33.2528 28.1726 32.7655 28.1726C32.417 28.1726 32.1288 28.2989 31.9004 28.5511C31.6719 28.8037 31.558 29.1342 31.558 29.5426C31.558 29.9509 31.6719 30.282 31.9004 30.5341C32.1288 30.7867 32.417 30.9125 32.7655 30.9125C33.2528 30.9125 33.6132 30.6785 33.8473 30.2098L34.8661 30.6697C34.4995 31.5168 33.7993 31.9401 32.7655 31.9401C32.3087 31.9401 31.9034 31.8386 31.5487 31.6339Z" fill="white"></path><path d="M35.3998 25.4863H36.5176V27.9473C36.662 27.707 36.8615 27.5132 37.1167 27.3657C37.3725 27.2188 37.6592 27.145 37.9778 27.145C38.4702 27.145 38.8579 27.2909 39.1405 27.5823C39.423 27.8736 39.5643 28.2804 39.5643 28.8037V31.8685H38.4465V29.0285C38.4465 28.7522 38.3758 28.5408 38.2346 28.3933C38.0933 28.2458 37.8907 28.1726 37.6262 28.1726C37.3199 28.1726 37.0585 28.3093 36.8419 28.5825C36.6254 28.8558 36.5176 29.275 36.5176 29.8401V31.8685H35.3998V25.4863Z" fill="white"></path></svg><p class="styled__StyledBodyText-sc-119w3hf-5 ggtTyf styled__DarkGreyBodyText-jk5kya-0 iwRWTH">Aldi Price Match</p></div></div></div></div><div class="styles__StyledBuyBoxWrapper-dvv1wj-4 dSvjUC"><div class="styles__StyledBuyBoxContainer-sc-1wx0qp6-0 erryje" data-auto="buybox-container"><div class="styles__SafeFormWrapper-jtpu2t-0 lcrYKS"><form action="https://www.tesco.com/groceries/en-GB/trolley/items/252528422?_method=PUT" method="POST"><input type="submit" class="hidden"><input name="id" type="hidden" value="252528422"><input name="identifier" type="hidden" value="Page"><input name="anchorId" type="hidden" value="#tile-252528422"><input name="returnUrl" type="hidden" value="/groceries/en-GB/shop/food-cupboard/all?redirectIfUnavailable=true#tile-252528422"><input name="backToUrl" type="hidden" value="#"><input name="oldValue" type="hidden" value="0"><input name="oldUnitChoice" type="hidden" value="pcs"><input name="newUnitChoice" type="hidden" value="pcs"><div class="base-components__RootElement-sc-1mosoyj-1 styled__Container-sc-6nhkzi-0 jptQqM hSNpTb beans-buybox__container"><div class="base-components__BaseElement-sc-1mosoyj-0 styled__PriceAndActions-sc-6nhkzi-3 oznwo eEPLov beans-buybox__price-and-actions"><div class="base-components__RootElement-sc-1mosoyj-1 styled__Container-sc-8qlq5b-0 jptQqM bgZrjw styled__StyledPrice-sc-6nhkzi-5 iYHeik beans-buybox__price beans-price__container"><p class="styled__StyledHeading-sc-119w3hf-2 jWPEtj styled__Text-sc-8qlq5b-1 lnaeiZ beans-price__text">£0.85</p><p class="styled__StyledFootnote-sc-119w3hf-7 icrlVF styled__Subtext-sc-8qlq5b-2 bNJmdc beans-price__subtext">£0.85/kg</p></div><div class="base-components__RootElement-sc-1mosoyj-1 styled__Container-vtxwzb-0 jptQqM bDFhXJ beans-buybox__actions beans-quantity-controls__container"><div class="base-components__RootElement-sc-1mosoyj-1 styled__Container-sc-16t2b2a-0 jptQqM PUfgZ styled__StyledFormGroup-vtxwzb-1 kzKuAr beans-quantity-controls__form-group beans-form-group__container"><label class="styled__StyledLabel-sc-1ttuvhr-0 izGEjV beans-form-group__label beans-label" for="quantity-controls-252528422">Quantity controls </label><div class="base-components__BaseElement-sc-1mosoyj-0 styled__Children-sc-16t2b2a-3 oznwo gdJvjO beans-form-group__children"><div class="styled__StyledQuantityControlWrapper-vtxwzb-6 LCxOg"><label id="quantity-controls-252528422-label" class="styled__VisuallyHiddenLabel-vtxwzb-7 gXlLiM">Quantity of Granulated Sugar 1Kg</label><div class="component__Wrapper-sc-1kpmik-3 dReplG input-wrapper"><input class="base-components__RootElement-sc-1mosoyj-1 styled__StyledInput-sc-1jd5f57-0 component__StyledAsInput-sc-1kpmik-4 jptQqM eJLlow styled__StyledInput-vtxwzb-3 lwMHo beans-quantity-controls__input beans-input" data-auto="beans-quantity-controls-input" autocomplete="off" id="quantity-controls-252528422" maxlength="2" name="newValue" type="number" aria-labelledby="quantity-controls-252528422-label" value="1"></div></div><button class="styled__BaseButton-rsekm1-0 styled__PrimaryButton-rsekm1-2 jChbeY geeWOF styled__StyledButton-vtxwzb-5 japAxb beans-quantity-controls__add-button beans-button__container" type="submit" data-auto="beans-quantity-controls-add-button" aria-label="Quantity of Granulated Sugar 1Kg"><span class="base-components__BaseElement-sc-1mosoyj-0 styled__InnerContainer-rsekm1-1 oznwo fuFres beans-button__inner-container"><span class="base-components__BaseElement-sc-1mosoyj-0 styled__TextSpan-rsekm1-4 oznwo GDiMp beans-button__text">Add</span></span></button></div></div></div></div></div><input name="_csrf" type="hidden" value="92xA6FXg-W2XHhQLLDKqjWuqmpStG0svGR_s"></form></div></div></div></div><div class="hidden-medium product-info-section-small"><div class="product-info-message-list"><div class="styled__WhiteBackground-sc-9yzfq2-1 jthPIJ"><svg width="56" height="56" viewBox="0 0 56 56" fill="none" xmlns="http://www.w3.org/2000/svg"><path d="M52.1301 27.8766C52.1301 14.5534 41.3293 3.75308 28.0066 3.75308C14.6834 3.75308 3.88306 14.5534 3.88306 27.8766C3.88306 41.1998 14.6834 52.0002 28.0066 52.0002C41.3293 52.0002 52.1301 41.1998 52.1301 27.8766Z" fill="#EE1C2E"></path><path d="M19.6853 36.5687L31.8169 48.6998L52.6633 27.8998L51.9894 23.0423L31.886 43.1452L22.5438 33.803L19.6853 36.5687Z" fill="white"></path><path d="M24.2699 12.0048L23.5594 9.93467L22.8484 12.0048H24.2699ZM24.6345 13.0711H22.4844L21.9776 14.5375H20.7515L22.9815 8.31722H24.1369L26.3669 14.5375H25.1408L24.6345 13.0711Z" fill="white"></path><path d="M27.8359 14.5375H26.734V8.24609H27.8359V14.5375Z" fill="white"></path><path d="M31.5684 13.2309C31.7849 12.9886 31.8927 12.6597 31.8927 12.2446C31.8927 11.8306 31.7849 11.5016 31.5684 11.2588C31.3524 11.0159 31.0811 10.8942 30.7558 10.8942C30.4299 10.8942 30.1587 11.0159 29.9427 11.2588C29.7267 11.5016 29.6184 11.8306 29.6184 12.2446C29.6184 12.6597 29.7267 12.9886 29.9427 13.2309C30.1587 13.4738 30.4299 13.5955 30.7558 13.5955C31.0811 13.5955 31.3524 13.4738 31.5684 13.2309ZM29.4673 14.3065C29.159 14.1049 28.9177 13.8234 28.7429 13.4619C28.5681 13.101 28.481 12.6952 28.481 12.2446C28.481 11.7888 28.5655 11.3815 28.7341 11.0231C28.9032 10.6648 29.1384 10.3848 29.4405 10.1837C29.7426 9.98212 30.0891 9.88158 30.48 9.88158C30.7883 9.88158 31.0579 9.93624 31.2889 10.0455C31.5199 10.1554 31.6978 10.3106 31.8221 10.5122V8.24609H32.9239V14.5375H31.8221V13.9863C31.6916 14.1704 31.5137 14.3194 31.2889 14.4349C31.0636 14.5504 30.797 14.6086 30.4892 14.6086C30.1159 14.6086 29.7751 14.5076 29.4673 14.3065Z" fill="white"></path><path d="M34.9657 14.5375H33.8638V9.95224H34.9657V14.5375ZM33.9082 8.34408C34.0443 8.20796 34.2129 8.1399 34.4145 8.1399C34.6161 8.1399 34.7847 8.20796 34.9208 8.34408C35.0574 8.48071 35.1255 8.64931 35.1255 8.8504C35.1255 9.052 35.0574 9.22112 34.9208 9.35724C34.7847 9.49336 34.6161 9.56142 34.4145 9.56142C34.2129 9.56142 34.0443 9.49336 33.9082 9.35724C33.7715 9.22112 33.704 9.052 33.704 8.8504C33.704 8.64931 33.7715 8.48071 33.9082 8.34408Z" fill="white"></path><path d="M19.6791 19.3347C19.8894 19.1506 19.9946 18.8779 19.9946 18.5169C19.9946 18.1565 19.8894 17.8838 19.6791 17.6997C19.4682 17.5156 19.183 17.4233 18.8221 17.4233H17.5027V19.6111H18.8221C19.183 19.6111 19.4682 19.5188 19.6791 19.3347ZM17.5027 23.9628H16.0374V16.0704H18.9345C19.461 16.0704 19.9157 16.1776 20.2988 16.3921C20.6824 16.6061 20.9753 16.8995 21.1784 17.2712C21.3816 17.6435 21.4826 18.0586 21.4826 18.5169C21.4826 18.9758 21.3816 19.3909 21.1784 19.7632C20.9753 20.1354 20.6824 20.4283 20.2988 20.6423C19.9157 20.8568 19.461 20.9635 18.9345 20.9635H17.5027V23.9628Z" fill="white"></path><path d="M22.0396 18.1451H23.4379V19.0248C23.6029 18.7087 23.8359 18.4684 24.1365 18.3029C24.4376 18.1374 24.7717 18.0549 25.1404 18.0549C25.5235 18.0549 25.8241 18.1415 26.0422 18.3143L25.5689 19.4981C25.3729 19.3929 25.1662 19.3403 24.9486 19.3403C24.5124 19.3403 24.152 19.528 23.8663 19.9039C23.5802 20.2797 23.4379 20.8582 23.4379 21.6404V23.9627H22.0396V18.1451Z" fill="white"></path><path d="M27.8879 23.9627H26.4896V18.1451H27.8879V23.9627ZM26.5458 16.1044C26.7191 15.9316 26.933 15.845 27.1888 15.845C27.444 15.845 27.658 15.9316 27.8312 16.1044C28.0039 16.2771 28.0906 16.4916 28.0906 16.7468C28.0906 17.0026 28.0039 17.217 27.8312 17.3898C27.658 17.5625 27.444 17.6491 27.1888 17.6491C26.933 17.6491 26.7191 17.5625 26.5458 17.3898C26.3731 17.217 26.287 17.0026 26.287 16.7468C26.287 16.4916 26.3731 16.2771 26.5458 16.1044Z" fill="white"></path><path d="M30.0603 23.6693C29.6168 23.4141 29.2714 23.0588 29.0234 22.6041C28.7754 22.1493 28.6511 21.6327 28.6511 21.0537C28.6511 20.4752 28.7754 19.9585 29.0234 19.5038C29.2714 19.049 29.6168 18.6937 30.0603 18.438C30.5037 18.1828 31.011 18.0549 31.5823 18.0549C32.8749 18.0549 33.751 18.585 34.2093 19.6445L32.9353 20.2199C32.6424 19.6332 32.1913 19.3403 31.5823 19.3403C31.1466 19.3403 30.7857 19.4981 30.5001 19.8136C30.2144 20.1297 30.0716 20.5427 30.0716 21.0537C30.0716 21.5651 30.2144 21.9787 30.5001 22.2942C30.7857 22.6097 31.1466 22.7675 31.5823 22.7675C32.1913 22.7675 32.6424 22.4747 32.9353 21.8884L34.2093 22.4633C33.751 23.5229 32.8749 24.0529 31.5823 24.0529C31.011 24.0529 30.5037 23.9251 30.0603 23.6693Z" fill="white"></path><path d="M38.727 20.3999C38.6744 20.0694 38.5223 19.7987 38.2707 19.5883C38.0186 19.3779 37.7015 19.2728 37.3179 19.2728C36.9946 19.2728 36.7048 19.3723 36.4496 19.5713C36.1939 19.7708 36.0175 20.0467 35.9196 20.3999H38.727ZM40.1588 21.5048H35.8633C35.9381 21.9333 36.115 22.2586 36.3934 22.4803C36.6713 22.702 37.0095 22.8129 37.4081 22.8129C37.7386 22.8129 38.015 22.7433 38.2367 22.6041C38.4584 22.4649 38.6708 22.253 38.874 21.9673L40.0573 22.6097C39.7716 23.0759 39.4092 23.4327 38.9693 23.6812C38.5295 23.9287 37.983 24.0529 37.3292 24.0529C36.7125 24.0529 36.1846 23.9086 35.7453 23.6188C35.3055 23.3295 34.9765 22.9557 34.7584 22.4968C34.5403 22.0385 34.4315 21.5574 34.4315 21.0537C34.4315 20.5504 34.546 20.0694 34.7754 19.611C35.0044 19.1526 35.3374 18.7783 35.7731 18.4891C36.2088 18.1998 36.7239 18.0549 37.3179 18.0549C37.9191 18.0549 38.4341 18.19 38.8626 18.4607C39.2911 18.7314 39.6139 19.0866 39.832 19.5264C40.0501 19.9657 40.1588 20.4339 40.1588 20.9299V21.5048Z" fill="white"></path><path d="M16.3879 25.558H17.7399L19.2454 29.4977L20.751 25.558H22.1029V31.8684H20.9309V28.0282L19.6873 31.2915H18.8035L17.5599 28.0282V31.8684H16.3879V25.558Z" fill="white"></path><path d="M25.4058 30.7146C25.6131 30.5341 25.7167 30.3119 25.7167 30.0474V29.9216H24.8335C24.5746 29.9216 24.3689 29.971 24.2158 30.07C24.0626 30.169 23.9858 30.3057 23.9858 30.48C23.9858 30.6424 24.0415 30.7671 24.1529 30.8543C24.2637 30.9414 24.4277 30.9847 24.6437 30.9847C24.9443 30.9847 25.1985 30.8945 25.4058 30.7146ZM23.6074 31.7782C23.3671 31.67 23.1748 31.5122 23.0304 31.3049C22.886 31.0976 22.8138 30.8496 22.8138 30.5609C22.8138 30.1046 22.9855 29.7364 23.3279 29.457C23.6703 29.1775 24.1333 29.0378 24.7159 29.0378H25.7167V28.8754C25.7167 28.6413 25.6357 28.4531 25.4733 28.3118C25.3109 28.1711 25.0918 28.1004 24.8154 28.1004C24.5927 28.1004 24.3916 28.1592 24.2111 28.2763C24.0312 28.3933 23.8956 28.5299 23.8059 28.6862L22.9494 28.1726C23.1113 27.8782 23.3516 27.6333 23.6703 27.4379C23.9889 27.2425 24.3705 27.145 24.8154 27.145C25.4522 27.145 25.9482 27.2982 26.3024 27.6044C26.6572 27.9112 26.8345 28.3526 26.8345 28.9295V31.8685H25.9152L25.7621 31.2735C25.6115 31.4776 25.4207 31.6401 25.1892 31.7602C24.9582 31.8803 24.686 31.9401 24.3735 31.9401C24.1029 31.9401 23.8476 31.8865 23.6074 31.7782Z" fill="white"></path><path d="M27.8214 30.3V28.1726H27.1182V27.2167H27.8214V26.4417L28.9393 25.7384V27.2167H30.1381V28.1726H28.9393V30.2458C28.9393 30.6903 29.1166 30.9125 29.4709 30.9125C29.6333 30.9125 29.7895 30.8496 29.9395 30.7233L30.4443 31.5797C30.2881 31.706 30.1169 31.7978 29.9308 31.855C29.7446 31.9117 29.5549 31.9401 29.3626 31.9401C28.3355 31.9401 27.8214 31.3936 27.8214 30.3Z" fill="white"></path><path d="M31.5487 31.6339C31.194 31.4297 30.9176 31.1456 30.7196 30.7821C30.5211 30.4186 30.4221 30.0056 30.4221 29.5426C30.4221 29.0801 30.5211 28.6666 30.7196 28.3031C30.9176 27.9396 31.194 27.6555 31.5487 27.4513C31.9034 27.2471 32.3087 27.145 32.7655 27.145C33.7993 27.145 34.4995 27.5683 34.8661 28.416L33.8473 28.8754C33.6132 28.4067 33.2528 28.1726 32.7655 28.1726C32.417 28.1726 32.1288 28.2989 31.9004 28.5511C31.6719 28.8037 31.558 29.1342 31.558 29.5426C31.558 29.9509 31.6719 30.282 31.9004 30.5341C32.1288 30.7867 32.417 30.9125 32.7655 30.9125C33.2528 30.9125 33.6132 30.6785 33.8473 30.2098L34.8661 30.6697C34.4995 31.5168 33.7993 31.9401 32.7655 31.9401C32.3087 31.9401 31.9034 31.8386 31.5487 31.6339Z" fill="white"></path><path d="M35.3998 25.4863H36.5176V27.9473C36.662 27.707 36.8615 27.5132 37.1167 27.3657C37.3725 27.2188 37.6592 27.145 37.9778 27.145C38.4702 27.145 38.8579 27.2909 39.1405 27.5823C39.423 27.8736 39.5643 28.2804 39.5643 28.8037V31.8685H38.4465V29.0285C38.4465 28.7522 38.3758 28.5408 38.2346 28.3933C38.0933 28.2458 37.8907 28.1726 37.6262 28.1726C37.3199 28.1726 37.0585 28.3093 36.8419 28.5825C36.6254 28.8558 36.5176 29.275 36.5176 29.8401V31.8685H35.3998V25.4863Z" fill="white"></path></svg><p class="styled__StyledBodyText-sc-119w3hf-5 ggtTyf styled__DarkGreyBodyText-jk5kya-0 iwRWTH">Aldi Price Match</p></div></div></div></div></div></div></div></li><li class="product-list--list-item"><div class="styles__StyledVerticalTileWrapper-dvv1wj-0 dtCNPH"><div data-auto="product-tile" data-auto-type="Quantity" data-auto-available="true" data-auto-is-restricted-disabled="false" data-auto-is-substitute="false" class="styles__StyledVerticalTile-dvv1wj-1 gSCsYK"><div class="styles__StyledTileContentWrapper-dvv1wj-2 bkNhNP beans"><div id="tile-250412245" data-auto-id="250412245" class="styles__StyledTiledContent-dvv1wj-3 bcglTg"><a href="https://www.tesco.com/groceries/en-GB/products/250412245" aria-hidden="true" class="product-image-wrapper" tabindex="1"><div class="product-image__container"><picture><img class="styled__Image-sjvkdn-0 bJErKA product-image beans-responsive-image__image" src="data:image/gif;base64,R0lGODlhAQABAAAAACH5BAEKAAEALAAAAAABAAEAAAICTAEAOw==" srcset="https://digitalcontent.api.tesco.com/v2/media/ghs/794cd47d-cf12-4411-baf0-51a137e49207/44437a87-3ed8-4195-8851-5610e97cb225_1823829477.jpeg?h=225&amp;w=225 768w, data:image/gif;base64,R0lGODlhAQABAAAAACH5BAEKAAEALAAAAAABAAEAAAICTAEAOw== 4000w" alt="Tesco Cream Of Tomato Soup 400G"></picture></div></a><div class="product-details--wrapper"><h3 class="styles__H3-oa5soe-0 bCKNNq"><a href="https://www.tesco.com/groceries/en-GB/products/250412245" class="styled__Anchor-sc-1xbujuz-0 csVOnh beans-link__anchor" data-auto="product-tile--title"><span class="styled__Text-sc-1xbujuz-1 ldbwMG beans-link__text">Tesco Cream Of Tomato Soup 400G</span></a></h3><div class="styles__StyledPromotionsAboveMobile-dvv1wj-7 iPTMuo"></div><div class="styles__StyledProductDetailsContent-dvv1wj-5 ddRSrq"><a href="https://www.tesco.com/groceries/en-GB/reviews/submission/250412245?from=%2Fshop%2Ffood-cupboard%2Fall" aria-label="Write a review for Tesco Cream Of Tomato Soup 400G" class="styled__Anchor-sc-1xbujuz-0 jSzuDt write-a-review-link beans-link__anchor" data-auto="review-link"><span class="styled__Text-sc-1xbujuz-1 fyDIEo beans-link__text">Write a review</span><span class="styled__IconContainer-sc-1xbujuz-2 bSauSL beans-link__icon-container"><svg aria-hidden="true" class="styled__SVG-xxa4wh-1 hQMCqc beans-link__icon beans-icon__svg" height="13.33" preserveAspectRatio="xMinYMax meet" viewBox="-1 0 12 20" width="8" xmlns="http://www.w3.org/2000/svg" color="currentColor"><path d="M1.312 1.348L10.276 10l-8.964 8.644" fill="none" stroke="currentColor"></path></svg></span></a><div><a href="https://www.tesco.com/groceries/en-GB/shop/food-cupboard/tins-cans-and-packets/tinned-and-packet-soup/everyday-tinned-soup" class="styled__Anchor-sc-1xbujuz-0 jSzuDt rest-of-shelf-link beans-link__anchor" data-auto="rest-of-shelf-link"><span class="styled__Text-sc-1xbujuz-1 fyDIEo beans-link__text">Rest of <span class="visually-hidden">Everyday Tinned Soup</span> shelf</span><span class="styled__IconContainer-sc-1xbujuz-2 bSauSL beans-link__icon-container"><svg aria-hidden="true" class="styled__SVG-xxa4wh-1 hQMCqc beans-link__icon beans-icon__svg" height="13.33" preserveAspectRatio="xMinYMax meet" viewBox="-1 0 12 20" width="8" xmlns="http://www.w3.org/2000/svg" color="currentColor"><path d="M1.312 1.348L10.276 10l-8.964 8.644" fill="none" stroke="currentColor"></path></svg></span></a></div><div class="product-info-message-section"><div class="product-info-message-list"></div></div></div><div class="styles__StyledBuyBoxWrapper-dvv1wj-4 dSvjUC"><div class="styles__StyledBuyBoxContainer-sc-1wx0qp6-0 erryje" data-auto="buybox-container"><div class="styles__SafeFormWrapper-jtpu2t-0 lcrYKS"><form action="https://www.tesco.com/groceries/en-GB/trolley/items/250412245?_method=PUT" method="POST"><input type="submit" class="hidden"><input name="id" type="hidden" value="250412245"><input name="identifier" type="hidden" value="Page"><input name="anchorId" type="hidden" value="#tile-250412245"><input name="returnUrl" type="hidden" value="/groceries/en-GB/shop/food-cupboard/all?redirectIfUnavailable=true#tile-250412245"><input name="backToUrl" type="hidden" value="#"><input name="oldValue" type="hidden" value="0"><input name="oldUnitChoice" type="hidden" value="pcs"><input name="newUnitChoice" type="hidden" value="pcs"><div class="base-components__RootElement-sc-1mosoyj-1 styled__Container-sc-6nhkzi-0 jptQqM hSNpTb beans-buybox__container"><div class="base-components__BaseElement-sc-1mosoyj-0 styled__PriceAndActions-sc-6nhkzi-3 oznwo eEPLov beans-buybox__price-and-actions"><div class="base-components__RootElement-sc-1mosoyj-1 styled__Container-sc-8qlq5b-0 jptQqM bgZrjw styled__StyledPrice-sc-6nhkzi-5 iYHeik beans-buybox__price beans-price__container"><p class="styled__StyledHeading-sc-119w3hf-2 jWPEtj styled__Text-sc-8qlq5b-1 lnaeiZ beans-price__text">£0.60</p><p class="styled__StyledFootnote-sc-119w3hf-7 icrlVF styled__Subtext-sc-8qlq5b-2 bNJmdc beans-price__subtext">£0.15/100g</p></div><div class="base-components__RootElement-sc-1mosoyj-1 styled__Container-vtxwzb-0 jptQqM bDFhXJ beans-buybox__actions beans-quantity-controls__container"><div class="base-components__RootElement-sc-1mosoyj-1 styled__Container-sc-16t2b2a-0 jptQqM PUfgZ styled__StyledFormGroup-vtxwzb-1 kzKuAr beans-quantity-controls__form-group beans-form-group__container"><label class="styled__StyledLabel-sc-1ttuvhr-0 izGEjV beans-form-group__label beans-label" for="quantity-controls-250412245">Quantity controls </label><div class="base-components__BaseElement-sc-1mosoyj-0 styled__Children-sc-16t2b2a-3 oznwo gdJvjO beans-form-group__children"><div class="styled__StyledQuantityControlWrapper-vtxwzb-6 LCxOg"><label id="quantity-controls-250412245-label" class="styled__VisuallyHiddenLabel-vtxwzb-7 gXlLiM">Quantity of Tesco Cream Of Tomato Soup 400G</label><div class="component__Wrapper-sc-1kpmik-3 dReplG input-wrapper"><input class="base-components__RootElement-sc-1mosoyj-1 styled__StyledInput-sc-1jd5f57-0 component__StyledAsInput-sc-1kpmik-4 jptQqM eJLlow styled__StyledInput-vtxwzb-3 lwMHo beans-quantity-controls__input beans-input" data-auto="beans-quantity-controls-input" autocomplete="off" id="quantity-controls-250412245" maxlength="2" name="newValue" type="number" aria-labelledby="quantity-controls-250412245-label" value="1"></div></div><button class="styled__BaseButton-rsekm1-0 styled__PrimaryButton-rsekm1-2 jChbeY geeWOF styled__StyledButton-vtxwzb-5 japAxb beans-quantity-controls__add-button beans-button__container" type="submit" data-auto="beans-quantity-controls-add-button" aria-label="Quantity of Tesco Cream Of Tomato Soup 400G"><span class="base-components__BaseElement-sc-1mosoyj-0 styled__InnerContainer-rsekm1-1 oznwo fuFres beans-button__inner-container"><span class="base-components__BaseElement-sc-1mosoyj-0 styled__TextSpan-rsekm1-4 oznwo GDiMp beans-button__text">Add</span></span></button></div></div></div></div></div><input name="_csrf" type="hidden" value="92xA6FXg-W2XHhQLLDKqjWuqmpStG0svGR_s"></form></div></div></div></div><div class="hidden-medium product-info-section-small"><div class="product-info-message-list"></div></div></div></div></div></div></li><li class="product-list--list-item"><div class="styles__StyledVerticalTileWrapper-dvv1wj-0 dtCNPH"><div data-auto="product-tile" data-auto-type="Quantity" data-auto-available="true" data-auto-is-restricted-disabled="false" data-auto-is-substitute="false" class="styles__StyledVerticalTile-dvv1wj-1 gSCsYK"><div class="styles__StyledTileContentWrapper-dvv1wj-2 bkNhNP beans"><div id="tile-300661949" data-auto-id="300661949" class="styles__StyledTiledContent-dvv1wj-3 bcglTg"><a href="https://www.tesco.com/groceries/en-GB/products/300661949" aria-hidden="true" class="product-image-wrapper" tabindex="1"><div class="product-image__container"><picture><img class="styled__Image-sjvkdn-0 bJErKA product-image beans-responsive-image__image" src="data:image/gif;base64,R0lGODlhAQABAAAAACH5BAEKAAEALAAAAAABAAEAAAICTAEAOw==" srcset="https://digitalcontent.api.tesco.com/v2/media/ghs/a587968f-1361-4ceb-a87f-9e7063a52390/819c8d48-8b4f-4ada-b6b2-641aecbc3a95.jpeg?h=225&amp;w=225 768w, data:image/gif;base64,R0lGODlhAQABAAAAACH5BAEKAAEALAAAAAABAAEAAAICTAEAOw== 4000w" alt="Growers Harvest Unsweetened Soya Drink 1L"></picture></div></a><div class="product-details--wrapper"><h3 class="styles__H3-oa5soe-0 bCKNNq"><a href="https://www.tesco.com/groceries/en-GB/products/300661949" class="styled__Anchor-sc-1xbujuz-0 csVOnh beans-link__anchor" data-auto="product-tile--title"><span class="styled__Text-sc-1xbujuz-1 ldbwMG beans-link__text">Growers Harvest Unsweetened Soya Drink 1L</span></a></h3><div class="styles__StyledPromotionsAboveMobile-dvv1wj-7 iPTMuo"></div><div class="styles__StyledProductDetailsContent-dvv1wj-5 ddRSrq"><a href="https://www.tesco.com/groceries/en-GB/reviews/submission/300661949?from=%2Fshop%2Ffood-cupboard%2Fall" aria-label="Write a review for Growers Harvest Unsweetened Soya Drink 1L" class="styled__Anchor-sc-1xbujuz-0 jSzuDt write-a-review-link beans-link__anchor" data-auto="review-link"><span class="styled__Text-sc-1xbujuz-1 fyDIEo beans-link__text">Write a review</span><span class="styled__IconContainer-sc-1xbujuz-2 bSauSL beans-link__icon-container"><svg aria-hidden="true" class="styled__SVG-xxa4wh-1 hQMCqc beans-link__icon beans-icon__svg" height="13.33" preserveAspectRatio="xMinYMax meet" viewBox="-1 0 12 20" width="8" xmlns="http://www.w3.org/2000/svg" color="currentColor"><path d="M1.312 1.348L10.276 10l-8.964 8.644" fill="none" stroke="currentColor"></path></svg></span></a><div><a href="https://www.tesco.com/groceries/en-GB/shop/fresh-food/dairy-free-and-dairy-alternatives/dairy-free-drinks/soya-drinks" class="styled__Anchor-sc-1xbujuz-0 jSzuDt rest-of-shelf-link beans-link__anchor" data-auto="rest-of-shelf-link"><span class="styled__Text-sc-1xbujuz-1 fyDIEo beans-link__text">Rest of <span class="visually-hidden">Soya Drinks</span> shelf</span><span class="styled__IconContainer-sc-1xbujuz-2 bSauSL beans-link__icon-container"><svg aria-hidden="true" class="styled__SVG-xxa4wh-1 hQMCqc beans-link__icon beans-icon__svg" height="13.33" preserveAspectRatio="xMinYMax meet" viewBox="-1 0 12 20" width="8" xmlns="http://www.w3.org/2000/svg" color="currentColor"><path d="M1.312 1.348L10.276 10l-8.964 8.644" fill="none" stroke="currentColor"></path></svg></span></a></div><div class="product-info-message-section"><div class="product-info-message-list"><div class="styled__WhiteBackground-sc-9yzfq2-1 jthPIJ"><svg width="56" height="56" viewBox="0 0 56 56" fill="none" xmlns="http://www.w3.org/2000/svg"><path d="M52.1301 27.8766C52.1301 14.5534 41.3293 3.75308 28.0066 3.75308C14.6834 3.75308 3.88306 14.5534 3.88306 27.8766C3.88306 41.1998 14.6834 52.0002 28.0066 52.0002C41.3293 52.0002 52.1301 41.1998 52.1301 27.8766Z" fill="#EE1C2E"></path><path d="M19.6853 36.5687L31.8169 48.6998L52.6633 27.8998L51.9894 23.0423L31.886 43.1452L22.5438 33.803L19.6853 36.5687Z" fill="white"></path><path d="M24.2699 12.0048L23.5594 9.93467L22.8484 12.0048H24.2699ZM24.6345 13.0711H22.4844L21.9776 14.5375H20.7515L22.9815 8.31722H24.1369L26.3669 14.5375H25.1408L24.6345 13.0711Z" fill="white"></path><path d="M27.8359 14.5375H26.734V8.24609H27.8359V14.5375Z" fill="white"></path><path d="M31.5684 13.2309C31.7849 12.9886 31.8927 12.6597 31.8927 12.2446C31.8927 11.8306 31.7849 11.5016 31.5684 11.2588C31.3524 11.0159 31.0811 10.8942 30.7558 10.8942C30.4299 10.8942 30.1587 11.0159 29.9427 11.2588C29.7267 11.5016 29.6184 11.8306 29.6184 12.2446C29.6184 12.6597 29.7267 12.9886 29.9427 13.2309C30.1587 13.4738 30.4299 13.5955 30.7558 13.5955C31.0811 13.5955 31.3524 13.4738 31.5684 13.2309ZM29.4673 14.3065C29.159 14.1049 28.9177 13.8234 28.7429 13.4619C28.5681 13.101 28.481 12.6952 28.481 12.2446C28.481 11.7888 28.5655 11.3815 28.7341 11.0231C28.9032 10.6648 29.1384 10.3848 29.4405 10.1837C29.7426 9.98212 30.0891 9.88158 30.48 9.88158C30.7883 9.88158 31.0579 9.93624 31.2889 10.0455C31.5199 10.1554 31.6978 10.3106 31.8221 10.5122V8.24609H32.9239V14.5375H31.8221V13.9863C31.6916 14.1704 31.5137 14.3194 31.2889 14.4349C31.0636 14.5504 30.797 14.6086 30.4892 14.6086C30.1159 14.6086 29.7751 14.5076 29.4673 14.3065Z" fill="white"></path><path d="M34.9657 14.5375H33.8638V9.95224H34.9657V14.5375ZM33.9082 8.34408C34.0443 8.20796 34.2129 8.1399 34.4145 8.1399C34.6161 8.1399 34.7847 8.20796 34.9208 8.34408C35.0574 8.48071 35.1255 8.64931 35.1255 8.8504C35.1255 9.052 35.0574 9.22112 34.9208 9.35724C34.7847 9.49336 34.6161 9.56142 34.4145 9.56142C34.2129 9.56142 34.0443 9.49336 33.9082 9.35724C33.7715 9.22112 33.704 9.052 33.704 8.8504C33.704 8.64931 33.7715 8.48071 33.9082 8.34408Z" fill="white"></path><path d="M19.6791 19.3347C19.8894 19.1506 19.9946 18.8779 19.9946 18.5169C19.9946 18.1565 19.8894 17.8838 19.6791 17.6997C19.4682 17.5156 19.183 17.4233 18.8221 17.4233H17.5027V19.6111H18.8221C19.183 19.6111 19.4682 19.5188 19.6791 19.3347ZM17.5027 23.9628H16.0374V16.0704H18.9345C19.461 16.0704 19.9157 16.1776 20.2988 16.3921C20.6824 16.6061 20.9753 16.8995 21.1784 17.2712C21.3816 17.6435 21.4826 18.0586 21.4826 18.5169C21.4826 18.9758 21.3816 19.3909 21.1784 19.7632C20.9753 20.1354 20.6824 20.4283 20.2988 20.6423C19.9157 20.8568 19.461 20.9635 18.9345 20.9635H17.5027V23.9628Z" fill="white"></path><path d="M22.0396 18.1451H23.4379V19.0248C23.6029 18.7087 23.8359 18.4684 24.1365 18.3029C24.4376 18.1374 24.7717 18.0549 25.1404 18.0549C25.5235 18.0549 25.8241 18.1415 26.0422 18.3143L25.5689 19.4981C25.3729 19.3929 25.1662 19.3403 24.9486 19.3403C24.5124 19.3403 24.152 19.528 23.8663 19.9039C23.5802 20.2797 23.4379 20.8582 23.4379 21.6404V23.9627H22.0396V18.1451Z" fill="white"></path><path d="M27.8879 23.9627H26.4896V18.1451H27.8879V23.9627ZM26.5458 16.1044C26.7191 15.9316 26.933 15.845 27.1888 15.845C27.444 15.845 27.658 15.9316 27.8312 16.1044C28.0039 16.2771 28.0906 16.4916 28.0906 16.7468C28.0906 17.0026 28.0039 17.217 27.8312 17.3898C27.658 17.5625 27.444 17.6491 27.1888 17.6491C26.933 17.6491 26.7191 17.5625 26.5458 17.3898C26.3731 17.217 26.287 17.0026 26.287 16.7468C26.287 16.4916 26.3731 16.2771 26.5458 16.1044Z" fill="white"></path><path d="M30.0603 23.6693C29.6168 23.4141 29.2714 23.0588 29.0234 22.6041C28.7754 22.1493 28.6511 21.6327 28.6511 21.0537C28.6511 20.4752 28.7754 19.9585 29.0234 19.5038C29.2714 19.049 29.6168 18.6937 30.0603 18.438C30.5037 18.1828 31.011 18.0549 31.5823 18.0549C32.8749 18.0549 33.751 18.585 34.2093 19.6445L32.9353 20.2199C32.6424 19.6332 32.1913 19.3403 31.5823 19.3403C31.1466 19.3403 30.7857 19.4981 30.5001 19.8136C30.2144 20.1297 30.0716 20.5427 30.0716 21.0537C30.0716 21.5651 30.2144 21.9787 30.5001 22.2942C30.7857 22.6097 31.1466 22.7675 31.5823 22.7675C32.1913 22.7675 32.6424 22.4747 32.9353 21.8884L34.2093 22.4633C33.751 23.5229 32.8749 24.0529 31.5823 24.0529C31.011 24.0529 30.5037 23.9251 30.0603 23.6693Z" fill="white"></path><path d="M38.727 20.3999C38.6744 20.0694 38.5223 19.7987 38.2707 19.5883C38.0186 19.3779 37.7015 19.2728 37.3179 19.2728C36.9946 19.2728 36.7048 19.3723 36.4496 19.5713C36.1939 19.7708 36.0175 20.0467 35.9196 20.3999H38.727ZM40.1588 21.5048H35.8633C35.9381 21.9333 36.115 22.2586 36.3934 22.4803C36.6713 22.702 37.0095 22.8129 37.4081 22.8129C37.7386 22.8129 38.015 22.7433 38.2367 22.6041C38.4584 22.4649 38.6708 22.253 38.874 21.9673L40.0573 22.6097C39.7716 23.0759 39.4092 23.4327 38.9693 23.6812C38.5295 23.9287 37.983 24.0529 37.3292 24.0529C36.7125 24.0529 36.1846 23.9086 35.7453 23.6188C35.3055 23.3295 34.9765 22.9557 34.7584 22.4968C34.5403 22.0385 34.4315 21.5574 34.4315 21.0537C34.4315 20.5504 34.546 20.0694 34.7754 19.611C35.0044 19.1526 35.3374 18.7783 35.7731 18.4891C36.2088 18.1998 36.7239 18.0549 37.3179 18.0549C37.9191 18.0549 38.4341 18.19 38.8626 18.4607C39.2911 18.7314 39.6139 19.0866 39.832 19.5264C40.0501 19.9657 40.1588 20.4339 40.1588 20.9299V21.5048Z" fill="white"></path><path d="M16.3879 25.558H17.7399L19.2454 29.4977L20.751 25.558H22.1029V31.8684H20.9309V28.0282L19.6873 31.2915H18.8035L17.5599 28.0282V31.8684H16.3879V25.558Z" fill="white"></path><path d="M25.4058 30.7146C25.6131 30.5341 25.7167 30.3119 25.7167 30.0474V29.9216H24.8335C24.5746 29.9216 24.3689 29.971 24.2158 30.07C24.0626 30.169 23.9858 30.3057 23.9858 30.48C23.9858 30.6424 24.0415 30.7671 24.1529 30.8543C24.2637 30.9414 24.4277 30.9847 24.6437 30.9847C24.9443 30.9847 25.1985 30.8945 25.4058 30.7146ZM23.6074 31.7782C23.3671 31.67 23.1748 31.5122 23.0304 31.3049C22.886 31.0976 22.8138 30.8496 22.8138 30.5609C22.8138 30.1046 22.9855 29.7364 23.3279 29.457C23.6703 29.1775 24.1333 29.0378 24.7159 29.0378H25.7167V28.8754C25.7167 28.6413 25.6357 28.4531 25.4733 28.3118C25.3109 28.1711 25.0918 28.1004 24.8154 28.1004C24.5927 28.1004 24.3916 28.1592 24.2111 28.2763C24.0312 28.3933 23.8956 28.5299 23.8059 28.6862L22.9494 28.1726C23.1113 27.8782 23.3516 27.6333 23.6703 27.4379C23.9889 27.2425 24.3705 27.145 24.8154 27.145C25.4522 27.145 25.9482 27.2982 26.3024 27.6044C26.6572 27.9112 26.8345 28.3526 26.8345 28.9295V31.8685H25.9152L25.7621 31.2735C25.6115 31.4776 25.4207 31.6401 25.1892 31.7602C24.9582 31.8803 24.686 31.9401 24.3735 31.9401C24.1029 31.9401 23.8476 31.8865 23.6074 31.7782Z" fill="white"></path><path d="M27.8214 30.3V28.1726H27.1182V27.2167H27.8214V26.4417L28.9393 25.7384V27.2167H30.1381V28.1726H28.9393V30.2458C28.9393 30.6903 29.1166 30.9125 29.4709 30.9125C29.6333 30.9125 29.7895 30.8496 29.9395 30.7233L30.4443 31.5797C30.2881 31.706 30.1169 31.7978 29.9308 31.855C29.7446 31.9117 29.5549 31.9401 29.3626 31.9401C28.3355 31.9401 27.8214 31.3936 27.8214 30.3Z" fill="white"></path><path d="M31.5487 31.6339C31.194 31.4297 30.9176 31.1456 30.7196 30.7821C30.5211 30.4186 30.4221 30.0056 30.4221 29.5426C30.4221 29.0801 30.5211 28.6666 30.7196 28.3031C30.9176 27.9396 31.194 27.6555 31.5487 27.4513C31.9034 27.2471 32.3087 27.145 32.7655 27.145C33.7993 27.145 34.4995 27.5683 34.8661 28.416L33.8473 28.8754C33.6132 28.4067 33.2528 28.1726 32.7655 28.1726C32.417 28.1726 32.1288 28.2989 31.9004 28.5511C31.6719 28.8037 31.558 29.1342 31.558 29.5426C31.558 29.9509 31.6719 30.282 31.9004 30.5341C32.1288 30.7867 32.417 30.9125 32.7655 30.9125C33.2528 30.9125 33.6132 30.6785 33.8473 30.2098L34.8661 30.6697C34.4995 31.5168 33.7993 31.9401 32.7655 31.9401C32.3087 31.9401 31.9034 31.8386 31.5487 31.6339Z" fill="white"></path><path d="M35.3998 25.4863H36.5176V27.9473C36.662 27.707 36.8615 27.5132 37.1167 27.3657C37.3725 27.2188 37.6592 27.145 37.9778 27.145C38.4702 27.145 38.8579 27.2909 39.1405 27.5823C39.423 27.8736 39.5643 28.2804 39.5643 28.8037V31.8685H38.4465V29.0285C38.4465 28.7522 38.3758 28.5408 38.2346 28.3933C38.0933 28.2458 37.8907 28.1726 37.6262 28.1726C37.3199 28.1726 37.0585 28.3093 36.8419 28.5825C36.6254 28.8558 36.5176 29.275 36.5176 29.8401V31.8685H35.3998V25.4863Z" fill="white"></path></svg><p class="styled__StyledBodyText-sc-119w3hf-5 ggtTyf styled__DarkGreyBodyText-jk5kya-0 iwRWTH">Aldi Price Match</p></div></div></div></div><div class="styles__StyledBuyBoxWrapper-dvv1wj-4 dSvjUC"><div class="styles__StyledBuyBoxContainer-sc-1wx0qp6-0 erryje" data-auto="buybox-container"><div class="styles__SafeFormWrapper-jtpu2t-0 lcrYKS"><form action="https://www.tesco.com/groceries/en-GB/trolley/items/300661949?_method=PUT" method="POST"><input type="submit" class="hidden"><input name="id" type="hidden" value="300661949"><input name="identifier" type="hidden" value="Page"><input name="anchorId" type="hidden" value="#tile-300661949"><input name="returnUrl" type="hidden" value="/groceries/en-GB/shop/food-cupboard/all?redirectIfUnavailable=true#tile-300661949"><input name="backToUrl" type="hidden" value="#"><input name="oldValue" type="hidden" value="0"><input name="oldUnitChoice" type="hidden" value="pcs"><input name="newUnitChoice" type="hidden" value="pcs"><div class="base-components__RootElement-sc-1mosoyj-1 styled__Container-sc-6nhkzi-0 jptQqM hSNpTb beans-buybox__container"><div class="base-components__BaseElement-sc-1mosoyj-0 styled__PriceAndActions-sc-6nhkzi-3 oznwo eEPLov beans-buybox__price-and-actions"><div class="base-components__RootElement-sc-1mosoyj-1 styled__Container-sc-8qlq5b-0 jptQqM bgZrjw styled__StyledPrice-sc-6nhkzi-5 iYHeik beans-buybox__price beans-price__container"><p class="styled__StyledHeading-sc-119w3hf-2 jWPEtj styled__Text-sc-8qlq5b-1 lnaeiZ beans-price__text">£0.55</p><p class="styled__StyledFootnote-sc-119w3hf-7 icrlVF styled__Subtext-sc-8qlq5b-2 bNJmdc beans-price__subtext">£0.55/litre</p></div><div class="base-components__RootElement-sc-1mosoyj-1 styled__Container-vtxwzb-0 jptQqM bDFhXJ beans-buybox__actions beans-quantity-controls__container"><div class="base-components__RootElement-sc-1mosoyj-1 styled__Container-sc-16t2b2a-0 jptQqM PUfgZ styled__StyledFormGroup-vtxwzb-1 kzKuAr beans-quantity-controls__form-group beans-form-group__container"><label class="styled__StyledLabel-sc-1ttuvhr-0 izGEjV beans-form-group__label beans-label" for="quantity-controls-300661949">Quantity controls </label><div class="base-components__BaseElement-sc-1mosoyj-0 styled__Children-sc-16t2b2a-3 oznwo gdJvjO beans-form-group__children"><div class="styled__StyledQuantityControlWrapper-vtxwzb-6 LCxOg"><label id="quantity-controls-300661949-label" class="styled__VisuallyHiddenLabel-vtxwzb-7 gXlLiM">Quantity of Growers Harvest Unsweetened Soya Drink 1L</label><div class="component__Wrapper-sc-1kpmik-3 dReplG input-wrapper"><input class="base-components__RootElement-sc-1mosoyj-1 styled__StyledInput-sc-1jd5f57-0 component__StyledAsInput-sc-1kpmik-4 jptQqM eJLlow styled__StyledInput-vtxwzb-3 lwMHo beans-quantity-controls__input beans-input" data-auto="beans-quantity-controls-input" autocomplete="off" id="quantity-controls-300661949" maxlength="2" name="newValue" type="number" aria-labelledby="quantity-controls-300661949-label" value="1"></div></div><button class="styled__BaseButton-rsekm1-0 styled__PrimaryButton-rsekm1-2 jChbeY geeWOF styled__StyledButton-vtxwzb-5 japAxb beans-quantity-controls__add-button beans-button__container" type="submit" data-auto="beans-quantity-controls-add-button" aria-label="Quantity of Growers Harvest Unsweetened Soya Drink 1L"><span class="base-components__BaseElement-sc-1mosoyj-0 styled__InnerContainer-rsekm1-1 oznwo fuFres beans-button__inner-container"><span class="base-components__BaseElement-sc-1mosoyj-0 styled__TextSpan-rsekm1-4 oznwo GDiMp beans-button__text">Add</span></span></button></div></div></div></div></div><input name="_csrf" type="hidden" value="92xA6FXg-W2XHhQLLDKqjWuqmpStG0svGR_s"></form></div></div></div></div><div class="hidden-medium product-info-section-small"><div class="product-info-message-list"><div class="styled__WhiteBackground-sc-9yzfq2-1 jthPIJ"><svg width="56" height="56" viewBox="0 0 56 56" fill="none" xmlns="http://www.w3.org/2000/svg"><path d="M52.1301 27.8766C52.1301 14.5534 41.3293 3.75308 28.0066 3.75308C14.6834 3.75308 3.88306 14.5534 3.88306 27.8766C3.88306 41.1998 14.6834 52.0002 28.0066 52.0002C41.3293 52.0002 52.1301 41.1998 52.1301 27.8766Z" fill="#EE1C2E"></path><path d="M19.6853 36.5687L31.8169 48.6998L52.6633 27.8998L51.9894 23.0423L31.886 43.1452L22.5438 33.803L19.6853 36.5687Z" fill="white"></path><path d="M24.2699 12.0048L23.5594 9.93467L22.8484 12.0048H24.2699ZM24.6345 13.0711H22.4844L21.9776 14.5375H20.7515L22.9815 8.31722H24.1369L26.3669 14.5375H25.1408L24.6345 13.0711Z" fill="white"></path><path d="M27.8359 14.5375H26.734V8.24609H27.8359V14.5375Z" fill="white"></path><path d="M31.5684 13.2309C31.7849 12.9886 31.8927 12.6597 31.8927 12.2446C31.8927 11.8306 31.7849 11.5016 31.5684 11.2588C31.3524 11.0159 31.0811 10.8942 30.7558 10.8942C30.4299 10.8942 30.1587 11.0159 29.9427 11.2588C29.7267 11.5016 29.6184 11.8306 29.6184 12.2446C29.6184 12.6597 29.7267 12.9886 29.9427 13.2309C30.1587 13.4738 30.4299 13.5955 30.7558 13.5955C31.0811 13.5955 31.3524 13.4738 31.5684 13.2309ZM29.4673 14.3065C29.159 14.1049 28.9177 13.8234 28.7429 13.4619C28.5681 13.101 28.481 12.6952 28.481 12.2446C28.481 11.7888 28.5655 11.3815 28.7341 11.0231C28.9032 10.6648 29.1384 10.3848 29.4405 10.1837C29.7426 9.98212 30.0891 9.88158 30.48 9.88158C30.7883 9.88158 31.0579 9.93624 31.2889 10.0455C31.5199 10.1554 31.6978 10.3106 31.8221 10.5122V8.24609H32.9239V14.5375H31.8221V13.9863C31.6916 14.1704 31.5137 14.3194 31.2889 14.4349C31.0636 14.5504 30.797 14.6086 30.4892 14.6086C30.1159 14.6086 29.7751 14.5076 29.4673 14.3065Z" fill="white"></path><path d="M34.9657 14.5375H33.8638V9.95224H34.9657V14.5375ZM33.9082 8.34408C34.0443 8.20796 34.2129 8.1399 34.4145 8.1399C34.6161 8.1399 34.7847 8.20796 34.9208 8.34408C35.0574 8.48071 35.1255 8.64931 35.1255 8.8504C35.1255 9.052 35.0574 9.22112 34.9208 9.35724C34.7847 9.49336 34.6161 9.56142 34.4145 9.56142C34.2129 9.56142 34.0443 9.49336 33.9082 9.35724C33.7715 9.22112 33.704 9.052 33.704 8.8504C33.704 8.64931 33.7715 8.48071 33.9082 8.34408Z" fill="white"></path><path d="M19.6791 19.3347C19.8894 19.1506 19.9946 18.8779 19.9946 18.5169C19.9946 18.1565 19.8894 17.8838 19.6791 17.6997C19.4682 17.5156 19.183 17.4233 18.8221 17.4233H17.5027V19.6111H18.8221C19.183 19.6111 19.4682 19.5188 19.6791 19.3347ZM17.5027 23.9628H16.0374V16.0704H18.9345C19.461 16.0704 19.9157 16.1776 20.2988 16.3921C20.6824 16.6061 20.9753 16.8995 21.1784 17.2712C21.3816 17.6435 21.4826 18.0586 21.4826 18.5169C21.4826 18.9758 21.3816 19.3909 21.1784 19.7632C20.9753 20.1354 20.6824 20.4283 20.2988 20.6423C19.9157 20.8568 19.461 20.9635 18.9345 20.9635H17.5027V23.9628Z" fill="white"></path><path d="M22.0396 18.1451H23.4379V19.0248C23.6029 18.7087 23.8359 18.4684 24.1365 18.3029C24.4376 18.1374 24.7717 18.0549 25.1404 18.0549C25.5235 18.0549 25.8241 18.1415 26.0422 18.3143L25.5689 19.4981C25.3729 19.3929 25.1662 19.3403 24.9486 19.3403C24.5124 19.3403 24.152 19.528 23.8663 19.9039C23.5802 20.2797 23.4379 20.8582 23.4379 21.6404V23.9627H22.0396V18.1451Z" fill="white"></path><path d="M27.8879 23.9627H26.4896V18.1451H27.8879V23.9627ZM26.5458 16.1044C26.7191 15.9316 26.933 15.845 27.1888 15.845C27.444 15.845 27.658 15.9316 27.8312 16.1044C28.0039 16.2771 28.0906 16.4916 28.0906 16.7468C28.0906 17.0026 28.0039 17.217 27.8312 17.3898C27.658 17.5625 27.444 17.6491 27.1888 17.6491C26.933 17.6491 26.7191 17.5625 26.5458 17.3898C26.3731 17.217 26.287 17.0026 26.287 16.7468C26.287 16.4916 26.3731 16.2771 26.5458 16.1044Z" fill="white"></path><path d="M30.0603 23.6693C29.6168 23.4141 29.2714 23.0588 29.0234 22.6041C28.7754 22.1493 28.6511 21.6327 28.6511 21.0537C28.6511 20.4752 28.7754 19.9585 29.0234 19.5038C29.2714 19.049 29.6168 18.6937 30.0603 18.438C30.5037 18.1828 31.011 18.0549 31.5823 18.0549C32.8749 18.0549 33.751 18.585 34.2093 19.6445L32.9353 20.2199C32.6424 19.6332 32.1913 19.3403 31.5823 19.3403C31.1466 19.3403 30.7857 19.4981 30.5001 19.8136C30.2144 20.1297 30.0716 20.5427 30.0716 21.0537C30.0716 21.5651 30.2144 21.9787 30.5001 22.2942C30.7857 22.6097 31.1466 22.7675 31.5823 22.7675C32.1913 22.7675 32.6424 22.4747 32.9353 21.8884L34.2093 22.4633C33.751 23.5229 32.8749 24.0529 31.5823 24.0529C31.011 24.0529 30.5037 23.9251 30.0603 23.6693Z" fill="white"></path><path d="M38.727 20.3999C38.6744 20.0694 38.5223 19.7987 38.2707 19.5883C38.0186 19.3779 37.7015 19.2728 37.3179 19.2728C36.9946 19.2728 36.7048 19.3723 36.4496 19.5713C36.1939 19.7708 36.0175 20.0467 35.9196 20.3999H38.727ZM40.1588 21.5048H35.8633C35.9381 21.9333 36.115 22.2586 36.3934 22.4803C36.6713 22.702 37.0095 22.8129 37.4081 22.8129C37.7386 22.8129 38.015 22.7433 38.2367 22.6041C38.4584 22.4649 38.6708 22.253 38.874 21.9673L40.0573 22.6097C39.7716 23.0759 39.4092 23.4327 38.9693 23.6812C38.5295 23.9287 37.983 24.0529 37.3292 24.0529C36.7125 24.0529 36.1846 23.9086 35.7453 23.6188C35.3055 23.3295 34.9765 22.9557 34.7584 22.4968C34.5403 22.0385 34.4315 21.5574 34.4315 21.0537C34.4315 20.5504 34.546 20.0694 34.7754 19.611C35.0044 19.1526 35.3374 18.7783 35.7731 18.4891C36.2088 18.1998 36.7239 18.0549 37.3179 18.0549C37.9191 18.0549 38.4341 18.19 38.8626 18.4607C39.2911 18.7314 39.6139 19.0866 39.832 19.5264C40.0501 19.9657 40.1588 20.4339 40.1588 20.9299V21.5048Z" fill="white"></path><path d="M16.3879 25.558H17.7399L19.2454 29.4977L20.751 25.558H22.1029V31.8684H20.9309V28.0282L19.6873 31.2915H18.8035L17.5599 28.0282V31.8684H16.3879V25.558Z" fill="white"></path><path d="M25.4058 30.7146C25.6131 30.5341 25.7167 30.3119 25.7167 30.0474V29.9216H24.8335C24.5746 29.9216 24.3689 29.971 24.2158 30.07C24.0626 30.169 23.9858 30.3057 23.9858 30.48C23.9858 30.6424 24.0415 30.7671 24.1529 30.8543C24.2637 30.9414 24.4277 30.9847 24.6437 30.9847C24.9443 30.9847 25.1985 30.8945 25.4058 30.7146ZM23.6074 31.7782C23.3671 31.67 23.1748 31.5122 23.0304 31.3049C22.886 31.0976 22.8138 30.8496 22.8138 30.5609C22.8138 30.1046 22.9855 29.7364 23.3279 29.457C23.6703 29.1775 24.1333 29.0378 24.7159 29.0378H25.7167V28.8754C25.7167 28.6413 25.6357 28.4531 25.4733 28.3118C25.3109 28.1711 25.0918 28.1004 24.8154 28.1004C24.5927 28.1004 24.3916 28.1592 24.2111 28.2763C24.0312 28.3933 23.8956 28.5299 23.8059 28.6862L22.9494 28.1726C23.1113 27.8782 23.3516 27.6333 23.6703 27.4379C23.9889 27.2425 24.3705 27.145 24.8154 27.145C25.4522 27.145 25.9482 27.2982 26.3024 27.6044C26.6572 27.9112 26.8345 28.3526 26.8345 28.9295V31.8685H25.9152L25.7621 31.2735C25.6115 31.4776 25.4207 31.6401 25.1892 31.7602C24.9582 31.8803 24.686 31.9401 24.3735 31.9401C24.1029 31.9401 23.8476 31.8865 23.6074 31.7782Z" fill="white"></path><path d="M27.8214 30.3V28.1726H27.1182V27.2167H27.8214V26.4417L28.9393 25.7384V27.2167H30.1381V28.1726H28.9393V30.2458C28.9393 30.6903 29.1166 30.9125 29.4709 30.9125C29.6333 30.9125 29.7895 30.8496 29.9395 30.7233L30.4443 31.5797C30.2881 31.706 30.1169 31.7978 29.9308 31.855C29.7446 31.9117 29.5549 31.9401 29.3626 31.9401C28.3355 31.9401 27.8214 31.3936 27.8214 30.3Z" fill="white"></path><path d="M31.5487 31.6339C31.194 31.4297 30.9176 31.1456 30.7196 30.7821C30.5211 30.4186 30.4221 30.0056 30.4221 29.5426C30.4221 29.0801 30.5211 28.6666 30.7196 28.3031C30.9176 27.9396 31.194 27.6555 31.5487 27.4513C31.9034 27.2471 32.3087 27.145 32.7655 27.145C33.7993 27.145 34.4995 27.5683 34.8661 28.416L33.8473 28.8754C33.6132 28.4067 33.2528 28.1726 32.7655 28.1726C32.417 28.1726 32.1288 28.2989 31.9004 28.5511C31.6719 28.8037 31.558 29.1342 31.558 29.5426C31.558 29.9509 31.6719 30.282 31.9004 30.5341C32.1288 30.7867 32.417 30.9125 32.7655 30.9125C33.2528 30.9125 33.6132 30.6785 33.8473 30.2098L34.8661 30.6697C34.4995 31.5168 33.7993 31.9401 32.7655 31.9401C32.3087 31.9401 31.9034 31.8386 31.5487 31.6339Z" fill="white"></path><path d="M35.3998 25.4863H36.5176V27.9473C36.662 27.707 36.8615 27.5132 37.1167 27.3657C37.3725 27.2188 37.6592 27.145 37.9778 27.145C38.4702 27.145 38.8579 27.2909 39.1405 27.5823C39.423 27.8736 39.5643 28.2804 39.5643 28.8037V31.8685H38.4465V29.0285C38.4465 28.7522 38.3758 28.5408 38.2346 28.3933C38.0933 28.2458 37.8907 28.1726 37.6262 28.1726C37.3199 28.1726 37.0585 28.3093 36.8419 28.5825C36.6254 28.8558 36.5176 29.275 36.5176 29.8401V31.8685H35.3998V25.4863Z" fill="white"></path></svg><p class="styled__StyledBodyText-sc-119w3hf-5 ggtTyf styled__DarkGreyBodyText-jk5kya-0 iwRWTH">Aldi Price Match</p></div></div></div></div></div></div></div></li><li class="product-list--list-item"><div class="styles__StyledVerticalTileWrapper-dvv1wj-0 dtCNPH"><div data-auto="product-tile" data-auto-type="Quantity" data-auto-available="true" data-auto-is-restricted-disabled="false" data-auto-is-substitute="false" class="styles__StyledVerticalTile-dvv1wj-1 gSCsYK"><div class="styles__StyledTileContentWrapper-dvv1wj-2 bkNhNP beans"><div id="tile-258083897" data-auto-id="258083897" class="styles__StyledTiledContent-dvv1wj-3 bcglTg"><a href="https://www.tesco.com/groceries/en-GB/products/258083897" aria-hidden="true" class="product-image-wrapper" tabindex="1"><div class="product-image__container"><picture><img class="styled__Image-sjvkdn-0 bJErKA product-image beans-responsive-image__image" src="data:image/gif;base64,R0lGODlhAQABAAAAACH5BAEKAAEALAAAAAABAAEAAAICTAEAOw==" srcset="https://digitalcontent.api.tesco.com/v2/media/ghs/5120ea1f-6e29-4047-8dad-dd174ab736e2/f5bc53ec-07d0-4d07-a2b2-f4310188d107_1961836765.jpeg?h=225&amp;w=225 768w, data:image/gif;base64,R0lGODlhAQABAAAAACH5BAEKAAEALAAAAAABAAEAAAICTAEAOw== 4000w" alt="Tesco Original Breadsticks 125G"></picture></div></a><div class="product-details--wrapper"><h3 class="styles__H3-oa5soe-0 bCKNNq"><a href="https://www.tesco.com/groceries/en-GB/products/258083897" class="styled__Anchor-sc-1xbujuz-0 csVOnh beans-link__anchor" data-auto="product-tile--title"><span class="styled__Text-sc-1xbujuz-1 ldbwMG beans-link__text">Tesco Original Breadsticks 125G</span></a></h3><div class="styles__StyledPromotionsAboveMobile-dvv1wj-7 iPTMuo"></div><div class="styles__StyledProductDetailsContent-dvv1wj-5 ddRSrq"><a href="https://www.tesco.com/groceries/en-GB/reviews/submission/258083897?from=%2Fshop%2Ffood-cupboard%2Fall" aria-label="Write a review for Tesco Original Breadsticks 125G" class="styled__Anchor-sc-1xbujuz-0 jSzuDt write-a-review-link beans-link__anchor" data-auto="review-link"><span class="styled__Text-sc-1xbujuz-1 fyDIEo beans-link__text">Write a review</span><span class="styled__IconContainer-sc-1xbujuz-2 bSauSL beans-link__icon-container"><svg aria-hidden="true" class="styled__SVG-xxa4wh-1 hQMCqc beans-link__icon beans-icon__svg" height="13.33" preserveAspectRatio="xMinYMax meet" viewBox="-1 0 12 20" width="8" xmlns="http://www.w3.org/2000/svg" color="currentColor"><path d="M1.312 1.348L10.276 10l-8.964 8.644" fill="none" stroke="currentColor"></path></svg></span></a><div><a href="https://www.tesco.com/groceries/en-GB/shop/food-cupboard/crackers-and-crispbreads/cheese-crackers-breadsticks-and-dipping/breadsticks-twists-and-straws" class="styled__Anchor-sc-1xbujuz-0 jSzuDt rest-of-shelf-link beans-link__anchor" data-auto="rest-of-shelf-link"><span class="styled__Text-sc-1xbujuz-1 fyDIEo beans-link__text">Rest of <span class="visually-hidden">Breadsticks, Twists &amp; Straws</span> shelf</span><span class="styled__IconContainer-sc-1xbujuz-2 bSauSL beans-link__icon-container"><svg aria-hidden="true" class="styled__SVG-xxa4wh-1 hQMCqc beans-link__icon beans-icon__svg" height="13.33" preserveAspectRatio="xMinYMax meet" viewBox="-1 0 12 20" width="8" xmlns="http://www.w3.org/2000/svg" color="currentColor"><path d="M1.312 1.348L10.276 10l-8.964 8.644" fill="none" stroke="currentColor"></path></svg></span></a></div><div class="product-info-message-section"><div class="product-info-message-list"><div class="styled__WhiteBackground-sc-9yzfq2-1 jthPIJ"><svg width="56" height="56" viewBox="0 0 56 56" fill="none" xmlns="http://www.w3.org/2000/svg"><path d="M52.1301 27.8766C52.1301 14.5534 41.3293 3.75308 28.0066 3.75308C14.6834 3.75308 3.88306 14.5534 3.88306 27.8766C3.88306 41.1998 14.6834 52.0002 28.0066 52.0002C41.3293 52.0002 52.1301 41.1998 52.1301 27.8766Z" fill="#EE1C2E"></path><path d="M19.6853 36.5687L31.8169 48.6998L52.6633 27.8998L51.9894 23.0423L31.886 43.1452L22.5438 33.803L19.6853 36.5687Z" fill="white"></path><path d="M24.2699 12.0048L23.5594 9.93467L22.8484 12.0048H24.2699ZM24.6345 13.0711H22.4844L21.9776 14.5375H20.7515L22.9815 8.31722H24.1369L26.3669 14.5375H25.1408L24.6345 13.0711Z" fill="white"></path><path d="M27.8359 14.5375H26.734V8.24609H27.8359V14.5375Z" fill="white"></path><path d="M31.5684 13.2309C31.7849 12.9886 31.8927 12.6597 31.8927 12.2446C31.8927 11.8306 31.7849 11.5016 31.5684 11.2588C31.3524 11.0159 31.0811 10.8942 30.7558 10.8942C30.4299 10.8942 30.1587 11.0159 29.9427 11.2588C29.7267 11.5016 29.6184 11.8306 29.6184 12.2446C29.6184 12.6597 29.7267 12.9886 29.9427 13.2309C30.1587 13.4738 30.4299 13.5955 30.7558 13.5955C31.0811 13.5955 31.3524 13.4738 31.5684 13.2309ZM29.4673 14.3065C29.159 14.1049 28.9177 13.8234 28.7429 13.4619C28.5681 13.101 28.481 12.6952 28.481 12.2446C28.481 11.7888 28.5655 11.3815 28.7341 11.0231C28.9032 10.6648 29.1384 10.3848 29.4405 10.1837C29.7426 9.98212 30.0891 9.88158 30.48 9.88158C30.7883 9.88158 31.0579 9.93624 31.2889 10.0455C31.5199 10.1554 31.6978 10.3106 31.8221 10.5122V8.24609H32.9239V14.5375H31.8221V13.9863C31.6916 14.1704 31.5137 14.3194 31.2889 14.4349C31.0636 14.5504 30.797 14.6086 30.4892 14.6086C30.1159 14.6086 29.7751 14.5076 29.4673 14.3065Z" fill="white"></path><path d="M34.9657 14.5375H33.8638V9.95224H34.9657V14.5375ZM33.9082 8.34408C34.0443 8.20796 34.2129 8.1399 34.4145 8.1399C34.6161 8.1399 34.7847 8.20796 34.9208 8.34408C35.0574 8.48071 35.1255 8.64931 35.1255 8.8504C35.1255 9.052 35.0574 9.22112 34.9208 9.35724C34.7847 9.49336 34.6161 9.56142 34.4145 9.56142C34.2129 9.56142 34.0443 9.49336 33.9082 9.35724C33.7715 9.22112 33.704 9.052 33.704 8.8504C33.704 8.64931 33.7715 8.48071 33.9082 8.34408Z" fill="white"></path><path d="M19.6791 19.3347C19.8894 19.1506 19.9946 18.8779 19.9946 18.5169C19.9946 18.1565 19.8894 17.8838 19.6791 17.6997C19.4682 17.5156 19.183 17.4233 18.8221 17.4233H17.5027V19.6111H18.8221C19.183 19.6111 19.4682 19.5188 19.6791 19.3347ZM17.5027 23.9628H16.0374V16.0704H18.9345C19.461 16.0704 19.9157 16.1776 20.2988 16.3921C20.6824 16.6061 20.9753 16.8995 21.1784 17.2712C21.3816 17.6435 21.4826 18.0586 21.4826 18.5169C21.4826 18.9758 21.3816 19.3909 21.1784 19.7632C20.9753 20.1354 20.6824 20.4283 20.2988 20.6423C19.9157 20.8568 19.461 20.9635 18.9345 20.9635H17.5027V23.9628Z" fill="white"></path><path d="M22.0396 18.1451H23.4379V19.0248C23.6029 18.7087 23.8359 18.4684 24.1365 18.3029C24.4376 18.1374 24.7717 18.0549 25.1404 18.0549C25.5235 18.0549 25.8241 18.1415 26.0422 18.3143L25.5689 19.4981C25.3729 19.3929 25.1662 19.3403 24.9486 19.3403C24.5124 19.3403 24.152 19.528 23.8663 19.9039C23.5802 20.2797 23.4379 20.8582 23.4379 21.6404V23.9627H22.0396V18.1451Z" fill="white"></path><path d="M27.8879 23.9627H26.4896V18.1451H27.8879V23.9627ZM26.5458 16.1044C26.7191 15.9316 26.933 15.845 27.1888 15.845C27.444 15.845 27.658 15.9316 27.8312 16.1044C28.0039 16.2771 28.0906 16.4916 28.0906 16.7468C28.0906 17.0026 28.0039 17.217 27.8312 17.3898C27.658 17.5625 27.444 17.6491 27.1888 17.6491C26.933 17.6491 26.7191 17.5625 26.5458 17.3898C26.3731 17.217 26.287 17.0026 26.287 16.7468C26.287 16.4916 26.3731 16.2771 26.5458 16.1044Z" fill="white"></path><path d="M30.0603 23.6693C29.6168 23.4141 29.2714 23.0588 29.0234 22.6041C28.7754 22.1493 28.6511 21.6327 28.6511 21.0537C28.6511 20.4752 28.7754 19.9585 29.0234 19.5038C29.2714 19.049 29.6168 18.6937 30.0603 18.438C30.5037 18.1828 31.011 18.0549 31.5823 18.0549C32.8749 18.0549 33.751 18.585 34.2093 19.6445L32.9353 20.2199C32.6424 19.6332 32.1913 19.3403 31.5823 19.3403C31.1466 19.3403 30.7857 19.4981 30.5001 19.8136C30.2144 20.1297 30.0716 20.5427 30.0716 21.0537C30.0716 21.5651 30.2144 21.9787 30.5001 22.2942C30.7857 22.6097 31.1466 22.7675 31.5823 22.7675C32.1913 22.7675 32.6424 22.4747 32.9353 21.8884L34.2093 22.4633C33.751 23.5229 32.8749 24.0529 31.5823 24.0529C31.011 24.0529 30.5037 23.9251 30.0603 23.6693Z" fill="white"></path><path d="M38.727 20.3999C38.6744 20.0694 38.5223 19.7987 38.2707 19.5883C38.0186 19.3779 37.7015 19.2728 37.3179 19.2728C36.9946 19.2728 36.7048 19.3723 36.4496 19.5713C36.1939 19.7708 36.0175 20.0467 35.9196 20.3999H38.727ZM40.1588 21.5048H35.8633C35.9381 21.9333 36.115 22.2586 36.3934 22.4803C36.6713 22.702 37.0095 22.8129 37.4081 22.8129C37.7386 22.8129 38.015 22.7433 38.2367 22.6041C38.4584 22.4649 38.6708 22.253 38.874 21.9673L40.0573 22.6097C39.7716 23.0759 39.4092 23.4327 38.9693 23.6812C38.5295 23.9287 37.983 24.0529 37.3292 24.0529C36.7125 24.0529 36.1846 23.9086 35.7453 23.6188C35.3055 23.3295 34.9765 22.9557 34.7584 22.4968C34.5403 22.0385 34.4315 21.5574 34.4315 21.0537C34.4315 20.5504 34.546 20.0694 34.7754 19.611C35.0044 19.1526 35.3374 18.7783 35.7731 18.4891C36.2088 18.1998 36.7239 18.0549 37.3179 18.0549C37.9191 18.0549 38.4341 18.19 38.8626 18.4607C39.2911 18.7314 39.6139 19.0866 39.832 19.5264C40.0501 19.9657 40.1588 20.4339 40.1588 20.9299V21.5048Z" fill="white"></path><path d="M16.3879 25.558H17.7399L19.2454 29.4977L20.751 25.558H22.1029V31.8684H20.9309V28.0282L19.6873 31.2915H18.8035L17.5599 28.0282V31.8684H16.3879V25.558Z" fill="white"></path><path d="M25.4058 30.7146C25.6131 30.5341 25.7167 30.3119 25.7167 30.0474V29.9216H24.8335C24.5746 29.9216 24.3689 29.971 24.2158 30.07C24.0626 30.169 23.9858 30.3057 23.9858 30.48C23.9858 30.6424 24.0415 30.7671 24.1529 30.8543C24.2637 30.9414 24.4277 30.9847 24.6437 30.9847C24.9443 30.9847 25.1985 30.8945 25.4058 30.7146ZM23.6074 31.7782C23.3671 31.67 23.1748 31.5122 23.0304 31.3049C22.886 31.0976 22.8138 30.8496 22.8138 30.5609C22.8138 30.1046 22.9855 29.7364 23.3279 29.457C23.6703 29.1775 24.1333 29.0378 24.7159 29.0378H25.7167V28.8754C25.7167 28.6413 25.6357 28.4531 25.4733 28.3118C25.3109 28.1711 25.0918 28.1004 24.8154 28.1004C24.5927 28.1004 24.3916 28.1592 24.2111 28.2763C24.0312 28.3933 23.8956 28.5299 23.8059 28.6862L22.9494 28.1726C23.1113 27.8782 23.3516 27.6333 23.6703 27.4379C23.9889 27.2425 24.3705 27.145 24.8154 27.145C25.4522 27.145 25.9482 27.2982 26.3024 27.6044C26.6572 27.9112 26.8345 28.3526 26.8345 28.9295V31.8685H25.9152L25.7621 31.2735C25.6115 31.4776 25.4207 31.6401 25.1892 31.7602C24.9582 31.8803 24.686 31.9401 24.3735 31.9401C24.1029 31.9401 23.8476 31.8865 23.6074 31.7782Z" fill="white"></path><path d="M27.8214 30.3V28.1726H27.1182V27.2167H27.8214V26.4417L28.9393 25.7384V27.2167H30.1381V28.1726H28.9393V30.2458C28.9393 30.6903 29.1166 30.9125 29.4709 30.9125C29.6333 30.9125 29.7895 30.8496 29.9395 30.7233L30.4443 31.5797C30.2881 31.706 30.1169 31.7978 29.9308 31.855C29.7446 31.9117 29.5549 31.9401 29.3626 31.9401C28.3355 31.9401 27.8214 31.3936 27.8214 30.3Z" fill="white"></path><path d="M31.5487 31.6339C31.194 31.4297 30.9176 31.1456 30.7196 30.7821C30.5211 30.4186 30.4221 30.0056 30.4221 29.5426C30.4221 29.0801 30.5211 28.6666 30.7196 28.3031C30.9176 27.9396 31.194 27.6555 31.5487 27.4513C31.9034 27.2471 32.3087 27.145 32.7655 27.145C33.7993 27.145 34.4995 27.5683 34.8661 28.416L33.8473 28.8754C33.6132 28.4067 33.2528 28.1726 32.7655 28.1726C32.417 28.1726 32.1288 28.2989 31.9004 28.5511C31.6719 28.8037 31.558 29.1342 31.558 29.5426C31.558 29.9509 31.6719 30.282 31.9004 30.5341C32.1288 30.7867 32.417 30.9125 32.7655 30.9125C33.2528 30.9125 33.6132 30.6785 33.8473 30.2098L34.8661 30.6697C34.4995 31.5168 33.7993 31.9401 32.7655 31.9401C32.3087 31.9401 31.9034 31.8386 31.5487 31.6339Z" fill="white"></path><path d="M35.3998 25.4863H36.5176V27.9473C36.662 27.707 36.8615 27.5132 37.1167 27.3657C37.3725 27.2188 37.6592 27.145 37.9778 27.145C38.4702 27.145 38.8579 27.2909 39.1405 27.5823C39.423 27.8736 39.5643 28.2804 39.5643 28.8037V31.8685H38.4465V29.0285C38.4465 28.7522 38.3758 28.5408 38.2346 28.3933C38.0933 28.2458 37.8907 28.1726 37.6262 28.1726C37.3199 28.1726 37.0585 28.3093 36.8419 28.5825C36.6254 28.8558 36.5176 29.275 36.5176 29.8401V31.8685H35.3998V25.4863Z" fill="white"></path></svg><p class="styled__StyledBodyText-sc-119w3hf-5 ggtTyf styled__DarkGreyBodyText-jk5kya-0 iwRWTH">Aldi Price Match</p></div></div></div></div><div class="styles__StyledBuyBoxWrapper-dvv1wj-4 dSvjUC"><div class="styles__StyledBuyBoxContainer-sc-1wx0qp6-0 erryje" data-auto="buybox-container"><div class="styles__SafeFormWrapper-jtpu2t-0 lcrYKS"><form action="https://www.tesco.com/groceries/en-GB/trolley/items/258083897?_method=PUT" method="POST"><input type="submit" class="hidden"><input name="id" type="hidden" value="258083897"><input name="identifier" type="hidden" value="Page"><input name="anchorId" type="hidden" value="#tile-258083897"><input name="returnUrl" type="hidden" value="/groceries/en-GB/shop/food-cupboard/all?redirectIfUnavailable=true#tile-258083897"><input name="backToUrl" type="hidden" value="#"><input name="oldValue" type="hidden" value="0"><input name="oldUnitChoice" type="hidden" value="pcs"><input name="newUnitChoice" type="hidden" value="pcs"><div class="base-components__RootElement-sc-1mosoyj-1 styled__Container-sc-6nhkzi-0 jptQqM hSNpTb beans-buybox__container"><div class="base-components__BaseElement-sc-1mosoyj-0 styled__PriceAndActions-sc-6nhkzi-3 oznwo eEPLov beans-buybox__price-and-actions"><div class="base-components__RootElement-sc-1mosoyj-1 styled__Container-sc-8qlq5b-0 jptQqM bgZrjw styled__StyledPrice-sc-6nhkzi-5 iYHeik beans-buybox__price beans-price__container"><p class="styled__StyledHeading-sc-119w3hf-2 jWPEtj styled__Text-sc-8qlq5b-1 lnaeiZ beans-price__text">£0.55</p><p class="styled__StyledFootnote-sc-119w3hf-7 icrlVF styled__Subtext-sc-8qlq5b-2 bNJmdc beans-price__subtext">£0.44/100g</p></div><div class="base-components__RootElement-sc-1mosoyj-1 styled__Container-vtxwzb-0 jptQqM bDFhXJ beans-buybox__actions beans-quantity-controls__container"><div class="base-components__RootElement-sc-1mosoyj-1 styled__Container-sc-16t2b2a-0 jptQqM PUfgZ styled__StyledFormGroup-vtxwzb-1 kzKuAr beans-quantity-controls__form-group beans-form-group__container"><label class="styled__StyledLabel-sc-1ttuvhr-0 izGEjV beans-form-group__label beans-label" for="quantity-controls-258083897">Quantity controls </label><div class="base-components__BaseElement-sc-1mosoyj-0 styled__Children-sc-16t2b2a-3 oznwo gdJvjO beans-form-group__children"><div class="styled__StyledQuantityControlWrapper-vtxwzb-6 LCxOg"><label id="quantity-controls-258083897-label" class="styled__VisuallyHiddenLabel-vtxwzb-7 gXlLiM">Quantity of Tesco Original Breadsticks 125G</label><div class="component__Wrapper-sc-1kpmik-3 dReplG input-wrapper"><input class="base-components__RootElement-sc-1mosoyj-1 styled__StyledInput-sc-1jd5f57-0 component__StyledAsInput-sc-1kpmik-4 jptQqM eJLlow styled__StyledInput-vtxwzb-3 lwMHo beans-quantity-controls__input beans-input" data-auto="beans-quantity-controls-input" autocomplete="off" id="quantity-controls-258083897" maxlength="2" name="newValue" type="number" aria-labelledby="quantity-controls-258083897-label" value="1"></div></div><button class="styled__BaseButton-rsekm1-0 styled__PrimaryButton-rsekm1-2 jChbeY geeWOF styled__StyledButton-vtxwzb-5 japAxb beans-quantity-controls__add-button beans-button__container" type="submit" data-auto="beans-quantity-controls-add-button" aria-label="Quantity of Tesco Original Breadsticks 125G"><span class="base-components__BaseElement-sc-1mosoyj-0 styled__InnerContainer-rsekm1-1 oznwo fuFres beans-button__inner-container"><span class="base-components__BaseElement-sc-1mosoyj-0 styled__TextSpan-rsekm1-4 oznwo GDiMp beans-button__text">Add</span></span></button></div></div></div></div></div><input name="_csrf" type="hidden" value="92xA6FXg-W2XHhQLLDKqjWuqmpStG0svGR_s"></form></div></div></div></div><div class="hidden-medium product-info-section-small"><div class="product-info-message-list"><div class="styled__WhiteBackground-sc-9yzfq2-1 jthPIJ"><svg width="56" height="56" viewBox="0 0 56 56" fill="none" xmlns="http://www.w3.org/2000/svg"><path d="M52.1301 27.8766C52.1301 14.5534 41.3293 3.75308 28.0066 3.75308C14.6834 3.75308 3.88306 14.5534 3.88306 27.8766C3.88306 41.1998 14.6834 52.0002 28.0066 52.0002C41.3293 52.0002 52.1301 41.1998 52.1301 27.8766Z" fill="#EE1C2E"></path><path d="M19.6853 36.5687L31.8169 48.6998L52.6633 27.8998L51.9894 23.0423L31.886 43.1452L22.5438 33.803L19.6853 36.5687Z" fill="white"></path><path d="M24.2699 12.0048L23.5594 9.93467L22.8484 12.0048H24.2699ZM24.6345 13.0711H22.4844L21.9776 14.5375H20.7515L22.9815 8.31722H24.1369L26.3669 14.5375H25.1408L24.6345 13.0711Z" fill="white"></path><path d="M27.8359 14.5375H26.734V8.24609H27.8359V14.5375Z" fill="white"></path><path d="M31.5684 13.2309C31.7849 12.9886 31.8927 12.6597 31.8927 12.2446C31.8927 11.8306 31.7849 11.5016 31.5684 11.2588C31.3524 11.0159 31.0811 10.8942 30.7558 10.8942C30.4299 10.8942 30.1587 11.0159 29.9427 11.2588C29.7267 11.5016 29.6184 11.8306 29.6184 12.2446C29.6184 12.6597 29.7267 12.9886 29.9427 13.2309C30.1587 13.4738 30.4299 13.5955 30.7558 13.5955C31.0811 13.5955 31.3524 13.4738 31.5684 13.2309ZM29.4673 14.3065C29.159 14.1049 28.9177 13.8234 28.7429 13.4619C28.5681 13.101 28.481 12.6952 28.481 12.2446C28.481 11.7888 28.5655 11.3815 28.7341 11.0231C28.9032 10.6648 29.1384 10.3848 29.4405 10.1837C29.7426 9.98212 30.0891 9.88158 30.48 9.88158C30.7883 9.88158 31.0579 9.93624 31.2889 10.0455C31.5199 10.1554 31.6978 10.3106 31.8221 10.5122V8.24609H32.9239V14.5375H31.8221V13.9863C31.6916 14.1704 31.5137 14.3194 31.2889 14.4349C31.0636 14.5504 30.797 14.6086 30.4892 14.6086C30.1159 14.6086 29.7751 14.5076 29.4673 14.3065Z" fill="white"></path><path d="M34.9657 14.5375H33.8638V9.95224H34.9657V14.5375ZM33.9082 8.34408C34.0443 8.20796 34.2129 8.1399 34.4145 8.1399C34.6161 8.1399 34.7847 8.20796 34.9208 8.34408C35.0574 8.48071 35.1255 8.64931 35.1255 8.8504C35.1255 9.052 35.0574 9.22112 34.9208 9.35724C34.7847 9.49336 34.6161 9.56142 34.4145 9.56142C34.2129 9.56142 34.0443 9.49336 33.9082 9.35724C33.7715 9.22112 33.704 9.052 33.704 8.8504C33.704 8.64931 33.7715 8.48071 33.9082 8.34408Z" fill="white"></path><path d="M19.6791 19.3347C19.8894 19.1506 19.9946 18.8779 19.9946 18.5169C19.9946 18.1565 19.8894 17.8838 19.6791 17.6997C19.4682 17.5156 19.183 17.4233 18.8221 17.4233H17.5027V19.6111H18.8221C19.183 19.6111 19.4682 19.5188 19.6791 19.3347ZM17.5027 23.9628H16.0374V16.0704H18.9345C19.461 16.0704 19.9157 16.1776 20.2988 16.3921C20.6824 16.6061 20.9753 16.8995 21.1784 17.2712C21.3816 17.6435 21.4826 18.0586 21.4826 18.5169C21.4826 18.9758 21.3816 19.3909 21.1784 19.7632C20.9753 20.1354 20.6824 20.4283 20.2988 20.6423C19.9157 20.8568 19.461 20.9635 18.9345 20.9635H17.5027V23.9628Z" fill="white"></path><path d="M22.0396 18.1451H23.4379V19.0248C23.6029 18.7087 23.8359 18.4684 24.1365 18.3029C24.4376 18.1374 24.7717 18.0549 25.1404 18.0549C25.5235 18.0549 25.8241 18.1415 26.0422 18.3143L25.5689 19.4981C25.3729 19.3929 25.1662 19.3403 24.9486 19.3403C24.5124 19.3403 24.152 19.528 23.8663 19.9039C23.5802 20.2797 23.4379 20.8582 23.4379 21.6404V23.9627H22.0396V18.1451Z" fill="white"></path><path d="M27.8879 23.9627H26.4896V18.1451H27.8879V23.9627ZM26.5458 16.1044C26.7191 15.9316 26.933 15.845 27.1888 15.845C27.444 15.845 27.658 15.9316 27.8312 16.1044C28.0039 16.2771 28.0906 16.4916 28.0906 16.7468C28.0906 17.0026 28.0039 17.217 27.8312 17.3898C27.658 17.5625 27.444 17.6491 27.1888 17.6491C26.933 17.6491 26.7191 17.5625 26.5458 17.3898C26.3731 17.217 26.287 17.0026 26.287 16.7468C26.287 16.4916 26.3731 16.2771 26.5458 16.1044Z" fill="white"></path><path d="M30.0603 23.6693C29.6168 23.4141 29.2714 23.0588 29.0234 22.6041C28.7754 22.1493 28.6511 21.6327 28.6511 21.0537C28.6511 20.4752 28.7754 19.9585 29.0234 19.5038C29.2714 19.049 29.6168 18.6937 30.0603 18.438C30.5037 18.1828 31.011 18.0549 31.5823 18.0549C32.8749 18.0549 33.751 18.585 34.2093 19.6445L32.9353 20.2199C32.6424 19.6332 32.1913 19.3403 31.5823 19.3403C31.1466 19.3403 30.7857 19.4981 30.5001 19.8136C30.2144 20.1297 30.0716 20.5427 30.0716 21.0537C30.0716 21.5651 30.2144 21.9787 30.5001 22.2942C30.7857 22.6097 31.1466 22.7675 31.5823 22.7675C32.1913 22.7675 32.6424 22.4747 32.9353 21.8884L34.2093 22.4633C33.751 23.5229 32.8749 24.0529 31.5823 24.0529C31.011 24.0529 30.5037 23.9251 30.0603 23.6693Z" fill="white"></path><path d="M38.727 20.3999C38.6744 20.0694 38.5223 19.7987 38.2707 19.5883C38.0186 19.3779 37.7015 19.2728 37.3179 19.2728C36.9946 19.2728 36.7048 19.3723 36.4496 19.5713C36.1939 19.7708 36.0175 20.0467 35.9196 20.3999H38.727ZM40.1588 21.5048H35.8633C35.9381 21.9333 36.115 22.2586 36.3934 22.4803C36.6713 22.702 37.0095 22.8129 37.4081 22.8129C37.7386 22.8129 38.015 22.7433 38.2367 22.6041C38.4584 22.4649 38.6708 22.253 38.874 21.9673L40.0573 22.6097C39.7716 23.0759 39.4092 23.4327 38.9693 23.6812C38.5295 23.9287 37.983 24.0529 37.3292 24.0529C36.7125 24.0529 36.1846 23.9086 35.7453 23.6188C35.3055 23.3295 34.9765 22.9557 34.7584 22.4968C34.5403 22.0385 34.4315 21.5574 34.4315 21.0537C34.4315 20.5504 34.546 20.0694 34.7754 19.611C35.0044 19.1526 35.3374 18.7783 35.7731 18.4891C36.2088 18.1998 36.7239 18.0549 37.3179 18.0549C37.9191 18.0549 38.4341 18.19 38.8626 18.4607C39.2911 18.7314 39.6139 19.0866 39.832 19.5264C40.0501 19.9657 40.1588 20.4339 40.1588 20.9299V21.5048Z" fill="white"></path><path d="M16.3879 25.558H17.7399L19.2454 29.4977L20.751 25.558H22.1029V31.8684H20.9309V28.0282L19.6873 31.2915H18.8035L17.5599 28.0282V31.8684H16.3879V25.558Z" fill="white"></path><path d="M25.4058 30.7146C25.6131 30.5341 25.7167 30.3119 25.7167 30.0474V29.9216H24.8335C24.5746 29.9216 24.3689 29.971 24.2158 30.07C24.0626 30.169 23.9858 30.3057 23.9858 30.48C23.9858 30.6424 24.0415 30.7671 24.1529 30.8543C24.2637 30.9414 24.4277 30.9847 24.6437 30.9847C24.9443 30.9847 25.1985 30.8945 25.4058 30.7146ZM23.6074 31.7782C23.3671 31.67 23.1748 31.5122 23.0304 31.3049C22.886 31.0976 22.8138 30.8496 22.8138 30.5609C22.8138 30.1046 22.9855 29.7364 23.3279 29.457C23.6703 29.1775 24.1333 29.0378 24.7159 29.0378H25.7167V28.8754C25.7167 28.6413 25.6357 28.4531 25.4733 28.3118C25.3109 28.1711 25.0918 28.1004 24.8154 28.1004C24.5927 28.1004 24.3916 28.1592 24.2111 28.2763C24.0312 28.3933 23.8956 28.5299 23.8059 28.6862L22.9494 28.1726C23.1113 27.8782 23.3516 27.6333 23.6703 27.4379C23.9889 27.2425 24.3705 27.145 24.8154 27.145C25.4522 27.145 25.9482 27.2982 26.3024 27.6044C26.6572 27.9112 26.8345 28.3526 26.8345 28.9295V31.8685H25.9152L25.7621 31.2735C25.6115 31.4776 25.4207 31.6401 25.1892 31.7602C24.9582 31.8803 24.686 31.9401 24.3735 31.9401C24.1029 31.9401 23.8476 31.8865 23.6074 31.7782Z" fill="white"></path><path d="M27.8214 30.3V28.1726H27.1182V27.2167H27.8214V26.4417L28.9393 25.7384V27.2167H30.1381V28.1726H28.9393V30.2458C28.9393 30.6903 29.1166 30.9125 29.4709 30.9125C29.6333 30.9125 29.7895 30.8496 29.9395 30.7233L30.4443 31.5797C30.2881 31.706 30.1169 31.7978 29.9308 31.855C29.7446 31.9117 29.5549 31.9401 29.3626 31.9401C28.3355 31.9401 27.8214 31.3936 27.8214 30.3Z" fill="white"></path><path d="M31.5487 31.6339C31.194 31.4297 30.9176 31.1456 30.7196 30.7821C30.5211 30.4186 30.4221 30.0056 30.4221 29.5426C30.4221 29.0801 30.5211 28.6666 30.7196 28.3031C30.9176 27.9396 31.194 27.6555 31.5487 27.4513C31.9034 27.2471 32.3087 27.145 32.7655 27.145C33.7993 27.145 34.4995 27.5683 34.8661 28.416L33.8473 28.8754C33.6132 28.4067 33.2528 28.1726 32.7655 28.1726C32.417 28.1726 32.1288 28.2989 31.9004 28.5511C31.6719 28.8037 31.558 29.1342 31.558 29.5426C31.558 29.9509 31.6719 30.282 31.9004 30.5341C32.1288 30.7867 32.417 30.9125 32.7655 30.9125C33.2528 30.9125 33.6132 30.6785 33.8473 30.2098L34.8661 30.6697C34.4995 31.5168 33.7993 31.9401 32.7655 31.9401C32.3087 31.9401 31.9034 31.8386 31.5487 31.6339Z" fill="white"></path><path d="M35.3998 25.4863H36.5176V27.9473C36.662 27.707 36.8615 27.5132 37.1167 27.3657C37.3725 27.2188 37.6592 27.145 37.9778 27.145C38.4702 27.145 38.8579 27.2909 39.1405 27.5823C39.423 27.8736 39.5643 28.2804 39.5643 28.8037V31.8685H38.4465V29.0285C38.4465 28.7522 38.3758 28.5408 38.2346 28.3933C38.0933 28.2458 37.8907 28.1726 37.6262 28.1726C37.3199 28.1726 37.0585 28.3093 36.8419 28.5825C36.6254 28.8558 36.5176 29.275 36.5176 29.8401V31.8685H35.3998V25.4863Z" fill="white"></path></svg><p class="styled__StyledBodyText-sc-119w3hf-5 ggtTyf styled__DarkGreyBodyText-jk5kya-0 iwRWTH">Aldi Price Match</p></div></div></div></div></div></div></div></li><li class="product-list--list-item"><div class="styles__StyledVerticalTileWrapper-dvv1wj-0 dtCNPH"><div data-auto="product-tile" data-auto-type="Quantity" data-auto-available="true" data-auto-is-restricted-disabled="false" data-auto-is-substitute="false" class="styles__StyledVerticalTile-dvv1wj-1 gSCsYK"><div class="styles__StyledTileContentWrapper-dvv1wj-2 bkNhNP beans"><div id="tile-254881356" data-auto-id="254881356" class="styles__StyledTiledContent-dvv1wj-3 bcglTg"><a href="https://www.tesco.com/groceries/en-GB/products/254881356" aria-hidden="true" class="product-image-wrapper" tabindex="1"><div class="product-image__container"><picture><img class="styled__Image-sjvkdn-0 bJErKA product-image beans-responsive-image__image" src="data:image/gif;base64,R0lGODlhAQABAAAAACH5BAEKAAEALAAAAAABAAEAAAICTAEAOw==" srcset="https://digitalcontent.api.tesco.com/v2/media/ghs/bf300c04-192f-4940-ae26-4b011e722030/638974dd-2470-4abb-973f-5008158158ee_288806525.jpeg?h=225&amp;w=225 768w, data:image/gif;base64,R0lGODlhAQABAAAAACH5BAEKAAEALAAAAAABAAEAAAICTAEAOw== 4000w" alt="Tesco Sage &amp; Onion Stuffing Mix 170G"></picture></div></a><div class="product-details--wrapper"><h3 class="styles__H3-oa5soe-0 bCKNNq"><a href="https://www.tesco.com/groceries/en-GB/products/254881356" class="styled__Anchor-sc-1xbujuz-0 csVOnh beans-link__anchor" data-auto="product-tile--title"><span class="styled__Text-sc-1xbujuz-1 ldbwMG beans-link__text">Tesco Sage &amp; Onion Stuffing Mix 170G</span></a></h3><div class="styles__StyledPromotionsAboveMobile-dvv1wj-7 iPTMuo"></div><div class="styles__StyledProductDetailsContent-dvv1wj-5 ddRSrq"><a href="https://www.tesco.com/groceries/en-GB/reviews/submission/254881356?from=%2Fshop%2Ffood-cupboard%2Fall" aria-label="Write a review for Tesco Sage &amp; Onion Stuffing Mix 170G" class="styled__Anchor-sc-1xbujuz-0 jSzuDt write-a-review-link beans-link__anchor" data-auto="review-link"><span class="styled__Text-sc-1xbujuz-1 fyDIEo beans-link__text">Write a review</span><span class="styled__IconContainer-sc-1xbujuz-2 bSauSL beans-link__icon-container"><svg aria-hidden="true" class="styled__SVG-xxa4wh-1 hQMCqc beans-link__icon beans-icon__svg" height="13.33" preserveAspectRatio="xMinYMax meet" viewBox="-1 0 12 20" width="8" xmlns="http://www.w3.org/2000/svg" color="currentColor"><path d="M1.312 1.348L10.276 10l-8.964 8.644" fill="none" stroke="currentColor"></path></svg></span></a><div><a href="https://www.tesco.com/groceries/en-GB/shop/food-cupboard/cooking-ingredients/gravy-stuffing-and-breadcrumbs/stuffing-mix-and-chestnuts" class="styled__Anchor-sc-1xbujuz-0 jSzuDt rest-of-shelf-link beans-link__anchor" data-auto="rest-of-shelf-link"><span class="styled__Text-sc-1xbujuz-1 fyDIEo beans-link__text">Rest of <span class="visually-hidden">Stuffing Mix &amp; Chestnuts</span> shelf</span><span class="styled__IconContainer-sc-1xbujuz-2 bSauSL beans-link__icon-container"><svg aria-hidden="true" class="styled__SVG-xxa4wh-1 hQMCqc beans-link__icon beans-icon__svg" height="13.33" preserveAspectRatio="xMinYMax meet" viewBox="-1 0 12 20" width="8" xmlns="http://www.w3.org/2000/svg" color="currentColor"><path d="M1.312 1.348L10.276 10l-8.964 8.644" fill="none" stroke="currentColor"></path></svg></span></a></div><div class="product-info-message-section"><div class="product-info-message-list"></div></div></div><div class="styles__StyledBuyBoxWrapper-dvv1wj-4 dSvjUC"><div class="styles__StyledBuyBoxContainer-sc-1wx0qp6-0 erryje" data-auto="buybox-container"><div class="styles__SafeFormWrapper-jtpu2t-0 lcrYKS"><form action="https://www.tesco.com/groceries/en-GB/trolley/items/254881356?_method=PUT" method="POST"><input type="submit" class="hidden"><input name="id" type="hidden" value="254881356"><input name="identifier" type="hidden" value="Page"><input name="anchorId" type="hidden" value="#tile-254881356"><input name="returnUrl" type="hidden" value="/groceries/en-GB/shop/food-cupboard/all?redirectIfUnavailable=true#tile-254881356"><input name="backToUrl" type="hidden" value="#"><input name="oldValue" type="hidden" value="0"><input name="oldUnitChoice" type="hidden" value="pcs"><input name="newUnitChoice" type="hidden" value="pcs"><div class="base-components__RootElement-sc-1mosoyj-1 styled__Container-sc-6nhkzi-0 jptQqM hSNpTb beans-buybox__container"><div class="base-components__BaseElement-sc-1mosoyj-0 styled__PriceAndActions-sc-6nhkzi-3 oznwo eEPLov beans-buybox__price-and-actions"><div class="base-components__RootElement-sc-1mosoyj-1 styled__Container-sc-8qlq5b-0 jptQqM bgZrjw styled__StyledPrice-sc-6nhkzi-5 iYHeik beans-buybox__price beans-price__container"><p class="styled__StyledHeading-sc-119w3hf-2 jWPEtj styled__Text-sc-8qlq5b-1 lnaeiZ beans-price__text">£0.60</p><p class="styled__StyledFootnote-sc-119w3hf-7 icrlVF styled__Subtext-sc-8qlq5b-2 bNJmdc beans-price__subtext">£3.53/kg</p></div><div class="base-components__RootElement-sc-1mosoyj-1 styled__Container-vtxwzb-0 jptQqM bDFhXJ beans-buybox__actions beans-quantity-controls__container"><div class="base-components__RootElement-sc-1mosoyj-1 styled__Container-sc-16t2b2a-0 jptQqM PUfgZ styled__StyledFormGroup-vtxwzb-1 kzKuAr beans-quantity-controls__form-group beans-form-group__container"><label class="styled__StyledLabel-sc-1ttuvhr-0 izGEjV beans-form-group__label beans-label" for="quantity-controls-254881356">Quantity controls </label><div class="base-components__BaseElement-sc-1mosoyj-0 styled__Children-sc-16t2b2a-3 oznwo gdJvjO beans-form-group__children"><div class="styled__StyledQuantityControlWrapper-vtxwzb-6 LCxOg"><label id="quantity-controls-254881356-label" class="styled__VisuallyHiddenLabel-vtxwzb-7 gXlLiM">Quantity of Tesco Sage &amp; Onion Stuffing Mix 170G</label><div class="component__Wrapper-sc-1kpmik-3 dReplG input-wrapper"><input class="base-components__RootElement-sc-1mosoyj-1 styled__StyledInput-sc-1jd5f57-0 component__StyledAsInput-sc-1kpmik-4 jptQqM eJLlow styled__StyledInput-vtxwzb-3 lwMHo beans-quantity-controls__input beans-input" data-auto="beans-quantity-controls-input" autocomplete="off" id="quantity-controls-254881356" maxlength="2" name="newValue" type="number" aria-labelledby="quantity-controls-254881356-label" value="1"></div></div><button class="styled__BaseButton-rsekm1-0 styled__PrimaryButton-rsekm1-2 jChbeY geeWOF styled__StyledButton-vtxwzb-5 japAxb beans-quantity-controls__add-button beans-button__container" type="submit" data-auto="beans-quantity-controls-add-button" aria-label="Quantity of Tesco Sage &amp; Onion Stuffing Mix 170G"><span class="base-components__BaseElement-sc-1mosoyj-0 styled__InnerContainer-rsekm1-1 oznwo fuFres beans-button__inner-container"><span class="base-components__BaseElement-sc-1mosoyj-0 styled__TextSpan-rsekm1-4 oznwo GDiMp beans-button__text">Add</span></span></button></div></div></div></div></div><input name="_csrf" type="hidden" value="92xA6FXg-W2XHhQLLDKqjWuqmpStG0svGR_s"></form></div></div></div></div><div class="hidden-medium product-info-section-small"><div class="product-info-message-list"></div></div></div></div></div></div></li><li class="product-list--list-item"><div class="styles__StyledVerticalTileWrapper-dvv1wj-0 dtCNPH"><div data-auto="product-tile" data-auto-type="Quantity" data-auto-available="true" data-auto-is-restricted-disabled="false" data-auto-is-substitute="false" class="styles__StyledVerticalTile-dvv1wj-1 gSCsYK"><div class="styles__StyledTileContentWrapper-dvv1wj-2 bkNhNP beans"><div id="tile-266712758" data-auto-id="266712758" class="styles__StyledTiledContent-dvv1wj-3 bcglTg"><a href="https://www.tesco.com/groceries/en-GB/products/266712758" aria-hidden="true" class="product-image-wrapper" tabindex="1"><div class="product-image__container"><picture><img class="styled__Image-sjvkdn-0 bJErKA product-image beans-responsive-image__image" src="data:image/gif;base64,R0lGODlhAQABAAAAACH5BAEKAAEALAAAAAABAAEAAAICTAEAOw==" srcset="https://digitalcontent.api.tesco.com/v2/media/ghs/237d67fd-8e3b-4c9b-a4bf-74397159a7fd/1b7c5f91-278b-4823-8418-8410ef552e24.jpeg?h=225&amp;w=225 768w, data:image/gif;base64,R0lGODlhAQABAAAAACH5BAEKAAEALAAAAAABAAEAAAICTAEAOw== 4000w" alt="Cadbury Twirl 4 Pack 136G"></picture></div></a><div class="product-details--wrapper"><h3 class="styles__H3-oa5soe-0 bCKNNq"><a href="https://www.tesco.com/groceries/en-GB/products/266712758" class="styled__Anchor-sc-1xbujuz-0 csVOnh beans-link__anchor" data-auto="product-tile--title"><span class="styled__Text-sc-1xbujuz-1 ldbwMG beans-link__text">Cadbury Twirl 4 Pack 136G</span></a></h3><div class="styles__StyledPromotionsAboveMobile-dvv1wj-7 iPTMuo"></div><div class="styles__StyledProductDetailsContent-dvv1wj-5 ddRSrq"><a href="https://www.tesco.com/groceries/en-GB/reviews/submission/266712758?from=%2Fshop%2Ffood-cupboard%2Fall" aria-label="Write a review for Cadbury Twirl 4 Pack 136G" class="styled__Anchor-sc-1xbujuz-0 jSzuDt write-a-review-link beans-link__anchor" data-auto="review-link"><span class="styled__Text-sc-1xbujuz-1 fyDIEo beans-link__text">Write a review</span><span class="styled__IconContainer-sc-1xbujuz-2 bSauSL beans-link__icon-container"><svg aria-hidden="true" class="styled__SVG-xxa4wh-1 hQMCqc beans-link__icon beans-icon__svg" height="13.33" preserveAspectRatio="xMinYMax meet" viewBox="-1 0 12 20" width="8" xmlns="http://www.w3.org/2000/svg" color="currentColor"><path d="M1.312 1.348L10.276 10l-8.964 8.644" fill="none" stroke="currentColor"></path></svg></span></a><div><a href="https://www.tesco.com/groceries/en-GB/shop/food-cupboard/chocolate-sweets-mints-and-chewing-gum/multipack-chocolate-bars/small-multipack-chocolate-bars" class="styled__Anchor-sc-1xbujuz-0 jSzuDt rest-of-shelf-link beans-link__anchor" data-auto="rest-of-shelf-link"><span class="styled__Text-sc-1xbujuz-1 fyDIEo beans-link__text">Rest of <span class="visually-hidden">Small Multipack Chocolate Bars</span> shelf</span><span class="styled__IconContainer-sc-1xbujuz-2 bSauSL beans-link__icon-container"><svg aria-hidden="true" class="styled__SVG-xxa4wh-1 hQMCqc beans-link__icon beans-icon__svg" height="13.33" preserveAspectRatio="xMinYMax meet" viewBox="-1 0 12 20" width="8" xmlns="http://www.w3.org/2000/svg" color="currentColor"><path d="M1.312 1.348L10.276 10l-8.964 8.644" fill="none" stroke="currentColor"></path></svg></span></a></div><div class="product-info-message-section"><div class="product-info-message-list"><div class="styled__WhiteBackground-sc-9yzfq2-1 jthPIJ"><svg width="56" height="61" viewBox="0 0 56 61" fill="none" xmlns="http://www.w3.org/2000/svg"><path d="M30.8759 45.8182C40.0086 42.7996 46.6572 34.3312 46.9801 24.2629H47V23.502V22.7397H46.9801C46.5765 10.112 36.2237 0 23.4993 0C10.5209 0 0 10.5209 0 23.4993C0 33.8972 6.75323 42.7162 16.1109 45.8142L16.1294 42.8684C13.3741 41.8189 10.9007 40.1978 8.8508 38.1492C5.099 34.3961 2.78308 29.2256 2.78308 23.4993C2.78308 17.7744 5.10032 12.6039 8.8508 8.84947C12.6039 5.09768 17.7744 2.78175 23.5007 2.78175C29.2256 2.78175 34.3961 5.09768 38.1505 8.84947C41.9023 12.6026 44.2182 17.7731 44.2182 23.4993C44.2182 29.2256 41.901 34.3948 38.1505 38.1492C36.1033 40.1952 33.6338 41.815 30.8838 42.8644L30.8772 45.8182H30.8759Z" fill="#EE1C2E"></path><path d="M9.82217 16.0368C10.5434 14.6962 11.4566 13.472 12.5245 12.4041C15.3354 9.59453 19.2116 7.85825 23.4994 7.85825C27.7871 7.85825 31.6633 9.59453 34.4742 12.4041C35.5435 13.4734 36.4553 14.6962 37.1765 16.0368H38.6256C35.8995 10.4309 30.1507 6.56662 23.498 6.56662C16.8454 6.56662 11.0966 10.4309 8.37042 16.0368H9.81952H9.82217Z" fill="black"></path><path d="M38.2419 28.245C37.4743 30.5728 36.1694 32.6571 34.4742 34.3537C32.8385 35.9881 30.8428 37.2599 28.6142 38.038C28.605 38.0407 28.5825 38.0394 28.5878 38.0473C28.773 38.3278 28.7836 39.3429 28.7836 39.3429C33.9567 37.6318 38.0142 33.4763 39.593 28.245H38.2419Z" fill="black"></path><path d="M12.5245 34.3537C10.4322 32.2601 8.9355 29.5763 8.30822 26.5722H6.99409C8.14941 32.5791 12.4994 37.4491 18.2085 39.3416C18.2111 39.3416 18.2177 39.3482 18.2177 39.3442C18.2627 38.2286 18.3898 38.0394 18.3898 38.0394C18.3818 38.0367 18.3726 38.0341 18.3646 38.0301C16.144 37.2519 14.1536 35.9828 12.5232 34.3524L12.5245 34.3537Z" fill="black"></path><path d="M17.6645 15.8727H20.1062V16.8335H16.623V11.2289H17.6645V15.8727Z" fill="black"></path><path d="M20.527 13.6745C20.7031 13.3516 20.9532 13.0975 21.2761 12.9136C21.599 12.7296 21.9682 12.637 22.3851 12.637C22.8019 12.637 23.1712 12.7296 23.4941 12.9136C23.817 13.0975 24.0658 13.3516 24.2431 13.6745C24.4191 13.9974 24.5065 14.3614 24.5065 14.7676C24.5065 15.1739 24.4191 15.5379 24.2431 15.8608C24.0671 16.1837 23.817 16.4364 23.4941 16.6217C23.1712 16.8057 22.8019 16.897 22.3851 16.897C21.9682 16.897 21.599 16.8057 21.2761 16.6217C20.9532 16.4378 20.7031 16.1837 20.527 15.8608C20.351 15.5379 20.2637 15.1739 20.2637 14.7676C20.2637 14.3614 20.351 13.9974 20.527 13.6745ZM21.5805 15.6477C21.7856 15.8727 22.0542 15.9838 22.3851 15.9838C22.7159 15.9838 22.9846 15.8713 23.1897 15.6477C23.3948 15.424 23.498 15.1303 23.498 14.7676C23.498 14.405 23.3948 14.1112 23.1897 13.8876C22.9846 13.6639 22.7159 13.5515 22.3851 13.5515C22.0542 13.5515 21.7856 13.6639 21.5805 13.8876C21.3753 14.1112 21.2721 14.405 21.2721 14.7676C21.2721 15.1303 21.3753 15.424 21.5805 15.6477Z" fill="black"></path><path d="M29.1687 16.8334H28.208L27.5119 14.1271L26.8158 16.8334H25.855L24.566 12.7018H25.5347L26.3182 15.4082L27.0315 12.7018H27.9923L28.7056 15.4082L29.489 12.7018H30.4577L29.1687 16.8334Z" fill="black"></path><path d="M8.61654 18.931H5.58202V20.4026H8.01572V21.6042H5.58202V23.5377H8.71579V24.738H4.27981V17.7294H8.61654V18.931Z" fill="black"></path><path d="M8.73168 19.5715H9.9836L11.2051 23.0269L12.4266 19.5715H13.6785L11.7662 24.738H10.644L8.73168 19.5715Z" fill="black"></path><path d="M18.7126 22.5558H14.8973C14.9635 22.9369 15.121 23.2254 15.3684 23.4226C15.6159 23.6198 15.9163 23.7177 16.2697 23.7177C16.5635 23.7177 16.8083 23.6555 17.0055 23.5324C17.2027 23.4093 17.3906 23.2201 17.5719 22.966L18.6226 23.5377C18.3686 23.9519 18.047 24.2682 17.6566 24.4892C17.2662 24.7089 16.7805 24.8201 16.1995 24.8201C15.6517 24.8201 15.1832 24.6917 14.7928 24.435C14.4024 24.1782 14.1099 23.8461 13.9167 23.4385C13.7235 23.0322 13.6269 22.6047 13.6269 22.1574C13.6269 21.7101 13.7288 21.2827 13.9326 20.8764C14.1364 20.4688 14.4315 20.1366 14.8192 19.8799C15.207 19.6231 15.6636 19.4948 16.1916 19.4948C16.7196 19.4948 17.1828 19.6152 17.5626 19.8547C17.9438 20.0956 18.2296 20.4106 18.4241 20.801C18.6174 21.1914 18.714 21.6069 18.714 22.0476V22.5584L18.7126 22.5558ZM17.4409 21.5751C17.3945 21.2813 17.2582 21.0418 17.0346 20.8539C16.8109 20.6673 16.5291 20.5733 16.1889 20.5733C15.9018 20.5733 15.645 20.662 15.4174 20.838C15.1911 21.0153 15.0336 21.2602 14.9463 21.5738H17.4395L17.4409 21.5751Z" fill="black"></path><path d="M19.3849 19.5715H20.6263V20.3523C20.7732 20.0718 20.9809 19.8587 21.2469 19.7118C21.5142 19.5649 21.8107 19.4921 22.1376 19.4921C22.4644 19.4921 22.745 19.5689 22.9382 19.7224L22.5174 20.7732C22.344 20.6805 22.1601 20.6329 21.9668 20.6329C21.5791 20.6329 21.2588 20.7996 21.0061 21.1331C20.752 21.4666 20.6249 21.9814 20.6249 22.6749V24.738H19.3836V19.5715H19.3849Z" fill="black"></path><path d="M24.8518 24.4178L22.9792 19.5715H24.2312L25.4434 22.8562L26.5841 19.5715H27.8255L25.1827 26.7813H23.981L24.8518 24.4178Z" fill="black"></path><path d="M28.8074 24.4786C28.4607 24.251 28.1881 23.9347 27.9909 23.5271C27.7937 23.1195 27.6958 22.663 27.6958 22.1548C27.6958 21.6466 27.7911 21.1821 27.9816 20.7785C28.1722 20.3748 28.4369 20.0585 28.7783 19.8322C29.1184 19.6059 29.5088 19.4921 29.9495 19.4921C30.2962 19.4921 30.6006 19.5543 30.86 19.6774C31.1207 19.8005 31.3205 19.9765 31.4608 20.2028V17.65H32.7021V24.7393H31.4608V24.1187C31.3139 24.3251 31.1141 24.4945 30.86 24.6242C30.6059 24.7539 30.3055 24.8201 29.9588 24.8201C29.5379 24.8201 29.1541 24.7063 28.8074 24.48V24.4786ZM31.1763 23.2664C31.4198 22.9925 31.5415 22.6219 31.5415 22.1548C31.5415 21.6876 31.4198 21.3171 31.1763 21.0431C30.9328 20.7692 30.6271 20.6329 30.2605 20.6329C29.8939 20.6329 29.5882 20.7705 29.3447 21.0431C29.1012 21.3171 28.9795 21.6876 28.9795 22.1548C28.9795 22.6219 29.1012 22.9925 29.3447 23.2664C29.5882 23.5404 29.8939 23.6767 30.2605 23.6767C30.6271 23.6767 30.9328 23.5404 31.1763 23.2664Z" fill="black"></path><path d="M34.2624 24.6388C33.9951 24.5183 33.782 24.3437 33.6219 24.1134C33.4618 23.8831 33.3824 23.6079 33.3824 23.2876C33.3824 22.7807 33.5729 22.3718 33.9527 22.0608C34.3339 21.7511 34.8473 21.595 35.4945 21.595H36.6061V21.415C36.6061 21.1543 36.5161 20.9465 36.3361 20.789C36.1562 20.6329 35.9127 20.5535 35.6056 20.5535C35.3582 20.5535 35.1345 20.6183 34.9347 20.7493C34.7349 20.879 34.584 21.0312 34.4834 21.2046L33.5319 20.6342C33.7119 20.3073 33.9792 20.0347 34.3325 19.8177C34.6859 19.6006 35.1094 19.4921 35.6043 19.4921C36.3123 19.4921 36.8629 19.6615 37.2559 20.003C37.6503 20.3431 37.8461 20.834 37.8461 21.4746V24.7393H36.8245L36.6538 24.079C36.487 24.3066 36.2753 24.4866 36.0172 24.6189C35.7605 24.7526 35.4574 24.8187 35.1107 24.8187C34.8103 24.8187 34.5271 24.7592 34.2598 24.6388H34.2624ZM36.2607 23.457C36.491 23.2572 36.6061 23.0097 36.6061 22.7159V22.5756H35.6255C35.3383 22.5756 35.1094 22.6312 34.94 22.741C34.7693 22.8509 34.6846 23.0031 34.6846 23.1963C34.6846 23.3763 34.7468 23.5152 34.8698 23.6118C34.9929 23.7084 35.1755 23.7574 35.4151 23.7574C35.7486 23.7574 36.0304 23.6568 36.2607 23.457V23.457Z" fill="black"></path><path d="M39.7571 24.4178L37.8845 19.5715H39.1364L40.3473 22.8562L41.4894 19.5715H42.7308L40.088 26.7813H38.8863L39.7571 24.4178Z" fill="black"></path><path d="M13.652 33.1164H12.6185V27.5515H14.6618C15.7985 27.5515 16.4589 28.3072 16.4589 29.2772C16.4589 30.2473 15.7985 31.0029 14.6618 31.0029H13.652V33.1177V33.1164ZM15.4095 29.2759C15.4095 28.7505 15.076 28.5044 14.5824 28.5044H13.652V30.0461H14.5824C15.0747 30.0461 15.4095 29.8 15.4095 29.2746V29.2759Z" fill="black"></path><path d="M17.0981 29.0139H18.084V29.6345C18.3222 29.1899 18.7682 28.9503 19.2843 28.9503C19.5464 28.9503 19.7687 29.0139 19.9209 29.133L19.5874 29.968C19.4524 29.8966 19.3095 29.8569 19.1507 29.8569C18.5856 29.8569 18.0854 30.3015 18.0854 31.4793V33.1177H17.0994V29.0152L17.0981 29.0139Z" fill="black"></path><path d="M20.9703 27.312C21.3356 27.312 21.6069 27.5899 21.6069 27.9485C21.6069 28.3072 21.3369 28.5851 20.9703 28.5851C20.6038 28.5851 20.3338 28.3072 20.3338 27.9485C20.3338 27.5899 20.6038 27.312 20.9703 27.312ZM21.4626 33.1164H20.4767V29.0139H21.4626V33.1164Z" fill="black"></path><path d="M22.2355 31.0651C22.2355 29.8251 23.0785 28.9503 24.3026 28.9503C25.1774 28.9503 25.8205 29.2997 26.1553 30.0713L25.2568 30.4762C25.0583 30.0792 24.7565 29.8555 24.3026 29.8555C23.6899 29.8555 23.2373 30.3399 23.2373 31.0638C23.2373 31.7877 23.6899 32.272 24.3026 32.272C24.7552 32.272 25.0583 32.0497 25.2568 31.6514L26.1553 32.0563C25.8219 32.8279 25.1774 33.1772 24.3026 33.1772C23.0785 33.1772 22.2355 32.3025 22.2355 31.0625V31.0651Z" fill="black"></path><path d="M30.5874 31.3827H27.5581C27.6693 32.0113 28.1153 32.3051 28.6473 32.3051C29.1316 32.3051 29.4109 32.0907 29.6808 31.7083L30.5159 32.1609C30.1348 32.7736 29.5617 33.1786 28.5917 33.1786C27.2167 33.1786 26.5484 32.0894 26.5484 31.0638C26.5484 30.0382 27.2723 28.949 28.5838 28.949C29.8952 28.949 30.5874 29.9667 30.5874 30.9765V31.3814V31.3827ZM29.5776 30.6033C29.5062 30.1586 29.1409 29.8079 28.5838 29.8079C28.1391 29.8079 27.7408 30.0938 27.5978 30.6033H29.5776V30.6033Z" fill="black"></path><path d="M31.0294 32.2416L31.7374 31.6448C31.9677 32.0577 32.2866 32.3051 32.7551 32.3051C33.0965 32.3051 33.3281 32.1463 33.3281 31.8922C33.3281 31.6381 33.0105 31.4952 32.4613 31.343C31.785 31.1604 31.253 30.7713 31.253 30.1507C31.253 29.4665 31.8975 28.9503 32.7154 28.9503C33.4472 28.9503 33.876 29.3156 34.1142 29.7139L33.4776 30.2631C33.2553 29.9058 32.9602 29.7933 32.7061 29.7933C32.3726 29.7933 32.1728 29.9442 32.1728 30.1189C32.1728 30.365 32.3951 30.4762 33.0634 30.6522C33.7397 30.8269 34.2796 31.1855 34.2796 31.8922C34.2796 32.5989 33.7225 33.1799 32.6902 33.1799C31.9028 33.1799 31.3311 32.8464 31.0281 32.2416H31.0294Z" fill="black"></path><path d="M23.5046 47.8549H24.2007C24.3979 47.8549 24.4045 47.8443 24.3609 47.6498C24.2643 47.2263 24.1796 46.8015 24.0724 46.382C24.0155 46.161 24.0287 46.0207 24.2391 45.8579C24.7473 45.4675 24.7658 44.7013 24.3212 44.2315C23.8792 43.7643 23.1288 43.763 22.6855 44.2275C22.2395 44.696 22.2514 45.4636 22.7609 45.854C22.9898 46.0286 22.9925 46.1822 22.9237 46.4018C22.9171 46.423 22.9118 46.4429 22.9078 46.464C22.8165 46.8743 22.7238 47.2859 22.6339 47.6961C22.6021 47.8443 22.614 47.8562 22.7715 47.8562C23.0163 47.8562 23.2611 47.8562 23.506 47.8562M23.4954 41.1361C24.2179 41.1361 24.9392 41.1334 25.6604 41.1374C25.7689 41.1374 25.8166 41.1096 25.8139 40.9932C25.8086 40.62 25.8139 40.2454 25.81 39.8723C25.806 39.5771 25.7517 39.29 25.634 39.0187C25.1602 37.9229 24.0406 37.3803 22.88 37.6807C22.0357 37.8991 21.329 38.668 21.2337 39.5374C21.1808 40.0139 21.2072 40.4982 21.1914 40.9786C21.1874 41.1056 21.235 41.1387 21.3568 41.1387C22.0701 41.1334 22.7834 41.1361 23.4967 41.1361M23.4967 50.6023C22.217 50.6023 20.9359 50.6023 19.6562 50.6023C18.6849 50.6023 17.9186 50.0041 17.699 49.0592C17.6619 48.903 17.654 48.735 17.654 48.5735C17.6513 46.7856 17.6566 44.9977 17.65 43.2112C17.6473 42.4899 17.9028 41.9037 18.4943 41.4815C18.8132 41.2539 19.1758 41.1427 19.5689 41.1374C19.7396 41.1348 19.7383 41.1321 19.7396 40.9627C19.7436 40.5035 19.7198 40.0403 19.7595 39.5851C19.9408 37.4822 21.7631 35.9683 23.862 36.1549C25.7584 36.3243 27.2578 37.96 27.2617 39.867C27.2617 40.2282 27.2617 40.5895 27.2617 40.9495C27.2617 41.1321 27.2617 41.1308 27.4457 41.1387C28.2159 41.1731 28.7796 41.5357 29.1436 42.212C29.3024 42.5071 29.3513 42.8274 29.3513 43.1595C29.3513 44.9779 29.3553 46.7949 29.3513 48.6132C29.3487 49.5965 28.732 50.3601 27.7845 50.5639C27.6429 50.5943 27.4946 50.6023 27.3491 50.6023C26.0641 50.6049 24.7804 50.6036 23.4954 50.6036" fill="black"></path></svg><p class="styled__StyledBodyText-sc-119w3hf-5 ggtTyf styled__DarkGreyBodyText-sc-9yzfq2-2 lmkdDf">Low Everyday Price</p></div></div></div></div><div class="styles__StyledBuyBoxWrapper-dvv1wj-4 dSvjUC"><div class="styles__StyledBuyBoxContainer-sc-1wx0qp6-0 erryje" data-auto="buybox-container"><div class="styles__SafeFormWrapper-jtpu2t-0 lcrYKS"><form action="https://www.tesco.com/groceries/en-GB/trolley/items/266712758?_method=PUT" method="POST"><input type="submit" class="hidden"><input name="id" type="hidden" value="266712758"><input name="identifier" type="hidden" value="Page"><input name="anchorId" type="hidden" value="#tile-266712758"><input name="returnUrl" type="hidden" value="/groceries/en-GB/shop/food-cupboard/all?redirectIfUnavailable=true#tile-266712758"><input name="backToUrl" type="hidden" value="#"><input name="oldValue" type="hidden" value="0"><input name="oldUnitChoice" type="hidden" value="pcs"><input name="newUnitChoice" type="hidden" value="pcs"><div class="base-components__RootElement-sc-1mosoyj-1 styled__Container-sc-6nhkzi-0 jptQqM hSNpTb beans-buybox__container"><div class="base-components__BaseElement-sc-1mosoyj-0 styled__PriceAndActions-sc-6nhkzi-3 oznwo eEPLov beans-buybox__price-and-actions"><div class="base-components__RootElement-sc-1mosoyj-1 styled__Container-sc-8qlq5b-0 jptQqM bgZrjw styled__StyledPrice-sc-6nhkzi-5 iYHeik beans-buybox__price beans-price__container"><p class="styled__StyledHeading-sc-119w3hf-2 jWPEtj styled__Text-sc-8qlq5b-1 lnaeiZ beans-price__text">£1.25</p><p class="styled__StyledFootnote-sc-119w3hf-7 icrlVF styled__Subtext-sc-8qlq5b-2 bNJmdc beans-price__subtext">£0.92/100g</p></div><div class="base-components__RootElement-sc-1mosoyj-1 styled__Container-vtxwzb-0 jptQqM bDFhXJ beans-buybox__actions beans-quantity-controls__container"><div class="base-components__RootElement-sc-1mosoyj-1 styled__Container-sc-16t2b2a-0 jptQqM PUfgZ styled__StyledFormGroup-vtxwzb-1 kzKuAr beans-quantity-controls__form-group beans-form-group__container"><label class="styled__StyledLabel-sc-1ttuvhr-0 izGEjV beans-form-group__label beans-label" for="quantity-controls-266712758">Quantity controls </label><div class="base-components__BaseElement-sc-1mosoyj-0 styled__Children-sc-16t2b2a-3 oznwo gdJvjO beans-form-group__children"><div class="styled__StyledQuantityControlWrapper-vtxwzb-6 LCxOg"><label id="quantity-controls-266712758-label" class="styled__VisuallyHiddenLabel-vtxwzb-7 gXlLiM">Quantity of Cadbury Twirl 4 Pack 136G</label><div class="component__Wrapper-sc-1kpmik-3 dReplG input-wrapper"><input class="base-components__RootElement-sc-1mosoyj-1 styled__StyledInput-sc-1jd5f57-0 component__StyledAsInput-sc-1kpmik-4 jptQqM eJLlow styled__StyledInput-vtxwzb-3 lwMHo beans-quantity-controls__input beans-input" data-auto="beans-quantity-controls-input" autocomplete="off" id="quantity-controls-266712758" maxlength="2" name="newValue" type="number" aria-labelledby="quantity-controls-266712758-label" value="1"></div></div><button class="styled__BaseButton-rsekm1-0 styled__PrimaryButton-rsekm1-2 jChbeY geeWOF styled__StyledButton-vtxwzb-5 japAxb beans-quantity-controls__add-button beans-button__container" type="submit" data-auto="beans-quantity-controls-add-button" aria-label="Quantity of Cadbury Twirl 4 Pack 136G"><span class="base-components__BaseElement-sc-1mosoyj-0 styled__InnerContainer-rsekm1-1 oznwo fuFres beans-button__inner-container"><span class="base-components__BaseElement-sc-1mosoyj-0 styled__TextSpan-rsekm1-4 oznwo GDiMp beans-button__text">Add</span></span></button></div></div></div></div></div><input name="_csrf" type="hidden" value="92xA6FXg-W2XHhQLLDKqjWuqmpStG0svGR_s"></form></div></div></div></div><div class="hidden-medium product-info-section-small"><div class="product-info-message-list"><div class="styled__WhiteBackground-sc-9yzfq2-1 jthPIJ"><svg width="56" height="61" viewBox="0 0 56 61" fill="none" xmlns="http://www.w3.org/2000/svg"><path d="M30.8759 45.8182C40.0086 42.7996 46.6572 34.3312 46.9801 24.2629H47V23.502V22.7397H46.9801C46.5765 10.112 36.2237 0 23.4993 0C10.5209 0 0 10.5209 0 23.4993C0 33.8972 6.75323 42.7162 16.1109 45.8142L16.1294 42.8684C13.3741 41.8189 10.9007 40.1978 8.8508 38.1492C5.099 34.3961 2.78308 29.2256 2.78308 23.4993C2.78308 17.7744 5.10032 12.6039 8.8508 8.84947C12.6039 5.09768 17.7744 2.78175 23.5007 2.78175C29.2256 2.78175 34.3961 5.09768 38.1505 8.84947C41.9023 12.6026 44.2182 17.7731 44.2182 23.4993C44.2182 29.2256 41.901 34.3948 38.1505 38.1492C36.1033 40.1952 33.6338 41.815 30.8838 42.8644L30.8772 45.8182H30.8759Z" fill="#EE1C2E"></path><path d="M9.82217 16.0368C10.5434 14.6962 11.4566 13.472 12.5245 12.4041C15.3354 9.59453 19.2116 7.85825 23.4994 7.85825C27.7871 7.85825 31.6633 9.59453 34.4742 12.4041C35.5435 13.4734 36.4553 14.6962 37.1765 16.0368H38.6256C35.8995 10.4309 30.1507 6.56662 23.498 6.56662C16.8454 6.56662 11.0966 10.4309 8.37042 16.0368H9.81952H9.82217Z" fill="black"></path><path d="M38.2419 28.245C37.4743 30.5728 36.1694 32.6571 34.4742 34.3537C32.8385 35.9881 30.8428 37.2599 28.6142 38.038C28.605 38.0407 28.5825 38.0394 28.5878 38.0473C28.773 38.3278 28.7836 39.3429 28.7836 39.3429C33.9567 37.6318 38.0142 33.4763 39.593 28.245H38.2419Z" fill="black"></path><path d="M12.5245 34.3537C10.4322 32.2601 8.9355 29.5763 8.30822 26.5722H6.99409C8.14941 32.5791 12.4994 37.4491 18.2085 39.3416C18.2111 39.3416 18.2177 39.3482 18.2177 39.3442C18.2627 38.2286 18.3898 38.0394 18.3898 38.0394C18.3818 38.0367 18.3726 38.0341 18.3646 38.0301C16.144 37.2519 14.1536 35.9828 12.5232 34.3524L12.5245 34.3537Z" fill="black"></path><path d="M17.6645 15.8727H20.1062V16.8335H16.623V11.2289H17.6645V15.8727Z" fill="black"></path><path d="M20.527 13.6745C20.7031 13.3516 20.9532 13.0975 21.2761 12.9136C21.599 12.7296 21.9682 12.637 22.3851 12.637C22.8019 12.637 23.1712 12.7296 23.4941 12.9136C23.817 13.0975 24.0658 13.3516 24.2431 13.6745C24.4191 13.9974 24.5065 14.3614 24.5065 14.7676C24.5065 15.1739 24.4191 15.5379 24.2431 15.8608C24.0671 16.1837 23.817 16.4364 23.4941 16.6217C23.1712 16.8057 22.8019 16.897 22.3851 16.897C21.9682 16.897 21.599 16.8057 21.2761 16.6217C20.9532 16.4378 20.7031 16.1837 20.527 15.8608C20.351 15.5379 20.2637 15.1739 20.2637 14.7676C20.2637 14.3614 20.351 13.9974 20.527 13.6745ZM21.5805 15.6477C21.7856 15.8727 22.0542 15.9838 22.3851 15.9838C22.7159 15.9838 22.9846 15.8713 23.1897 15.6477C23.3948 15.424 23.498 15.1303 23.498 14.7676C23.498 14.405 23.3948 14.1112 23.1897 13.8876C22.9846 13.6639 22.7159 13.5515 22.3851 13.5515C22.0542 13.5515 21.7856 13.6639 21.5805 13.8876C21.3753 14.1112 21.2721 14.405 21.2721 14.7676C21.2721 15.1303 21.3753 15.424 21.5805 15.6477Z" fill="black"></path><path d="M29.1687 16.8334H28.208L27.5119 14.1271L26.8158 16.8334H25.855L24.566 12.7018H25.5347L26.3182 15.4082L27.0315 12.7018H27.9923L28.7056 15.4082L29.489 12.7018H30.4577L29.1687 16.8334Z" fill="black"></path><path d="M8.61654 18.931H5.58202V20.4026H8.01572V21.6042H5.58202V23.5377H8.71579V24.738H4.27981V17.7294H8.61654V18.931Z" fill="black"></path><path d="M8.73168 19.5715H9.9836L11.2051 23.0269L12.4266 19.5715H13.6785L11.7662 24.738H10.644L8.73168 19.5715Z" fill="black"></path><path d="M18.7126 22.5558H14.8973C14.9635 22.9369 15.121 23.2254 15.3684 23.4226C15.6159 23.6198 15.9163 23.7177 16.2697 23.7177C16.5635 23.7177 16.8083 23.6555 17.0055 23.5324C17.2027 23.4093 17.3906 23.2201 17.5719 22.966L18.6226 23.5377C18.3686 23.9519 18.047 24.2682 17.6566 24.4892C17.2662 24.7089 16.7805 24.8201 16.1995 24.8201C15.6517 24.8201 15.1832 24.6917 14.7928 24.435C14.4024 24.1782 14.1099 23.8461 13.9167 23.4385C13.7235 23.0322 13.6269 22.6047 13.6269 22.1574C13.6269 21.7101 13.7288 21.2827 13.9326 20.8764C14.1364 20.4688 14.4315 20.1366 14.8192 19.8799C15.207 19.6231 15.6636 19.4948 16.1916 19.4948C16.7196 19.4948 17.1828 19.6152 17.5626 19.8547C17.9438 20.0956 18.2296 20.4106 18.4241 20.801C18.6174 21.1914 18.714 21.6069 18.714 22.0476V22.5584L18.7126 22.5558ZM17.4409 21.5751C17.3945 21.2813 17.2582 21.0418 17.0346 20.8539C16.8109 20.6673 16.5291 20.5733 16.1889 20.5733C15.9018 20.5733 15.645 20.662 15.4174 20.838C15.1911 21.0153 15.0336 21.2602 14.9463 21.5738H17.4395L17.4409 21.5751Z" fill="black"></path><path d="M19.3849 19.5715H20.6263V20.3523C20.7732 20.0718 20.9809 19.8587 21.2469 19.7118C21.5142 19.5649 21.8107 19.4921 22.1376 19.4921C22.4644 19.4921 22.745 19.5689 22.9382 19.7224L22.5174 20.7732C22.344 20.6805 22.1601 20.6329 21.9668 20.6329C21.5791 20.6329 21.2588 20.7996 21.0061 21.1331C20.752 21.4666 20.6249 21.9814 20.6249 22.6749V24.738H19.3836V19.5715H19.3849Z" fill="black"></path><path d="M24.8518 24.4178L22.9792 19.5715H24.2312L25.4434 22.8562L26.5841 19.5715H27.8255L25.1827 26.7813H23.981L24.8518 24.4178Z" fill="black"></path><path d="M28.8074 24.4786C28.4607 24.251 28.1881 23.9347 27.9909 23.5271C27.7937 23.1195 27.6958 22.663 27.6958 22.1548C27.6958 21.6466 27.7911 21.1821 27.9816 20.7785C28.1722 20.3748 28.4369 20.0585 28.7783 19.8322C29.1184 19.6059 29.5088 19.4921 29.9495 19.4921C30.2962 19.4921 30.6006 19.5543 30.86 19.6774C31.1207 19.8005 31.3205 19.9765 31.4608 20.2028V17.65H32.7021V24.7393H31.4608V24.1187C31.3139 24.3251 31.1141 24.4945 30.86 24.6242C30.6059 24.7539 30.3055 24.8201 29.9588 24.8201C29.5379 24.8201 29.1541 24.7063 28.8074 24.48V24.4786ZM31.1763 23.2664C31.4198 22.9925 31.5415 22.6219 31.5415 22.1548C31.5415 21.6876 31.4198 21.3171 31.1763 21.0431C30.9328 20.7692 30.6271 20.6329 30.2605 20.6329C29.8939 20.6329 29.5882 20.7705 29.3447 21.0431C29.1012 21.3171 28.9795 21.6876 28.9795 22.1548C28.9795 22.6219 29.1012 22.9925 29.3447 23.2664C29.5882 23.5404 29.8939 23.6767 30.2605 23.6767C30.6271 23.6767 30.9328 23.5404 31.1763 23.2664Z" fill="black"></path><path d="M34.2624 24.6388C33.9951 24.5183 33.782 24.3437 33.6219 24.1134C33.4618 23.8831 33.3824 23.6079 33.3824 23.2876C33.3824 22.7807 33.5729 22.3718 33.9527 22.0608C34.3339 21.7511 34.8473 21.595 35.4945 21.595H36.6061V21.415C36.6061 21.1543 36.5161 20.9465 36.3361 20.789C36.1562 20.6329 35.9127 20.5535 35.6056 20.5535C35.3582 20.5535 35.1345 20.6183 34.9347 20.7493C34.7349 20.879 34.584 21.0312 34.4834 21.2046L33.5319 20.6342C33.7119 20.3073 33.9792 20.0347 34.3325 19.8177C34.6859 19.6006 35.1094 19.4921 35.6043 19.4921C36.3123 19.4921 36.8629 19.6615 37.2559 20.003C37.6503 20.3431 37.8461 20.834 37.8461 21.4746V24.7393H36.8245L36.6538 24.079C36.487 24.3066 36.2753 24.4866 36.0172 24.6189C35.7605 24.7526 35.4574 24.8187 35.1107 24.8187C34.8103 24.8187 34.5271 24.7592 34.2598 24.6388H34.2624ZM36.2607 23.457C36.491 23.2572 36.6061 23.0097 36.6061 22.7159V22.5756H35.6255C35.3383 22.5756 35.1094 22.6312 34.94 22.741C34.7693 22.8509 34.6846 23.0031 34.6846 23.1963C34.6846 23.3763 34.7468 23.5152 34.8698 23.6118C34.9929 23.7084 35.1755 23.7574 35.4151 23.7574C35.7486 23.7574 36.0304 23.6568 36.2607 23.457V23.457Z" fill="black"></path><path d="M39.7571 24.4178L37.8845 19.5715H39.1364L40.3473 22.8562L41.4894 19.5715H42.7308L40.088 26.7813H38.8863L39.7571 24.4178Z" fill="black"></path><path d="M13.652 33.1164H12.6185V27.5515H14.6618C15.7985 27.5515 16.4589 28.3072 16.4589 29.2772C16.4589 30.2473 15.7985 31.0029 14.6618 31.0029H13.652V33.1177V33.1164ZM15.4095 29.2759C15.4095 28.7505 15.076 28.5044 14.5824 28.5044H13.652V30.0461H14.5824C15.0747 30.0461 15.4095 29.8 15.4095 29.2746V29.2759Z" fill="black"></path><path d="M17.0981 29.0139H18.084V29.6345C18.3222 29.1899 18.7682 28.9503 19.2843 28.9503C19.5464 28.9503 19.7687 29.0139 19.9209 29.133L19.5874 29.968C19.4524 29.8966 19.3095 29.8569 19.1507 29.8569C18.5856 29.8569 18.0854 30.3015 18.0854 31.4793V33.1177H17.0994V29.0152L17.0981 29.0139Z" fill="black"></path><path d="M20.9703 27.312C21.3356 27.312 21.6069 27.5899 21.6069 27.9485C21.6069 28.3072 21.3369 28.5851 20.9703 28.5851C20.6038 28.5851 20.3338 28.3072 20.3338 27.9485C20.3338 27.5899 20.6038 27.312 20.9703 27.312ZM21.4626 33.1164H20.4767V29.0139H21.4626V33.1164Z" fill="black"></path><path d="M22.2355 31.0651C22.2355 29.8251 23.0785 28.9503 24.3026 28.9503C25.1774 28.9503 25.8205 29.2997 26.1553 30.0713L25.2568 30.4762C25.0583 30.0792 24.7565 29.8555 24.3026 29.8555C23.6899 29.8555 23.2373 30.3399 23.2373 31.0638C23.2373 31.7877 23.6899 32.272 24.3026 32.272C24.7552 32.272 25.0583 32.0497 25.2568 31.6514L26.1553 32.0563C25.8219 32.8279 25.1774 33.1772 24.3026 33.1772C23.0785 33.1772 22.2355 32.3025 22.2355 31.0625V31.0651Z" fill="black"></path><path d="M30.5874 31.3827H27.5581C27.6693 32.0113 28.1153 32.3051 28.6473 32.3051C29.1316 32.3051 29.4109 32.0907 29.6808 31.7083L30.5159 32.1609C30.1348 32.7736 29.5617 33.1786 28.5917 33.1786C27.2167 33.1786 26.5484 32.0894 26.5484 31.0638C26.5484 30.0382 27.2723 28.949 28.5838 28.949C29.8952 28.949 30.5874 29.9667 30.5874 30.9765V31.3814V31.3827ZM29.5776 30.6033C29.5062 30.1586 29.1409 29.8079 28.5838 29.8079C28.1391 29.8079 27.7408 30.0938 27.5978 30.6033H29.5776V30.6033Z" fill="black"></path><path d="M31.0294 32.2416L31.7374 31.6448C31.9677 32.0577 32.2866 32.3051 32.7551 32.3051C33.0965 32.3051 33.3281 32.1463 33.3281 31.8922C33.3281 31.6381 33.0105 31.4952 32.4613 31.343C31.785 31.1604 31.253 30.7713 31.253 30.1507C31.253 29.4665 31.8975 28.9503 32.7154 28.9503C33.4472 28.9503 33.876 29.3156 34.1142 29.7139L33.4776 30.2631C33.2553 29.9058 32.9602 29.7933 32.7061 29.7933C32.3726 29.7933 32.1728 29.9442 32.1728 30.1189C32.1728 30.365 32.3951 30.4762 33.0634 30.6522C33.7397 30.8269 34.2796 31.1855 34.2796 31.8922C34.2796 32.5989 33.7225 33.1799 32.6902 33.1799C31.9028 33.1799 31.3311 32.8464 31.0281 32.2416H31.0294Z" fill="black"></path><path d="M23.5046 47.8549H24.2007C24.3979 47.8549 24.4045 47.8443 24.3609 47.6498C24.2643 47.2263 24.1796 46.8015 24.0724 46.382C24.0155 46.161 24.0287 46.0207 24.2391 45.8579C24.7473 45.4675 24.7658 44.7013 24.3212 44.2315C23.8792 43.7643 23.1288 43.763 22.6855 44.2275C22.2395 44.696 22.2514 45.4636 22.7609 45.854C22.9898 46.0286 22.9925 46.1822 22.9237 46.4018C22.9171 46.423 22.9118 46.4429 22.9078 46.464C22.8165 46.8743 22.7238 47.2859 22.6339 47.6961C22.6021 47.8443 22.614 47.8562 22.7715 47.8562C23.0163 47.8562 23.2611 47.8562 23.506 47.8562M23.4954 41.1361C24.2179 41.1361 24.9392 41.1334 25.6604 41.1374C25.7689 41.1374 25.8166 41.1096 25.8139 40.9932C25.8086 40.62 25.8139 40.2454 25.81 39.8723C25.806 39.5771 25.7517 39.29 25.634 39.0187C25.1602 37.9229 24.0406 37.3803 22.88 37.6807C22.0357 37.8991 21.329 38.668 21.2337 39.5374C21.1808 40.0139 21.2072 40.4982 21.1914 40.9786C21.1874 41.1056 21.235 41.1387 21.3568 41.1387C22.0701 41.1334 22.7834 41.1361 23.4967 41.1361M23.4967 50.6023C22.217 50.6023 20.9359 50.6023 19.6562 50.6023C18.6849 50.6023 17.9186 50.0041 17.699 49.0592C17.6619 48.903 17.654 48.735 17.654 48.5735C17.6513 46.7856 17.6566 44.9977 17.65 43.2112C17.6473 42.4899 17.9028 41.9037 18.4943 41.4815C18.8132 41.2539 19.1758 41.1427 19.5689 41.1374C19.7396 41.1348 19.7383 41.1321 19.7396 40.9627C19.7436 40.5035 19.7198 40.0403 19.7595 39.5851C19.9408 37.4822 21.7631 35.9683 23.862 36.1549C25.7584 36.3243 27.2578 37.96 27.2617 39.867C27.2617 40.2282 27.2617 40.5895 27.2617 40.9495C27.2617 41.1321 27.2617 41.1308 27.4457 41.1387C28.2159 41.1731 28.7796 41.5357 29.1436 42.212C29.3024 42.5071 29.3513 42.8274 29.3513 43.1595C29.3513 44.9779 29.3553 46.7949 29.3513 48.6132C29.3487 49.5965 28.732 50.3601 27.7845 50.5639C27.6429 50.5943 27.4946 50.6023 27.3491 50.6023C26.0641 50.6049 24.7804 50.6036 23.4954 50.6036" fill="black"></path></svg><p class="styled__StyledBodyText-sc-119w3hf-5 ggtTyf styled__DarkGreyBodyText-sc-9yzfq2-2 lmkdDf">Low Everyday Price</p></div></div></div></div></div></div></div></li><li class="product-list--list-item"><div class="styles__StyledVerticalTileWrapper-dvv1wj-0 dtCNPH"><div data-auto="product-tile" data-auto-type="Quantity" data-auto-available="true" data-auto-is-restricted-disabled="false" data-auto-is-substitute="false" class="styles__StyledVerticalTile-dvv1wj-1 gSCsYK"><div class="styles__StyledTileContentWrapper-dvv1wj-2 bkNhNP beans"><div id="tile-309169039" data-auto-id="309169039" class="styles__StyledTiledContent-dvv1wj-3 bcglTg"><a href="https://www.tesco.com/groceries/en-GB/products/309169039" aria-hidden="true" class="product-image-wrapper" tabindex="1"><div class="product-image__container"><picture><img class="styled__Image-sjvkdn-0 bJErKA product-image beans-responsive-image__image" src="data:image/gif;base64,R0lGODlhAQABAAAAACH5BAEKAAEALAAAAAABAAEAAAICTAEAOw==" srcset="https://digitalcontent.api.tesco.com/v2/media/ghs/f09fc2b3-7fd5-46ed-8a37-7c8254367f85/391e0529-499b-418a-95da-c6977001b63c_582570458.jpeg?h=225&amp;w=225 768w, data:image/gif;base64,R0lGODlhAQABAAAAACH5BAEKAAEALAAAAAABAAEAAAICTAEAOw== 4000w" alt="Cadbury Medium Santa Selection Box 145G"></picture></div></a><div class="product-details--wrapper"><h3 class="styles__H3-oa5soe-0 bCKNNq"><a href="https://www.tesco.com/groceries/en-GB/products/309169039" class="styled__Anchor-sc-1xbujuz-0 csVOnh beans-link__anchor" data-auto="product-tile--title"><span class="styled__Text-sc-1xbujuz-1 ldbwMG beans-link__text">Cadbury Medium Santa Selection Box 145G</span></a></h3><div class="styles__StyledProductDetailsContent-dvv1wj-5 ddRSrq"><a href="https://www.tesco.com/groceries/en-GB/reviews/submission/309169039?from=%2Fshop%2Ffood-cupboard%2Fall" aria-label="Write a review for Cadbury Medium Santa Selection Box 145G" class="styled__Anchor-sc-1xbujuz-0 jSzuDt write-a-review-link beans-link__anchor" data-auto="review-link"><span class="styled__Text-sc-1xbujuz-1 fyDIEo beans-link__text">Write a review</span><span class="styled__IconContainer-sc-1xbujuz-2 bSauSL beans-link__icon-container"><svg aria-hidden="true" class="styled__SVG-xxa4wh-1 hQMCqc beans-link__icon beans-icon__svg" height="13.33" preserveAspectRatio="xMinYMax meet" viewBox="-1 0 12 20" width="8" xmlns="http://www.w3.org/2000/svg" color="currentColor"><path d="M1.312 1.348L10.276 10l-8.964 8.644" fill="none" stroke="currentColor"></path></svg></span></a><div><a href="https://www.tesco.com/groceries/en-GB/shop/food-cupboard/christmas-treats/selection-boxes/christmas-selection-box" class="styled__Anchor-sc-1xbujuz-0 jSzuDt rest-of-shelf-link beans-link__anchor" data-auto="rest-of-shelf-link"><span class="styled__Text-sc-1xbujuz-1 fyDIEo beans-link__text">Rest of <span class="visually-hidden">Christmas Selection Box</span> shelf</span><span class="styled__IconContainer-sc-1xbujuz-2 bSauSL beans-link__icon-container"><svg aria-hidden="true" class="styled__SVG-xxa4wh-1 hQMCqc beans-link__icon beans-icon__svg" height="13.33" preserveAspectRatio="xMinYMax meet" viewBox="-1 0 12 20" width="8" xmlns="http://www.w3.org/2000/svg" color="currentColor"><path d="M1.312 1.348L10.276 10l-8.964 8.644" fill="none" stroke="currentColor"></path></svg></span></a></div><div class="product-info-message-section"><div class="product-info-message-list"></div></div></div><div class="styles__StyledPromotionsWithBuyBoxWrapper-dvv1wj-8 cZskDh"><div class="styles__StyledPromotionsAboveMobile-dvv1wj-7 iPTMuo"><div class="styles__StyledPromotionsWithClubcardPriceContainer-sc-1vdpoop-0 bsPFbn"><div class="styles__StyledClubcardLogo-sc-1vdpoop-2 elOZEB"><div class="styles__Wrapper-sc-1d2phhy-0 hgBuQG undefined special-offer-sash"><span class="styles__CircleWrapper-sc-1d2phhy-2 hCbzjm"><strong class="styles__TextWrapper-sc-1d2phhy-1 bLXNGg">Clubcard Price</strong></span></div></div><a href="https://www.tesco.com/groceries/en-GB/promotions/88605272"><div class="styles__ProductPromotionStyling-sc-1vdpoop-3 WGKAK"><div class="styles__StyledPromotionsOfferContent-sc-1vdpoop-1 cPSekc"><span class="offer-text">£1.25 Clubcard Price</span></div><span class="dates">Offer valid for delivery from 01/11/2022 until 02/12/2022</span></div></a></div></div><div class="styles__StyledBuyBoxWrapper-dvv1wj-4 dSvjUC"><div class="styles__StyledBuyBoxContainer-sc-1wx0qp6-0 erryje" data-auto="buybox-container"><div class="styles__SafeFormWrapper-jtpu2t-0 lcrYKS"><form action="https://www.tesco.com/groceries/en-GB/trolley/items/309169039?_method=PUT" method="POST"><input type="submit" class="hidden"><input name="id" type="hidden" value="309169039"><input name="identifier" type="hidden" value="Page"><input name="anchorId" type="hidden" value="#tile-309169039"><input name="returnUrl" type="hidden" value="/groceries/en-GB/shop/food-cupboard/all?redirectIfUnavailable=true#tile-309169039"><input name="backToUrl" type="hidden" value="#"><input name="oldValue" type="hidden" value="0"><input name="oldUnitChoice" type="hidden" value="pcs"><input name="newUnitChoice" type="hidden" value="pcs"><div class="base-components__RootElement-sc-1mosoyj-1 styled__Container-sc-6nhkzi-0 jptQqM hSNpTb beans-buybox__container"><div class="base-components__BaseElement-sc-1mosoyj-0 styled__PriceAndActions-sc-6nhkzi-3 oznwo eEPLov beans-buybox__price-and-actions"><div class="base-components__RootElement-sc-1mosoyj-1 styled__Container-sc-8qlq5b-0 jptQqM bgZrjw styled__StyledPrice-sc-6nhkzi-5 iYHeik beans-buybox__price beans-price__container"><p class="styled__StyledHeading-sc-119w3hf-2 jWPEtj styled__Text-sc-8qlq5b-1 lnaeiZ beans-price__text">£1.50</p><p class="styled__StyledFootnote-sc-119w3hf-7 icrlVF styled__Subtext-sc-8qlq5b-2 bNJmdc beans-price__subtext">£1.04/100g</p></div><div class="base-components__RootElement-sc-1mosoyj-1 styled__Container-vtxwzb-0 jptQqM bDFhXJ beans-buybox__actions beans-quantity-controls__container"><div class="base-components__RootElement-sc-1mosoyj-1 styled__Container-sc-16t2b2a-0 jptQqM PUfgZ styled__StyledFormGroup-vtxwzb-1 kzKuAr beans-quantity-controls__form-group beans-form-group__container"><label class="styled__StyledLabel-sc-1ttuvhr-0 izGEjV beans-form-group__label beans-label" for="quantity-controls-309169039">Quantity controls </label><div class="base-components__BaseElement-sc-1mosoyj-0 styled__Children-sc-16t2b2a-3 oznwo gdJvjO beans-form-group__children"><div class="styled__StyledQuantityControlWrapper-vtxwzb-6 LCxOg"><label id="quantity-controls-309169039-label" class="styled__VisuallyHiddenLabel-vtxwzb-7 gXlLiM">Quantity of Cadbury Medium Santa Selection Box 145G</label><div class="component__Wrapper-sc-1kpmik-3 dReplG input-wrapper"><input class="base-components__RootElement-sc-1mosoyj-1 styled__StyledInput-sc-1jd5f57-0 component__StyledAsInput-sc-1kpmik-4 jptQqM eJLlow styled__StyledInput-vtxwzb-3 lwMHo beans-quantity-controls__input beans-input" data-auto="beans-quantity-controls-input" autocomplete="off" id="quantity-controls-309169039" maxlength="2" name="newValue" type="number" aria-labelledby="quantity-controls-309169039-label" value="1"></div></div><button class="styled__BaseButton-rsekm1-0 styled__PrimaryButton-rsekm1-2 jChbeY geeWOF styled__StyledButton-vtxwzb-5 japAxb beans-quantity-controls__add-button beans-button__container" type="submit" data-auto="beans-quantity-controls-add-button" aria-label="Quantity of Cadbury Medium Santa Selection Box 145G"><span class="base-components__BaseElement-sc-1mosoyj-0 styled__InnerContainer-rsekm1-1 oznwo fuFres beans-button__inner-container"><span class="base-components__BaseElement-sc-1mosoyj-0 styled__TextSpan-rsekm1-4 oznwo GDiMp beans-button__text">Add</span></span></button></div></div></div></div></div><input name="_csrf" type="hidden" value="92xA6FXg-W2XHhQLLDKqjWuqmpStG0svGR_s"></form></div></div></div></div></div><div class="hidden-medium product-info-section-small"><div class="product-info-message-list"></div></div></div><div class="styles__StyledPromotionsMobile-dvv1wj-6 Bxaeb"><div><div class="styles__StyledPromotionsWithClubcardPriceContainer-sc-1vdpoop-0 bsPFbn"><div class="styles__StyledClubcardLogo-sc-1vdpoop-2 elOZEB"><div class="styles__Wrapper-sc-1d2phhy-0 hgBuQG undefined special-offer-sash"><span class="styles__CircleWrapper-sc-1d2phhy-2 hCbzjm"><strong class="styles__TextWrapper-sc-1d2phhy-1 bLXNGg">Clubcard Price</strong></span></div></div><a href="https://www.tesco.com/groceries/en-GB/promotions/88605272"><div class="styles__ProductPromotionStyling-sc-1vdpoop-3 WGKAK"><div class="styles__StyledPromotionsOfferContent-sc-1vdpoop-1 cPSekc"><span class="offer-text">£1.25 Clubcard Price</span></div><span class="dates">Offer valid for delivery from 01/11/2022 until 02/12/2022</span></div></a></div></div></div></div></div></div></li><li class="product-list--list-item"><div class="styles__StyledVerticalTileWrapper-dvv1wj-0 dtCNPH"><div data-auto="product-tile" data-auto-type="Quantity" data-auto-available="true" data-auto-is-restricted-disabled="false" data-auto-is-substitute="false" class="styles__StyledVerticalTile-dvv1wj-1 gSCsYK"><div class="styles__StyledTileContentWrapper-dvv1wj-2 bkNhNP beans"><div id="tile-251825089" data-auto-id="251825089" class="styles__StyledTiledContent-dvv1wj-3 bcglTg"><a href="https://www.tesco.com/groceries/en-GB/products/251825089" aria-hidden="true" class="product-image-wrapper" tabindex="1"><div class="product-image__container"><picture><img class="styled__Image-sjvkdn-0 bJErKA product-image beans-responsive-image__image" src="data:image/gif;base64,R0lGODlhAQABAAAAACH5BAEKAAEALAAAAAABAAEAAAICTAEAOw==" srcset="https://digitalcontent.api.tesco.com/v2/media/ghs/891382dd-f2df-49d2-bdef-b175c4381247/5eef108e-c40b-460d-a2fd-18d233619e9c_1793816619.jpeg?h=225&amp;w=225 768w, data:image/gif;base64,R0lGODlhAQABAAAAACH5BAEKAAEALAAAAAABAAEAAAICTAEAOw== 4000w" alt="Tesco Italian Chopped Tomatoes 400G Ce"></picture></div></a><div class="product-details--wrapper"><h3 class="styles__H3-oa5soe-0 bCKNNq"><a href="https://www.tesco.com/groceries/en-GB/products/251825089" class="styled__Anchor-sc-1xbujuz-0 csVOnh beans-link__anchor" data-auto="product-tile--title"><span class="styled__Text-sc-1xbujuz-1 ldbwMG beans-link__text">Tesco Italian Chopped Tomatoes 400G Ce</span></a></h3><div class="styles__StyledProductDetailsContent-dvv1wj-5 ddRSrq"><a href="https://www.tesco.com/groceries/en-GB/reviews/submission/251825089?from=%2Fshop%2Ffood-cupboard%2Fall" aria-label="Write a review for Tesco Italian Chopped Tomatoes 400G Ce" class="styled__Anchor-sc-1xbujuz-0 jSzuDt write-a-review-link beans-link__anchor" data-auto="review-link"><span class="styled__Text-sc-1xbujuz-1 fyDIEo beans-link__text">Write a review</span><span class="styled__IconContainer-sc-1xbujuz-2 bSauSL beans-link__icon-container"><svg aria-hidden="true" class="styled__SVG-xxa4wh-1 hQMCqc beans-link__icon beans-icon__svg" height="13.33" preserveAspectRatio="xMinYMax meet" viewBox="-1 0 12 20" width="8" xmlns="http://www.w3.org/2000/svg" color="currentColor"><path d="M1.312 1.348L10.276 10l-8.964 8.644" fill="none" stroke="currentColor"></path></svg></span></a><div><a href="https://www.tesco.com/groceries/en-GB/shop/food-cupboard/tins-cans-and-packets/tomatoes-passata-and-puree/chopped-tomatoes" class="styled__Anchor-sc-1xbujuz-0 jSzuDt rest-of-shelf-link beans-link__anchor" data-auto="rest-of-shelf-link"><span class="styled__Text-sc-1xbujuz-1 fyDIEo beans-link__text">Rest of <span class="visually-hidden">Chopped Tomatoes</span> shelf</span><span class="styled__IconContainer-sc-1xbujuz-2 bSauSL beans-link__icon-container"><svg aria-hidden="true" class="styled__SVG-xxa4wh-1 hQMCqc beans-link__icon beans-icon__svg" height="13.33" preserveAspectRatio="xMinYMax meet" viewBox="-1 0 12 20" width="8" xmlns="http://www.w3.org/2000/svg" color="currentColor"><path d="M1.312 1.348L10.276 10l-8.964 8.644" fill="none" stroke="currentColor"></path></svg></span></a></div><div class="product-info-message-section"><div class="product-info-message-list"></div></div></div><div class="styles__StyledPromotionsWithBuyBoxWrapper-dvv1wj-8 cZskDh"><div class="styles__StyledPromotionsAboveMobile-dvv1wj-7 iPTMuo"><div class="styles__StyledPromotionsWithClubcardPriceContainer-sc-1vdpoop-0 bsPFbn"><div class="styles__StyledClubcardLogo-sc-1vdpoop-2 elOZEB"><div class="styles__Wrapper-sc-1d2phhy-0 hgBuQG undefined special-offer-sash"><span class="styles__CircleWrapper-sc-1d2phhy-2 hCbzjm"><strong class="styles__TextWrapper-sc-1d2phhy-1 bLXNGg">Clubcard Price</strong></span></div></div><a href="https://www.tesco.com/groceries/en-GB/promotions/88612950"><div class="styles__ProductPromotionStyling-sc-1vdpoop-3 WGKAK"><div class="styles__StyledPromotionsOfferContent-sc-1vdpoop-1 cPSekc"><span class="offer-text">Any 4 for £1.70 Clubcard Price - Tesco Peeled Plum Or Italian Chopped Tomatoes 400g</span></div><span class="dates">Offer valid for delivery from 16/11/2022 until 06/12/2022</span></div></a></div></div><div class="styles__StyledBuyBoxWrapper-dvv1wj-4 dSvjUC"><div class="styles__StyledBuyBoxContainer-sc-1wx0qp6-0 erryje" data-auto="buybox-container"><div class="styles__SafeFormWrapper-jtpu2t-0 lcrYKS"><form action="https://www.tesco.com/groceries/en-GB/trolley/items/251825089?_method=PUT" method="POST"><input type="submit" class="hidden"><input name="id" type="hidden" value="251825089"><input name="identifier" type="hidden" value="Page"><input name="anchorId" type="hidden" value="#tile-251825089"><input name="returnUrl" type="hidden" value="/groceries/en-GB/shop/food-cupboard/all?redirectIfUnavailable=true#tile-251825089"><input name="backToUrl" type="hidden" value="#"><input name="oldValue" type="hidden" value="0"><input name="oldUnitChoice" type="hidden" value="pcs"><input name="newUnitChoice" type="hidden" value="pcs"><div class="base-components__RootElement-sc-1mosoyj-1 styled__Container-sc-6nhkzi-0 jptQqM hSNpTb beans-buybox__container"><div class="base-components__BaseElement-sc-1mosoyj-0 styled__PriceAndActions-sc-6nhkzi-3 oznwo eEPLov beans-buybox__price-and-actions"><div class="base-components__RootElement-sc-1mosoyj-1 styled__Container-sc-8qlq5b-0 jptQqM bgZrjw styled__StyledPrice-sc-6nhkzi-5 iYHeik beans-buybox__price beans-price__container"><p class="styled__StyledHeading-sc-119w3hf-2 jWPEtj styled__Text-sc-8qlq5b-1 lnaeiZ beans-price__text">£0.45</p><p class="styled__StyledFootnote-sc-119w3hf-7 icrlVF styled__Subtext-sc-8qlq5b-2 bNJmdc beans-price__subtext">£1.13/kg</p></div><div class="base-components__RootElement-sc-1mosoyj-1 styled__Container-vtxwzb-0 jptQqM bDFhXJ beans-buybox__actions beans-quantity-controls__container"><div class="base-components__RootElement-sc-1mosoyj-1 styled__Container-sc-16t2b2a-0 jptQqM PUfgZ styled__StyledFormGroup-vtxwzb-1 kzKuAr beans-quantity-controls__form-group beans-form-group__container"><label class="styled__StyledLabel-sc-1ttuvhr-0 izGEjV beans-form-group__label beans-label" for="quantity-controls-251825089">Quantity controls </label><div class="base-components__BaseElement-sc-1mosoyj-0 styled__Children-sc-16t2b2a-3 oznwo gdJvjO beans-form-group__children"><div class="styled__StyledQuantityControlWrapper-vtxwzb-6 LCxOg"><label id="quantity-controls-251825089-label" class="styled__VisuallyHiddenLabel-vtxwzb-7 gXlLiM">Quantity of Tesco Italian Chopped Tomatoes 400G Ce</label><div class="component__Wrapper-sc-1kpmik-3 dReplG input-wrapper"><input class="base-components__RootElement-sc-1mosoyj-1 styled__StyledInput-sc-1jd5f57-0 component__StyledAsInput-sc-1kpmik-4 jptQqM eJLlow styled__StyledInput-vtxwzb-3 lwMHo beans-quantity-controls__input beans-input" data-auto="beans-quantity-controls-input" autocomplete="off" id="quantity-controls-251825089" maxlength="2" name="newValue" type="number" aria-labelledby="quantity-controls-251825089-label" value="1"></div></div><button class="styled__BaseButton-rsekm1-0 styled__PrimaryButton-rsekm1-2 jChbeY geeWOF styled__StyledButton-vtxwzb-5 japAxb beans-quantity-controls__add-button beans-button__container" type="submit" data-auto="beans-quantity-controls-add-button" aria-label="Quantity of Tesco Italian Chopped Tomatoes 400G Ce"><span class="base-components__BaseElement-sc-1mosoyj-0 styled__InnerContainer-rsekm1-1 oznwo fuFres beans-button__inner-container"><span class="base-components__BaseElement-sc-1mosoyj-0 styled__TextSpan-rsekm1-4 oznwo GDiMp beans-button__text">Add</span></span></button></div></div></div></div></div><input name="_csrf" type="hidden" value="92xA6FXg-W2XHhQLLDKqjWuqmpStG0svGR_s"></form></div></div></div></div></div><div class="hidden-medium product-info-section-small"><div class="product-info-message-list"></div></div></div><div class="styles__StyledPromotionsMobile-dvv1wj-6 Bxaeb"><div><div class="styles__StyledPromotionsWithClubcardPriceContainer-sc-1vdpoop-0 bsPFbn"><div class="styles__StyledClubcardLogo-sc-1vdpoop-2 elOZEB"><div class="styles__Wrapper-sc-1d2phhy-0 hgBuQG undefined special-offer-sash"><span class="styles__CircleWrapper-sc-1d2phhy-2 hCbzjm"><strong class="styles__TextWrapper-sc-1d2phhy-1 bLXNGg">Clubcard Price</strong></span></div></div><a href="https://www.tesco.com/groceries/en-GB/promotions/88612950"><div class="styles__ProductPromotionStyling-sc-1vdpoop-3 WGKAK"><div class="styles__StyledPromotionsOfferContent-sc-1vdpoop-1 cPSekc"><span class="offer-text">Any 4 for £1.70 Clubcard Price - Tesco Peeled Plum Or Italian Chopped Tomatoes 400g</span></div><span class="dates">Offer valid for delivery from 16/11/2022 until 06/12/2022</span></div></a></div></div></div></div></div></div></li><li class="product-list--list-item"><div class="styles__StyledVerticalTileWrapper-dvv1wj-0 dtCNPH"><div data-auto="product-tile" data-auto-type="Quantity" data-auto-available="true" data-auto-is-restricted-disabled="false" data-auto-is-substitute="false" class="styles__StyledVerticalTile-dvv1wj-1 gSCsYK"><div class="styles__StyledTileContentWrapper-dvv1wj-2 bkNhNP beans"><div id="tile-251825037" data-auto-id="251825037" class="styles__StyledTiledContent-dvv1wj-3 bcglTg"><a href="https://www.tesco.com/groceries/en-GB/products/251825037" aria-hidden="true" class="product-image-wrapper" tabindex="1"><div class="product-image__container"><picture><img class="styled__Image-sjvkdn-0 bJErKA product-image beans-responsive-image__image" src="data:image/gif;base64,R0lGODlhAQABAAAAACH5BAEKAAEALAAAAAABAAEAAAICTAEAOw==" srcset="https://digitalcontent.api.tesco.com/v2/media/ghs/9f297fdc-f5b3-4c3e-abc8-166891197caf/fd2eacd2-c431-4c77-baf8-841ede55b9d1_1349813731.jpeg?h=225&amp;w=225 768w, data:image/gif;base64,R0lGODlhAQABAAAAACH5BAEKAAEALAAAAAABAAEAAAICTAEAOw== 4000w" alt="Tesco Italian Plum Peeled Tomatoes 400G"></picture></div></a><div class="product-details--wrapper"><h3 class="styles__H3-oa5soe-0 bCKNNq"><a href="https://www.tesco.com/groceries/en-GB/products/251825037" class="styled__Anchor-sc-1xbujuz-0 csVOnh beans-link__anchor" data-auto="product-tile--title"><span class="styled__Text-sc-1xbujuz-1 ldbwMG beans-link__text">Tesco Italian Plum Peeled Tomatoes 400G</span></a></h3><div class="styles__StyledProductDetailsContent-dvv1wj-5 ddRSrq"><a href="https://www.tesco.com/groceries/en-GB/reviews/submission/251825037?from=%2Fshop%2Ffood-cupboard%2Fall" aria-label="Write a review for Tesco Italian Plum Peeled Tomatoes 400G" class="styled__Anchor-sc-1xbujuz-0 jSzuDt write-a-review-link beans-link__anchor" data-auto="review-link"><span class="styled__Text-sc-1xbujuz-1 fyDIEo beans-link__text">Write a review</span><span class="styled__IconContainer-sc-1xbujuz-2 bSauSL beans-link__icon-container"><svg aria-hidden="true" class="styled__SVG-xxa4wh-1 hQMCqc beans-link__icon beans-icon__svg" height="13.33" preserveAspectRatio="xMinYMax meet" viewBox="-1 0 12 20" width="8" xmlns="http://www.w3.org/2000/svg" color="currentColor"><path d="M1.312 1.348L10.276 10l-8.964 8.644" fill="none" stroke="currentColor"></path></svg></span></a><div><a href="https://www.tesco.com/groceries/en-GB/shop/food-cupboard/tins-cans-and-packets/tomatoes-passata-and-puree/plum-and-peeled-tomatoes" class="styled__Anchor-sc-1xbujuz-0 jSzuDt rest-of-shelf-link beans-link__anchor" data-auto="rest-of-shelf-link"><span class="styled__Text-sc-1xbujuz-1 fyDIEo beans-link__text">Rest of <span class="visually-hidden">Plum &amp; Peeled Tomatoes</span> shelf</span><span class="styled__IconContainer-sc-1xbujuz-2 bSauSL beans-link__icon-container"><svg aria-hidden="true" class="styled__SVG-xxa4wh-1 hQMCqc beans-link__icon beans-icon__svg" height="13.33" preserveAspectRatio="xMinYMax meet" viewBox="-1 0 12 20" width="8" xmlns="http://www.w3.org/2000/svg" color="currentColor"><path d="M1.312 1.348L10.276 10l-8.964 8.644" fill="none" stroke="currentColor"></path></svg></span></a></div><div class="product-info-message-section"><div class="product-info-message-list"></div></div></div><div class="styles__StyledPromotionsWithBuyBoxWrapper-dvv1wj-8 cZskDh"><div class="styles__StyledPromotionsAboveMobile-dvv1wj-7 iPTMuo"><div class="styles__StyledPromotionsWithClubcardPriceContainer-sc-1vdpoop-0 bsPFbn"><div class="styles__StyledClubcardLogo-sc-1vdpoop-2 elOZEB"><div class="styles__Wrapper-sc-1d2phhy-0 hgBuQG undefined special-offer-sash"><span class="styles__CircleWrapper-sc-1d2phhy-2 hCbzjm"><strong class="styles__TextWrapper-sc-1d2phhy-1 bLXNGg">Clubcard Price</strong></span></div></div><a href="https://www.tesco.com/groceries/en-GB/promotions/88612950"><div class="styles__ProductPromotionStyling-sc-1vdpoop-3 WGKAK"><div class="styles__StyledPromotionsOfferContent-sc-1vdpoop-1 cPSekc"><span class="offer-text">Any 4 for £1.70 Clubcard Price - Tesco Peeled Plum Or Italian Chopped Tomatoes 400g</span></div><span class="dates">Offer valid for delivery from 16/11/2022 until 06/12/2022</span></div></a></div></div><div class="styles__StyledBuyBoxWrapper-dvv1wj-4 dSvjUC"><div class="styles__StyledBuyBoxContainer-sc-1wx0qp6-0 erryje" data-auto="buybox-container"><div class="styles__SafeFormWrapper-jtpu2t-0 lcrYKS"><form action="https://www.tesco.com/groceries/en-GB/trolley/items/251825037?_method=PUT" method="POST"><input type="submit" class="hidden"><input name="id" type="hidden" value="251825037"><input name="identifier" type="hidden" value="Page"><input name="anchorId" type="hidden" value="#tile-251825037"><input name="returnUrl" type="hidden" value="/groceries/en-GB/shop/food-cupboard/all?redirectIfUnavailable=true#tile-251825037"><input name="backToUrl" type="hidden" value="#"><input name="oldValue" type="hidden" value="0"><input name="oldUnitChoice" type="hidden" value="pcs"><input name="newUnitChoice" type="hidden" value="pcs"><div class="base-components__RootElement-sc-1mosoyj-1 styled__Container-sc-6nhkzi-0 jptQqM hSNpTb beans-buybox__container"><div class="base-components__BaseElement-sc-1mosoyj-0 styled__PriceAndActions-sc-6nhkzi-3 oznwo eEPLov beans-buybox__price-and-actions"><div class="base-components__RootElement-sc-1mosoyj-1 styled__Container-sc-8qlq5b-0 jptQqM bgZrjw styled__StyledPrice-sc-6nhkzi-5 iYHeik beans-buybox__price beans-price__container"><p class="styled__StyledHeading-sc-119w3hf-2 jWPEtj styled__Text-sc-8qlq5b-1 lnaeiZ beans-price__text">£0.45</p><p class="styled__StyledFootnote-sc-119w3hf-7 icrlVF styled__Subtext-sc-8qlq5b-2 bNJmdc beans-price__subtext">£1.13/kg</p></div><div class="base-components__RootElement-sc-1mosoyj-1 styled__Container-vtxwzb-0 jptQqM bDFhXJ beans-buybox__actions beans-quantity-controls__container"><div class="base-components__RootElement-sc-1mosoyj-1 styled__Container-sc-16t2b2a-0 jptQqM PUfgZ styled__StyledFormGroup-vtxwzb-1 kzKuAr beans-quantity-controls__form-group beans-form-group__container"><label class="styled__StyledLabel-sc-1ttuvhr-0 izGEjV beans-form-group__label beans-label" for="quantity-controls-251825037">Quantity controls </label><div class="base-components__BaseElement-sc-1mosoyj-0 styled__Children-sc-16t2b2a-3 oznwo gdJvjO beans-form-group__children"><div class="styled__StyledQuantityControlWrapper-vtxwzb-6 LCxOg"><label id="quantity-controls-251825037-label" class="styled__VisuallyHiddenLabel-vtxwzb-7 gXlLiM">Quantity of Tesco Italian Plum Peeled Tomatoes 400G</label><div class="component__Wrapper-sc-1kpmik-3 dReplG input-wrapper"><input class="base-components__RootElement-sc-1mosoyj-1 styled__StyledInput-sc-1jd5f57-0 component__StyledAsInput-sc-1kpmik-4 jptQqM eJLlow styled__StyledInput-vtxwzb-3 lwMHo beans-quantity-controls__input beans-input" data-auto="beans-quantity-controls-input" autocomplete="off" id="quantity-controls-251825037" maxlength="2" name="newValue" type="number" aria-labelledby="quantity-controls-251825037-label" value="1"></div></div><button class="styled__BaseButton-rsekm1-0 styled__PrimaryButton-rsekm1-2 jChbeY geeWOF styled__StyledButton-vtxwzb-5 japAxb beans-quantity-controls__add-button beans-button__container" type="submit" data-auto="beans-quantity-controls-add-button" aria-label="Quantity of Tesco Italian Plum Peeled Tomatoes 400G"><span class="base-components__BaseElement-sc-1mosoyj-0 styled__InnerContainer-rsekm1-1 oznwo fuFres beans-button__inner-container"><span class="base-components__BaseElement-sc-1mosoyj-0 styled__TextSpan-rsekm1-4 oznwo GDiMp beans-button__text">Add</span></span></button></div></div></div></div></div><input name="_csrf" type="hidden" value="92xA6FXg-W2XHhQLLDKqjWuqmpStG0svGR_s"></form></div></div></div></div></div><div class="hidden-medium product-info-section-small"><div class="product-info-message-list"></div></div></div><div class="styles__StyledPromotionsMobile-dvv1wj-6 Bxaeb"><div><div class="styles__StyledPromotionsWithClubcardPriceContainer-sc-1vdpoop-0 bsPFbn"><div class="styles__StyledClubcardLogo-sc-1vdpoop-2 elOZEB"><div class="styles__Wrapper-sc-1d2phhy-0 hgBuQG undefined special-offer-sash"><span class="styles__CircleWrapper-sc-1d2phhy-2 hCbzjm"><strong class="styles__TextWrapper-sc-1d2phhy-1 bLXNGg">Clubcard Price</strong></span></div></div><a href="https://www.tesco.com/groceries/en-GB/promotions/88612950"><div class="styles__ProductPromotionStyling-sc-1vdpoop-3 WGKAK"><div class="styles__StyledPromotionsOfferContent-sc-1vdpoop-1 cPSekc"><span class="offer-text">Any 4 for £1.70 Clubcard Price - Tesco Peeled Plum Or Italian Chopped Tomatoes 400g</span></div><span class="dates">Offer valid for delivery from 16/11/2022 until 06/12/2022</span></div></a></div></div></div></div></div></div></li><li class="product-list--list-item"><div class="styles__StyledVerticalTileWrapper-dvv1wj-0 dtCNPH"><div data-auto="product-tile" data-auto-type="Quantity" data-auto-available="true" data-auto-is-restricted-disabled="false" data-auto-is-substitute="false" class="styles__StyledVerticalTile-dvv1wj-1 gSCsYK"><div class="styles__StyledTileContentWrapper-dvv1wj-2 bkNhNP beans"><div id="tile-310182373" data-auto-id="310182373" class="styles__StyledTiledContent-dvv1wj-3 bcglTg"><a href="https://www.tesco.com/groceries/en-GB/products/310182373" aria-hidden="true" class="product-image-wrapper" tabindex="1"><div class="product-image__container"><picture><img class="styled__Image-sjvkdn-0 bJErKA product-image beans-responsive-image__image" src="data:image/gif;base64,R0lGODlhAQABAAAAACH5BAEKAAEALAAAAAABAAEAAAICTAEAOw==" srcset="https://digitalcontent.api.tesco.com/v2/media/ghs/a0afb47d-3252-4adf-bf09-b9b4d99e754a/46099231-c035-4fac-ba18-8ebb8fffe090_215230802.jpeg?h=225&amp;w=225 768w, data:image/gif;base64,R0lGODlhAQABAAAAACH5BAEKAAEALAAAAAABAAEAAAICTAEAOw== 4000w" alt="Growers Harvest Sweetcorn 325G"></picture></div></a><div class="product-details--wrapper"><h3 class="styles__H3-oa5soe-0 bCKNNq"><a href="https://www.tesco.com/groceries/en-GB/products/310182373" class="styled__Anchor-sc-1xbujuz-0 csVOnh beans-link__anchor" data-auto="product-tile--title"><span class="styled__Text-sc-1xbujuz-1 ldbwMG beans-link__text">Growers Harvest Sweetcorn 325G</span></a></h3><div class="styles__StyledPromotionsAboveMobile-dvv1wj-7 iPTMuo"></div><div class="styles__StyledProductDetailsContent-dvv1wj-5 ddRSrq"><a href="https://www.tesco.com/groceries/en-GB/reviews/submission/310182373?from=%2Fshop%2Ffood-cupboard%2Fall" aria-label="Write a review for Growers Harvest Sweetcorn 325G" class="styled__Anchor-sc-1xbujuz-0 jSzuDt write-a-review-link beans-link__anchor" data-auto="review-link"><span class="styled__Text-sc-1xbujuz-1 fyDIEo beans-link__text">Write a review</span><span class="styled__IconContainer-sc-1xbujuz-2 bSauSL beans-link__icon-container"><svg aria-hidden="true" class="styled__SVG-xxa4wh-1 hQMCqc beans-link__icon beans-icon__svg" height="13.33" preserveAspectRatio="xMinYMax meet" viewBox="-1 0 12 20" width="8" xmlns="http://www.w3.org/2000/svg" color="currentColor"><path d="M1.312 1.348L10.276 10l-8.964 8.644" fill="none" stroke="currentColor"></path></svg></span></a><div><a href="https://www.tesco.com/groceries/en-GB/shop/food-cupboard/tins-cans-and-packets/tinned-vegetables/tinned-sweetcorn" class="styled__Anchor-sc-1xbujuz-0 jSzuDt rest-of-shelf-link beans-link__anchor" data-auto="rest-of-shelf-link"><span class="styled__Text-sc-1xbujuz-1 fyDIEo beans-link__text">Rest of <span class="visually-hidden">Tinned Sweetcorn</span> shelf</span><span class="styled__IconContainer-sc-1xbujuz-2 bSauSL beans-link__icon-container"><svg aria-hidden="true" class="styled__SVG-xxa4wh-1 hQMCqc beans-link__icon beans-icon__svg" height="13.33" preserveAspectRatio="xMinYMax meet" viewBox="-1 0 12 20" width="8" xmlns="http://www.w3.org/2000/svg" color="currentColor"><path d="M1.312 1.348L10.276 10l-8.964 8.644" fill="none" stroke="currentColor"></path></svg></span></a></div><div class="product-info-message-section"><div class="product-info-message-list"><div class="styled__WhiteBackground-sc-9yzfq2-1 jthPIJ"><svg width="56" height="56" viewBox="0 0 56 56" fill="none" xmlns="http://www.w3.org/2000/svg"><path d="M52.1301 27.8766C52.1301 14.5534 41.3293 3.75308 28.0066 3.75308C14.6834 3.75308 3.88306 14.5534 3.88306 27.8766C3.88306 41.1998 14.6834 52.0002 28.0066 52.0002C41.3293 52.0002 52.1301 41.1998 52.1301 27.8766Z" fill="#EE1C2E"></path><path d="M19.6853 36.5687L31.8169 48.6998L52.6633 27.8998L51.9894 23.0423L31.886 43.1452L22.5438 33.803L19.6853 36.5687Z" fill="white"></path><path d="M24.2699 12.0048L23.5594 9.93467L22.8484 12.0048H24.2699ZM24.6345 13.0711H22.4844L21.9776 14.5375H20.7515L22.9815 8.31722H24.1369L26.3669 14.5375H25.1408L24.6345 13.0711Z" fill="white"></path><path d="M27.8359 14.5375H26.734V8.24609H27.8359V14.5375Z" fill="white"></path><path d="M31.5684 13.2309C31.7849 12.9886 31.8927 12.6597 31.8927 12.2446C31.8927 11.8306 31.7849 11.5016 31.5684 11.2588C31.3524 11.0159 31.0811 10.8942 30.7558 10.8942C30.4299 10.8942 30.1587 11.0159 29.9427 11.2588C29.7267 11.5016 29.6184 11.8306 29.6184 12.2446C29.6184 12.6597 29.7267 12.9886 29.9427 13.2309C30.1587 13.4738 30.4299 13.5955 30.7558 13.5955C31.0811 13.5955 31.3524 13.4738 31.5684 13.2309ZM29.4673 14.3065C29.159 14.1049 28.9177 13.8234 28.7429 13.4619C28.5681 13.101 28.481 12.6952 28.481 12.2446C28.481 11.7888 28.5655 11.3815 28.7341 11.0231C28.9032 10.6648 29.1384 10.3848 29.4405 10.1837C29.7426 9.98212 30.0891 9.88158 30.48 9.88158C30.7883 9.88158 31.0579 9.93624 31.2889 10.0455C31.5199 10.1554 31.6978 10.3106 31.8221 10.5122V8.24609H32.9239V14.5375H31.8221V13.9863C31.6916 14.1704 31.5137 14.3194 31.2889 14.4349C31.0636 14.5504 30.797 14.6086 30.4892 14.6086C30.1159 14.6086 29.7751 14.5076 29.4673 14.3065Z" fill="white"></path><path d="M34.9657 14.5375H33.8638V9.95224H34.9657V14.5375ZM33.9082 8.34408C34.0443 8.20796 34.2129 8.1399 34.4145 8.1399C34.6161 8.1399 34.7847 8.20796 34.9208 8.34408C35.0574 8.48071 35.1255 8.64931 35.1255 8.8504C35.1255 9.052 35.0574 9.22112 34.9208 9.35724C34.7847 9.49336 34.6161 9.56142 34.4145 9.56142C34.2129 9.56142 34.0443 9.49336 33.9082 9.35724C33.7715 9.22112 33.704 9.052 33.704 8.8504C33.704 8.64931 33.7715 8.48071 33.9082 8.34408Z" fill="white"></path><path d="M19.6791 19.3347C19.8894 19.1506 19.9946 18.8779 19.9946 18.5169C19.9946 18.1565 19.8894 17.8838 19.6791 17.6997C19.4682 17.5156 19.183 17.4233 18.8221 17.4233H17.5027V19.6111H18.8221C19.183 19.6111 19.4682 19.5188 19.6791 19.3347ZM17.5027 23.9628H16.0374V16.0704H18.9345C19.461 16.0704 19.9157 16.1776 20.2988 16.3921C20.6824 16.6061 20.9753 16.8995 21.1784 17.2712C21.3816 17.6435 21.4826 18.0586 21.4826 18.5169C21.4826 18.9758 21.3816 19.3909 21.1784 19.7632C20.9753 20.1354 20.6824 20.4283 20.2988 20.6423C19.9157 20.8568 19.461 20.9635 18.9345 20.9635H17.5027V23.9628Z" fill="white"></path><path d="M22.0396 18.1451H23.4379V19.0248C23.6029 18.7087 23.8359 18.4684 24.1365 18.3029C24.4376 18.1374 24.7717 18.0549 25.1404 18.0549C25.5235 18.0549 25.8241 18.1415 26.0422 18.3143L25.5689 19.4981C25.3729 19.3929 25.1662 19.3403 24.9486 19.3403C24.5124 19.3403 24.152 19.528 23.8663 19.9039C23.5802 20.2797 23.4379 20.8582 23.4379 21.6404V23.9627H22.0396V18.1451Z" fill="white"></path><path d="M27.8879 23.9627H26.4896V18.1451H27.8879V23.9627ZM26.5458 16.1044C26.7191 15.9316 26.933 15.845 27.1888 15.845C27.444 15.845 27.658 15.9316 27.8312 16.1044C28.0039 16.2771 28.0906 16.4916 28.0906 16.7468C28.0906 17.0026 28.0039 17.217 27.8312 17.3898C27.658 17.5625 27.444 17.6491 27.1888 17.6491C26.933 17.6491 26.7191 17.5625 26.5458 17.3898C26.3731 17.217 26.287 17.0026 26.287 16.7468C26.287 16.4916 26.3731 16.2771 26.5458 16.1044Z" fill="white"></path><path d="M30.0603 23.6693C29.6168 23.4141 29.2714 23.0588 29.0234 22.6041C28.7754 22.1493 28.6511 21.6327 28.6511 21.0537C28.6511 20.4752 28.7754 19.9585 29.0234 19.5038C29.2714 19.049 29.6168 18.6937 30.0603 18.438C30.5037 18.1828 31.011 18.0549 31.5823 18.0549C32.8749 18.0549 33.751 18.585 34.2093 19.6445L32.9353 20.2199C32.6424 19.6332 32.1913 19.3403 31.5823 19.3403C31.1466 19.3403 30.7857 19.4981 30.5001 19.8136C30.2144 20.1297 30.0716 20.5427 30.0716 21.0537C30.0716 21.5651 30.2144 21.9787 30.5001 22.2942C30.7857 22.6097 31.1466 22.7675 31.5823 22.7675C32.1913 22.7675 32.6424 22.4747 32.9353 21.8884L34.2093 22.4633C33.751 23.5229 32.8749 24.0529 31.5823 24.0529C31.011 24.0529 30.5037 23.9251 30.0603 23.6693Z" fill="white"></path><path d="M38.727 20.3999C38.6744 20.0694 38.5223 19.7987 38.2707 19.5883C38.0186 19.3779 37.7015 19.2728 37.3179 19.2728C36.9946 19.2728 36.7048 19.3723 36.4496 19.5713C36.1939 19.7708 36.0175 20.0467 35.9196 20.3999H38.727ZM40.1588 21.5048H35.8633C35.9381 21.9333 36.115 22.2586 36.3934 22.4803C36.6713 22.702 37.0095 22.8129 37.4081 22.8129C37.7386 22.8129 38.015 22.7433 38.2367 22.6041C38.4584 22.4649 38.6708 22.253 38.874 21.9673L40.0573 22.6097C39.7716 23.0759 39.4092 23.4327 38.9693 23.6812C38.5295 23.9287 37.983 24.0529 37.3292 24.0529C36.7125 24.0529 36.1846 23.9086 35.7453 23.6188C35.3055 23.3295 34.9765 22.9557 34.7584 22.4968C34.5403 22.0385 34.4315 21.5574 34.4315 21.0537C34.4315 20.5504 34.546 20.0694 34.7754 19.611C35.0044 19.1526 35.3374 18.7783 35.7731 18.4891C36.2088 18.1998 36.7239 18.0549 37.3179 18.0549C37.9191 18.0549 38.4341 18.19 38.8626 18.4607C39.2911 18.7314 39.6139 19.0866 39.832 19.5264C40.0501 19.9657 40.1588 20.4339 40.1588 20.9299V21.5048Z" fill="white"></path><path d="M16.3879 25.558H17.7399L19.2454 29.4977L20.751 25.558H22.1029V31.8684H20.9309V28.0282L19.6873 31.2915H18.8035L17.5599 28.0282V31.8684H16.3879V25.558Z" fill="white"></path><path d="M25.4058 30.7146C25.6131 30.5341 25.7167 30.3119 25.7167 30.0474V29.9216H24.8335C24.5746 29.9216 24.3689 29.971 24.2158 30.07C24.0626 30.169 23.9858 30.3057 23.9858 30.48C23.9858 30.6424 24.0415 30.7671 24.1529 30.8543C24.2637 30.9414 24.4277 30.9847 24.6437 30.9847C24.9443 30.9847 25.1985 30.8945 25.4058 30.7146ZM23.6074 31.7782C23.3671 31.67 23.1748 31.5122 23.0304 31.3049C22.886 31.0976 22.8138 30.8496 22.8138 30.5609C22.8138 30.1046 22.9855 29.7364 23.3279 29.457C23.6703 29.1775 24.1333 29.0378 24.7159 29.0378H25.7167V28.8754C25.7167 28.6413 25.6357 28.4531 25.4733 28.3118C25.3109 28.1711 25.0918 28.1004 24.8154 28.1004C24.5927 28.1004 24.3916 28.1592 24.2111 28.2763C24.0312 28.3933 23.8956 28.5299 23.8059 28.6862L22.9494 28.1726C23.1113 27.8782 23.3516 27.6333 23.6703 27.4379C23.9889 27.2425 24.3705 27.145 24.8154 27.145C25.4522 27.145 25.9482 27.2982 26.3024 27.6044C26.6572 27.9112 26.8345 28.3526 26.8345 28.9295V31.8685H25.9152L25.7621 31.2735C25.6115 31.4776 25.4207 31.6401 25.1892 31.7602C24.9582 31.8803 24.686 31.9401 24.3735 31.9401C24.1029 31.9401 23.8476 31.8865 23.6074 31.7782Z" fill="white"></path><path d="M27.8214 30.3V28.1726H27.1182V27.2167H27.8214V26.4417L28.9393 25.7384V27.2167H30.1381V28.1726H28.9393V30.2458C28.9393 30.6903 29.1166 30.9125 29.4709 30.9125C29.6333 30.9125 29.7895 30.8496 29.9395 30.7233L30.4443 31.5797C30.2881 31.706 30.1169 31.7978 29.9308 31.855C29.7446 31.9117 29.5549 31.9401 29.3626 31.9401C28.3355 31.9401 27.8214 31.3936 27.8214 30.3Z" fill="white"></path><path d="M31.5487 31.6339C31.194 31.4297 30.9176 31.1456 30.7196 30.7821C30.5211 30.4186 30.4221 30.0056 30.4221 29.5426C30.4221 29.0801 30.5211 28.6666 30.7196 28.3031C30.9176 27.9396 31.194 27.6555 31.5487 27.4513C31.9034 27.2471 32.3087 27.145 32.7655 27.145C33.7993 27.145 34.4995 27.5683 34.8661 28.416L33.8473 28.8754C33.6132 28.4067 33.2528 28.1726 32.7655 28.1726C32.417 28.1726 32.1288 28.2989 31.9004 28.5511C31.6719 28.8037 31.558 29.1342 31.558 29.5426C31.558 29.9509 31.6719 30.282 31.9004 30.5341C32.1288 30.7867 32.417 30.9125 32.7655 30.9125C33.2528 30.9125 33.6132 30.6785 33.8473 30.2098L34.8661 30.6697C34.4995 31.5168 33.7993 31.9401 32.7655 31.9401C32.3087 31.9401 31.9034 31.8386 31.5487 31.6339Z" fill="white"></path><path d="M35.3998 25.4863H36.5176V27.9473C36.662 27.707 36.8615 27.5132 37.1167 27.3657C37.3725 27.2188 37.6592 27.145 37.9778 27.145C38.4702 27.145 38.8579 27.2909 39.1405 27.5823C39.423 27.8736 39.5643 28.2804 39.5643 28.8037V31.8685H38.4465V29.0285C38.4465 28.7522 38.3758 28.5408 38.2346 28.3933C38.0933 28.2458 37.8907 28.1726 37.6262 28.1726C37.3199 28.1726 37.0585 28.3093 36.8419 28.5825C36.6254 28.8558 36.5176 29.275 36.5176 29.8401V31.8685H35.3998V25.4863Z" fill="white"></path></svg><p class="styled__StyledBodyText-sc-119w3hf-5 ggtTyf styled__DarkGreyBodyText-jk5kya-0 iwRWTH">Aldi Price Match</p></div></div></div></div><div class="styles__StyledBuyBoxWrapper-dvv1wj-4 dSvjUC"><div class="styles__StyledBuyBoxContainer-sc-1wx0qp6-0 erryje" data-auto="buybox-container"><div class="styles__SafeFormWrapper-jtpu2t-0 lcrYKS"><form action="https://www.tesco.com/groceries/en-GB/trolley/items/310182373?_method=PUT" method="POST"><input type="submit" class="hidden"><input name="id" type="hidden" value="310182373"><input name="identifier" type="hidden" value="Page"><input name="anchorId" type="hidden" value="#tile-310182373"><input name="returnUrl" type="hidden" value="/groceries/en-GB/shop/food-cupboard/all?redirectIfUnavailable=true#tile-310182373"><input name="backToUrl" type="hidden" value="#"><input name="oldValue" type="hidden" value="0"><input name="oldUnitChoice" type="hidden" value="pcs"><input name="newUnitChoice" type="hidden" value="pcs"><div class="base-components__RootElement-sc-1mosoyj-1 styled__Container-sc-6nhkzi-0 jptQqM hSNpTb beans-buybox__container"><div class="base-components__BaseElement-sc-1mosoyj-0 styled__PriceAndActions-sc-6nhkzi-3 oznwo eEPLov beans-buybox__price-and-actions"><div class="base-components__RootElement-sc-1mosoyj-1 styled__Container-sc-8qlq5b-0 jptQqM bgZrjw styled__StyledPrice-sc-6nhkzi-5 iYHeik beans-buybox__price beans-price__container"><p class="styled__StyledHeading-sc-119w3hf-2 jWPEtj styled__Text-sc-8qlq5b-1 lnaeiZ beans-price__text">£0.50</p><p class="styled__StyledFootnote-sc-119w3hf-7 icrlVF styled__Subtext-sc-8qlq5b-2 bNJmdc beans-price__subtext">£1.93/kg DR.WT</p></div><div class="base-components__RootElement-sc-1mosoyj-1 styled__Container-vtxwzb-0 jptQqM bDFhXJ beans-buybox__actions beans-quantity-controls__container"><div class="base-components__RootElement-sc-1mosoyj-1 styled__Container-sc-16t2b2a-0 jptQqM PUfgZ styled__StyledFormGroup-vtxwzb-1 kzKuAr beans-quantity-controls__form-group beans-form-group__container"><label class="styled__StyledLabel-sc-1ttuvhr-0 izGEjV beans-form-group__label beans-label" for="quantity-controls-310182373">Quantity controls </label><div class="base-components__BaseElement-sc-1mosoyj-0 styled__Children-sc-16t2b2a-3 oznwo gdJvjO beans-form-group__children"><div class="styled__StyledQuantityControlWrapper-vtxwzb-6 LCxOg"><label id="quantity-controls-310182373-label" class="styled__VisuallyHiddenLabel-vtxwzb-7 gXlLiM">Quantity of Growers Harvest Sweetcorn 325G</label><div class="component__Wrapper-sc-1kpmik-3 dReplG input-wrapper"><input class="base-components__RootElement-sc-1mosoyj-1 styled__StyledInput-sc-1jd5f57-0 component__StyledAsInput-sc-1kpmik-4 jptQqM eJLlow styled__StyledInput-vtxwzb-3 lwMHo beans-quantity-controls__input beans-input" data-auto="beans-quantity-controls-input" autocomplete="off" id="quantity-controls-310182373" maxlength="2" name="newValue" type="number" aria-labelledby="quantity-controls-310182373-label" value="1"></div></div><button class="styled__BaseButton-rsekm1-0 styled__PrimaryButton-rsekm1-2 jChbeY geeWOF styled__StyledButton-vtxwzb-5 japAxb beans-quantity-controls__add-button beans-button__container" type="submit" data-auto="beans-quantity-controls-add-button" aria-label="Quantity of Growers Harvest Sweetcorn 325G"><span class="base-components__BaseElement-sc-1mosoyj-0 styled__InnerContainer-rsekm1-1 oznwo fuFres beans-button__inner-container"><span class="base-components__BaseElement-sc-1mosoyj-0 styled__TextSpan-rsekm1-4 oznwo GDiMp beans-button__text">Add</span></span></button></div></div></div></div></div><input name="_csrf" type="hidden" value="92xA6FXg-W2XHhQLLDKqjWuqmpStG0svGR_s"></form></div></div></div></div><div class="hidden-medium product-info-section-small"><div class="product-info-message-list"><div class="styled__WhiteBackground-sc-9yzfq2-1 jthPIJ"><svg width="56" height="56" viewBox="0 0 56 56" fill="none" xmlns="http://www.w3.org/2000/svg"><path d="M52.1301 27.8766C52.1301 14.5534 41.3293 3.75308 28.0066 3.75308C14.6834 3.75308 3.88306 14.5534 3.88306 27.8766C3.88306 41.1998 14.6834 52.0002 28.0066 52.0002C41.3293 52.0002 52.1301 41.1998 52.1301 27.8766Z" fill="#EE1C2E"></path><path d="M19.6853 36.5687L31.8169 48.6998L52.6633 27.8998L51.9894 23.0423L31.886 43.1452L22.5438 33.803L19.6853 36.5687Z" fill="white"></path><path d="M24.2699 12.0048L23.5594 9.93467L22.8484 12.0048H24.2699ZM24.6345 13.0711H22.4844L21.9776 14.5375H20.7515L22.9815 8.31722H24.1369L26.3669 14.5375H25.1408L24.6345 13.0711Z" fill="white"></path><path d="M27.8359 14.5375H26.734V8.24609H27.8359V14.5375Z" fill="white"></path><path d="M31.5684 13.2309C31.7849 12.9886 31.8927 12.6597 31.8927 12.2446C31.8927 11.8306 31.7849 11.5016 31.5684 11.2588C31.3524 11.0159 31.0811 10.8942 30.7558 10.8942C30.4299 10.8942 30.1587 11.0159 29.9427 11.2588C29.7267 11.5016 29.6184 11.8306 29.6184 12.2446C29.6184 12.6597 29.7267 12.9886 29.9427 13.2309C30.1587 13.4738 30.4299 13.5955 30.7558 13.5955C31.0811 13.5955 31.3524 13.4738 31.5684 13.2309ZM29.4673 14.3065C29.159 14.1049 28.9177 13.8234 28.7429 13.4619C28.5681 13.101 28.481 12.6952 28.481 12.2446C28.481 11.7888 28.5655 11.3815 28.7341 11.0231C28.9032 10.6648 29.1384 10.3848 29.4405 10.1837C29.7426 9.98212 30.0891 9.88158 30.48 9.88158C30.7883 9.88158 31.0579 9.93624 31.2889 10.0455C31.5199 10.1554 31.6978 10.3106 31.8221 10.5122V8.24609H32.9239V14.5375H31.8221V13.9863C31.6916 14.1704 31.5137 14.3194 31.2889 14.4349C31.0636 14.5504 30.797 14.6086 30.4892 14.6086C30.1159 14.6086 29.7751 14.5076 29.4673 14.3065Z" fill="white"></path><path d="M34.9657 14.5375H33.8638V9.95224H34.9657V14.5375ZM33.9082 8.34408C34.0443 8.20796 34.2129 8.1399 34.4145 8.1399C34.6161 8.1399 34.7847 8.20796 34.9208 8.34408C35.0574 8.48071 35.1255 8.64931 35.1255 8.8504C35.1255 9.052 35.0574 9.22112 34.9208 9.35724C34.7847 9.49336 34.6161 9.56142 34.4145 9.56142C34.2129 9.56142 34.0443 9.49336 33.9082 9.35724C33.7715 9.22112 33.704 9.052 33.704 8.8504C33.704 8.64931 33.7715 8.48071 33.9082 8.34408Z" fill="white"></path><path d="M19.6791 19.3347C19.8894 19.1506 19.9946 18.8779 19.9946 18.5169C19.9946 18.1565 19.8894 17.8838 19.6791 17.6997C19.4682 17.5156 19.183 17.4233 18.8221 17.4233H17.5027V19.6111H18.8221C19.183 19.6111 19.4682 19.5188 19.6791 19.3347ZM17.5027 23.9628H16.0374V16.0704H18.9345C19.461 16.0704 19.9157 16.1776 20.2988 16.3921C20.6824 16.6061 20.9753 16.8995 21.1784 17.2712C21.3816 17.6435 21.4826 18.0586 21.4826 18.5169C21.4826 18.9758 21.3816 19.3909 21.1784 19.7632C20.9753 20.1354 20.6824 20.4283 20.2988 20.6423C19.9157 20.8568 19.461 20.9635 18.9345 20.9635H17.5027V23.9628Z" fill="white"></path><path d="M22.0396 18.1451H23.4379V19.0248C23.6029 18.7087 23.8359 18.4684 24.1365 18.3029C24.4376 18.1374 24.7717 18.0549 25.1404 18.0549C25.5235 18.0549 25.8241 18.1415 26.0422 18.3143L25.5689 19.4981C25.3729 19.3929 25.1662 19.3403 24.9486 19.3403C24.5124 19.3403 24.152 19.528 23.8663 19.9039C23.5802 20.2797 23.4379 20.8582 23.4379 21.6404V23.9627H22.0396V18.1451Z" fill="white"></path><path d="M27.8879 23.9627H26.4896V18.1451H27.8879V23.9627ZM26.5458 16.1044C26.7191 15.9316 26.933 15.845 27.1888 15.845C27.444 15.845 27.658 15.9316 27.8312 16.1044C28.0039 16.2771 28.0906 16.4916 28.0906 16.7468C28.0906 17.0026 28.0039 17.217 27.8312 17.3898C27.658 17.5625 27.444 17.6491 27.1888 17.6491C26.933 17.6491 26.7191 17.5625 26.5458 17.3898C26.3731 17.217 26.287 17.0026 26.287 16.7468C26.287 16.4916 26.3731 16.2771 26.5458 16.1044Z" fill="white"></path><path d="M30.0603 23.6693C29.6168 23.4141 29.2714 23.0588 29.0234 22.6041C28.7754 22.1493 28.6511 21.6327 28.6511 21.0537C28.6511 20.4752 28.7754 19.9585 29.0234 19.5038C29.2714 19.049 29.6168 18.6937 30.0603 18.438C30.5037 18.1828 31.011 18.0549 31.5823 18.0549C32.8749 18.0549 33.751 18.585 34.2093 19.6445L32.9353 20.2199C32.6424 19.6332 32.1913 19.3403 31.5823 19.3403C31.1466 19.3403 30.7857 19.4981 30.5001 19.8136C30.2144 20.1297 30.0716 20.5427 30.0716 21.0537C30.0716 21.5651 30.2144 21.9787 30.5001 22.2942C30.7857 22.6097 31.1466 22.7675 31.5823 22.7675C32.1913 22.7675 32.6424 22.4747 32.9353 21.8884L34.2093 22.4633C33.751 23.5229 32.8749 24.0529 31.5823 24.0529C31.011 24.0529 30.5037 23.9251 30.0603 23.6693Z" fill="white"></path><path d="M38.727 20.3999C38.6744 20.0694 38.5223 19.7987 38.2707 19.5883C38.0186 19.3779 37.7015 19.2728 37.3179 19.2728C36.9946 19.2728 36.7048 19.3723 36.4496 19.5713C36.1939 19.7708 36.0175 20.0467 35.9196 20.3999H38.727ZM40.1588 21.5048H35.8633C35.9381 21.9333 36.115 22.2586 36.3934 22.4803C36.6713 22.702 37.0095 22.8129 37.4081 22.8129C37.7386 22.8129 38.015 22.7433 38.2367 22.6041C38.4584 22.4649 38.6708 22.253 38.874 21.9673L40.0573 22.6097C39.7716 23.0759 39.4092 23.4327 38.9693 23.6812C38.5295 23.9287 37.983 24.0529 37.3292 24.0529C36.7125 24.0529 36.1846 23.9086 35.7453 23.6188C35.3055 23.3295 34.9765 22.9557 34.7584 22.4968C34.5403 22.0385 34.4315 21.5574 34.4315 21.0537C34.4315 20.5504 34.546 20.0694 34.7754 19.611C35.0044 19.1526 35.3374 18.7783 35.7731 18.4891C36.2088 18.1998 36.7239 18.0549 37.3179 18.0549C37.9191 18.0549 38.4341 18.19 38.8626 18.4607C39.2911 18.7314 39.6139 19.0866 39.832 19.5264C40.0501 19.9657 40.1588 20.4339 40.1588 20.9299V21.5048Z" fill="white"></path><path d="M16.3879 25.558H17.7399L19.2454 29.4977L20.751 25.558H22.1029V31.8684H20.9309V28.0282L19.6873 31.2915H18.8035L17.5599 28.0282V31.8684H16.3879V25.558Z" fill="white"></path><path d="M25.4058 30.7146C25.6131 30.5341 25.7167 30.3119 25.7167 30.0474V29.9216H24.8335C24.5746 29.9216 24.3689 29.971 24.2158 30.07C24.0626 30.169 23.9858 30.3057 23.9858 30.48C23.9858 30.6424 24.0415 30.7671 24.1529 30.8543C24.2637 30.9414 24.4277 30.9847 24.6437 30.9847C24.9443 30.9847 25.1985 30.8945 25.4058 30.7146ZM23.6074 31.7782C23.3671 31.67 23.1748 31.5122 23.0304 31.3049C22.886 31.0976 22.8138 30.8496 22.8138 30.5609C22.8138 30.1046 22.9855 29.7364 23.3279 29.457C23.6703 29.1775 24.1333 29.0378 24.7159 29.0378H25.7167V28.8754C25.7167 28.6413 25.6357 28.4531 25.4733 28.3118C25.3109 28.1711 25.0918 28.1004 24.8154 28.1004C24.5927 28.1004 24.3916 28.1592 24.2111 28.2763C24.0312 28.3933 23.8956 28.5299 23.8059 28.6862L22.9494 28.1726C23.1113 27.8782 23.3516 27.6333 23.6703 27.4379C23.9889 27.2425 24.3705 27.145 24.8154 27.145C25.4522 27.145 25.9482 27.2982 26.3024 27.6044C26.6572 27.9112 26.8345 28.3526 26.8345 28.9295V31.8685H25.9152L25.7621 31.2735C25.6115 31.4776 25.4207 31.6401 25.1892 31.7602C24.9582 31.8803 24.686 31.9401 24.3735 31.9401C24.1029 31.9401 23.8476 31.8865 23.6074 31.7782Z" fill="white"></path><path d="M27.8214 30.3V28.1726H27.1182V27.2167H27.8214V26.4417L28.9393 25.7384V27.2167H30.1381V28.1726H28.9393V30.2458C28.9393 30.6903 29.1166 30.9125 29.4709 30.9125C29.6333 30.9125 29.7895 30.8496 29.9395 30.7233L30.4443 31.5797C30.2881 31.706 30.1169 31.7978 29.9308 31.855C29.7446 31.9117 29.5549 31.9401 29.3626 31.9401C28.3355 31.9401 27.8214 31.3936 27.8214 30.3Z" fill="white"></path><path d="M31.5487 31.6339C31.194 31.4297 30.9176 31.1456 30.7196 30.7821C30.5211 30.4186 30.4221 30.0056 30.4221 29.5426C30.4221 29.0801 30.5211 28.6666 30.7196 28.3031C30.9176 27.9396 31.194 27.6555 31.5487 27.4513C31.9034 27.2471 32.3087 27.145 32.7655 27.145C33.7993 27.145 34.4995 27.5683 34.8661 28.416L33.8473 28.8754C33.6132 28.4067 33.2528 28.1726 32.7655 28.1726C32.417 28.1726 32.1288 28.2989 31.9004 28.5511C31.6719 28.8037 31.558 29.1342 31.558 29.5426C31.558 29.9509 31.6719 30.282 31.9004 30.5341C32.1288 30.7867 32.417 30.9125 32.7655 30.9125C33.2528 30.9125 33.6132 30.6785 33.8473 30.2098L34.8661 30.6697C34.4995 31.5168 33.7993 31.9401 32.7655 31.9401C32.3087 31.9401 31.9034 31.8386 31.5487 31.6339Z" fill="white"></path><path d="M35.3998 25.4863H36.5176V27.9473C36.662 27.707 36.8615 27.5132 37.1167 27.3657C37.3725 27.2188 37.6592 27.145 37.9778 27.145C38.4702 27.145 38.8579 27.2909 39.1405 27.5823C39.423 27.8736 39.5643 28.2804 39.5643 28.8037V31.8685H38.4465V29.0285C38.4465 28.7522 38.3758 28.5408 38.2346 28.3933C38.0933 28.2458 37.8907 28.1726 37.6262 28.1726C37.3199 28.1726 37.0585 28.3093 36.8419 28.5825C36.6254 28.8558 36.5176 29.275 36.5176 29.8401V31.8685H35.3998V25.4863Z" fill="white"></path></svg><p class="styled__StyledBodyText-sc-119w3hf-5 ggtTyf styled__DarkGreyBodyText-jk5kya-0 iwRWTH">Aldi Price Match</p></div></div></div></div></div></div></div></li><li class="product-list--list-item"><div class="styles__StyledVerticalTileWrapper-dvv1wj-0 dtCNPH"><div data-auto="product-tile" data-auto-type="Quantity" data-auto-available="true" data-auto-is-restricted-disabled="false" data-auto-is-substitute="false" class="styles__StyledVerticalTile-dvv1wj-1 gSCsYK"><div class="styles__StyledTileContentWrapper-dvv1wj-2 bkNhNP beans"><div id="tile-302307699" data-auto-id="302307699" class="styles__StyledTiledContent-dvv1wj-3 bcglTg"><a href="https://www.tesco.com/groceries/en-GB/products/302307699" aria-hidden="true" class="product-image-wrapper" tabindex="1"><div class="product-image__container"><picture><img class="styled__Image-sjvkdn-0 bJErKA product-image beans-responsive-image__image" src="data:image/gif;base64,R0lGODlhAQABAAAAACH5BAEKAAEALAAAAAABAAEAAAICTAEAOw==" srcset="https://digitalcontent.api.tesco.com/v2/media/ghs/e4fcf613-c66f-47ea-b146-b8910c91804a/f5520e4d-41f7-431b-9442-53678e64a52e_789904560.jpeg?h=225&amp;w=225 768w, data:image/gif;base64,R0lGODlhAQABAAAAACH5BAEKAAEALAAAAAABAAEAAAICTAEAOw== 4000w" alt="Cadbury Heroes Tub 600G"></picture></div></a><div class="product-details--wrapper"><h3 class="styles__H3-oa5soe-0 bCKNNq"><a href="https://www.tesco.com/groceries/en-GB/products/302307699" class="styled__Anchor-sc-1xbujuz-0 csVOnh beans-link__anchor" data-auto="product-tile--title"><span class="styled__Text-sc-1xbujuz-1 ldbwMG beans-link__text">Cadbury Heroes Tub 600G</span></a></h3><div class="styles__StyledProductDetailsContent-dvv1wj-5 ddRSrq"><a href="https://www.tesco.com/groceries/en-GB/reviews/submission/302307699?from=%2Fshop%2Ffood-cupboard%2Fall" aria-label="Write a review for Cadbury Heroes Tub 600G" class="styled__Anchor-sc-1xbujuz-0 jSzuDt write-a-review-link beans-link__anchor" data-auto="review-link"><span class="styled__Text-sc-1xbujuz-1 fyDIEo beans-link__text">Write a review</span><span class="styled__IconContainer-sc-1xbujuz-2 bSauSL beans-link__icon-container"><svg aria-hidden="true" class="styled__SVG-xxa4wh-1 hQMCqc beans-link__icon beans-icon__svg" height="13.33" preserveAspectRatio="xMinYMax meet" viewBox="-1 0 12 20" width="8" xmlns="http://www.w3.org/2000/svg" color="currentColor"><path d="M1.312 1.348L10.276 10l-8.964 8.644" fill="none" stroke="currentColor"></path></svg></span></a><div><a href="https://www.tesco.com/groceries/en-GB/shop/food-cupboard/christmas-treats/chocolate-tubs-and-tins/chocolate-tubs-and-chocolate-tins" class="styled__Anchor-sc-1xbujuz-0 jSzuDt rest-of-shelf-link beans-link__anchor" data-auto="rest-of-shelf-link"><span class="styled__Text-sc-1xbujuz-1 fyDIEo beans-link__text">Rest of <span class="visually-hidden">Chocolate Tubs &amp; Chocolate Tins</span> shelf</span><span class="styled__IconContainer-sc-1xbujuz-2 bSauSL beans-link__icon-container"><svg aria-hidden="true" class="styled__SVG-xxa4wh-1 hQMCqc beans-link__icon beans-icon__svg" height="13.33" preserveAspectRatio="xMinYMax meet" viewBox="-1 0 12 20" width="8" xmlns="http://www.w3.org/2000/svg" color="currentColor"><path d="M1.312 1.348L10.276 10l-8.964 8.644" fill="none" stroke="currentColor"></path></svg></span></a></div><div class="product-info-message-section"><div class="product-info-message-list"></div></div></div><div class="styles__StyledPromotionsWithBuyBoxWrapper-dvv1wj-8 cZskDh"><div class="styles__StyledPromotionsAboveMobile-dvv1wj-7 iPTMuo"><div class="styles__StyledPromotionsWithClubcardPriceContainer-sc-1vdpoop-0 bsPFbn"><div class="styles__StyledClubcardLogo-sc-1vdpoop-2 elOZEB"><div class="styles__Wrapper-sc-1d2phhy-0 hgBuQG undefined special-offer-sash"><span class="styles__CircleWrapper-sc-1d2phhy-2 hCbzjm"><strong class="styles__TextWrapper-sc-1d2phhy-1 bLXNGg">Clubcard Price</strong></span></div></div><a href="https://www.tesco.com/groceries/en-GB/promotions/88615789"><div class="styles__ProductPromotionStyling-sc-1vdpoop-3 WGKAK"><div class="styles__StyledPromotionsOfferContent-sc-1vdpoop-1 cPSekc"><span class="offer-text">£3.50 Clubcard Price</span></div><span class="dates">Offer valid for delivery from 23/11/2022 until 30/11/2022</span></div></a></div></div><div class="styles__StyledBuyBoxWrapper-dvv1wj-4 dSvjUC"><div class="styles__StyledBuyBoxContainer-sc-1wx0qp6-0 erryje" data-auto="buybox-container"><div class="styles__SafeFormWrapper-jtpu2t-0 lcrYKS"><form action="https://www.tesco.com/groceries/en-GB/trolley/items/302307699?_method=PUT" method="POST"><input type="submit" class="hidden"><input name="id" type="hidden" value="302307699"><input name="identifier" type="hidden" value="Page"><input name="anchorId" type="hidden" value="#tile-302307699"><input name="returnUrl" type="hidden" value="/groceries/en-GB/shop/food-cupboard/all?redirectIfUnavailable=true#tile-302307699"><input name="backToUrl" type="hidden" value="#"><input name="oldValue" type="hidden" value="0"><input name="oldUnitChoice" type="hidden" value="pcs"><input name="newUnitChoice" type="hidden" value="pcs"><div class="base-components__RootElement-sc-1mosoyj-1 styled__Container-sc-6nhkzi-0 jptQqM hSNpTb beans-buybox__container"><div class="base-components__BaseElement-sc-1mosoyj-0 styled__PriceAndActions-sc-6nhkzi-3 oznwo eEPLov beans-buybox__price-and-actions"><div class="base-components__RootElement-sc-1mosoyj-1 styled__Container-sc-8qlq5b-0 jptQqM bgZrjw styled__StyledPrice-sc-6nhkzi-5 iYHeik beans-buybox__price beans-price__container"><p class="styled__StyledHeading-sc-119w3hf-2 jWPEtj styled__Text-sc-8qlq5b-1 lnaeiZ beans-price__text">£4.00</p><p class="styled__StyledFootnote-sc-119w3hf-7 icrlVF styled__Subtext-sc-8qlq5b-2 bNJmdc beans-price__subtext">£0.67/100g</p></div><div class="base-components__RootElement-sc-1mosoyj-1 styled__Container-vtxwzb-0 jptQqM bDFhXJ beans-buybox__actions beans-quantity-controls__container"><div class="base-components__RootElement-sc-1mosoyj-1 styled__Container-sc-16t2b2a-0 jptQqM PUfgZ styled__StyledFormGroup-vtxwzb-1 kzKuAr beans-quantity-controls__form-group beans-form-group__container"><label class="styled__StyledLabel-sc-1ttuvhr-0 izGEjV beans-form-group__label beans-label" for="quantity-controls-302307699">Quantity controls </label><div class="base-components__BaseElement-sc-1mosoyj-0 styled__Children-sc-16t2b2a-3 oznwo gdJvjO beans-form-group__children"><div class="styled__StyledQuantityControlWrapper-vtxwzb-6 LCxOg"><label id="quantity-controls-302307699-label" class="styled__VisuallyHiddenLabel-vtxwzb-7 gXlLiM">Quantity of Cadbury Heroes Tub 600G</label><div class="component__Wrapper-sc-1kpmik-3 dReplG input-wrapper"><input class="base-components__RootElement-sc-1mosoyj-1 styled__StyledInput-sc-1jd5f57-0 component__StyledAsInput-sc-1kpmik-4 jptQqM eJLlow styled__StyledInput-vtxwzb-3 lwMHo beans-quantity-controls__input beans-input" data-auto="beans-quantity-controls-input" autocomplete="off" id="quantity-controls-302307699" maxlength="2" name="newValue" type="number" aria-labelledby="quantity-controls-302307699-label" value="1"></div></div><button class="styled__BaseButton-rsekm1-0 styled__PrimaryButton-rsekm1-2 jChbeY geeWOF styled__StyledButton-vtxwzb-5 japAxb beans-quantity-controls__add-button beans-button__container" type="submit" data-auto="beans-quantity-controls-add-button" aria-label="Quantity of Cadbury Heroes Tub 600G"><span class="base-components__BaseElement-sc-1mosoyj-0 styled__InnerContainer-rsekm1-1 oznwo fuFres beans-button__inner-container"><span class="base-components__BaseElement-sc-1mosoyj-0 styled__TextSpan-rsekm1-4 oznwo GDiMp beans-button__text">Add</span></span></button></div></div></div></div></div><input name="_csrf" type="hidden" value="92xA6FXg-W2XHhQLLDKqjWuqmpStG0svGR_s"></form></div></div></div></div></div><div class="hidden-medium product-info-section-small"><div class="product-info-message-list"></div></div></div><div class="styles__StyledPromotionsMobile-dvv1wj-6 Bxaeb"><div><div class="styles__StyledPromotionsWithClubcardPriceContainer-sc-1vdpoop-0 bsPFbn"><div class="styles__StyledClubcardLogo-sc-1vdpoop-2 elOZEB"><div class="styles__Wrapper-sc-1d2phhy-0 hgBuQG undefined special-offer-sash"><span class="styles__CircleWrapper-sc-1d2phhy-2 hCbzjm"><strong class="styles__TextWrapper-sc-1d2phhy-1 bLXNGg">Clubcard Price</strong></span></div></div><a href="https://www.tesco.com/groceries/en-GB/promotions/88615789"><div class="styles__ProductPromotionStyling-sc-1vdpoop-3 WGKAK"><div class="styles__StyledPromotionsOfferContent-sc-1vdpoop-1 cPSekc"><span class="offer-text">£3.50 Clubcard Price</span></div><span class="dates">Offer valid for delivery from 23/11/2022 until 30/11/2022</span></div></a></div></div></div></div></div></div></li><li class="product-list--list-item"><div class="styles__StyledVerticalTileWrapper-dvv1wj-0 dtCNPH"><div data-auto="product-tile" data-auto-type="Quantity" data-auto-available="true" data-auto-is-restricted-disabled="false" data-auto-is-substitute="false" class="styles__StyledVerticalTile-dvv1wj-1 gSCsYK"><div class="styles__StyledTileContentWrapper-dvv1wj-2 bkNhNP beans"><div id="tile-295229307" data-auto-id="295229307" class="styles__StyledTiledContent-dvv1wj-3 bcglTg"><a href="https://www.tesco.com/groceries/en-GB/products/295229307" aria-hidden="true" class="product-image-wrapper" tabindex="1"><div class="product-image__container"><picture><img class="styled__Image-sjvkdn-0 bJErKA product-image beans-responsive-image__image" src="data:image/gif;base64,R0lGODlhAQABAAAAACH5BAEKAAEALAAAAAABAAEAAAICTAEAOw==" srcset="https://digitalcontent.api.tesco.com/v2/media/ghs/52478779-19b1-4186-b21f-554f4387a6a6/e11ea0e8-edac-4b69-8da8-f86e42c7f69a_209021892.jpeg?h=225&amp;w=225 768w, data:image/gif;base64,R0lGODlhAQABAAAAACH5BAEKAAEALAAAAAABAAEAAAICTAEAOw== 4000w" alt="Tesco Rich Tea Biscuit 300G"></picture></div></a><div class="product-details--wrapper"><h3 class="styles__H3-oa5soe-0 bCKNNq"><a href="https://www.tesco.com/groceries/en-GB/products/295229307" class="styled__Anchor-sc-1xbujuz-0 csVOnh beans-link__anchor" data-auto="product-tile--title"><span class="styled__Text-sc-1xbujuz-1 ldbwMG beans-link__text">Tesco Rich Tea Biscuit 300G</span></a></h3><div class="styles__StyledPromotionsAboveMobile-dvv1wj-7 iPTMuo"></div><div class="styles__StyledProductDetailsContent-dvv1wj-5 ddRSrq"><a href="https://www.tesco.com/groceries/en-GB/reviews/submission/295229307?from=%2Fshop%2Ffood-cupboard%2Fall" aria-label="Write a review for Tesco Rich Tea Biscuit 300G" class="styled__Anchor-sc-1xbujuz-0 jSzuDt write-a-review-link beans-link__anchor" data-auto="review-link"><span class="styled__Text-sc-1xbujuz-1 fyDIEo beans-link__text">Write a review</span><span class="styled__IconContainer-sc-1xbujuz-2 bSauSL beans-link__icon-container"><svg aria-hidden="true" class="styled__SVG-xxa4wh-1 hQMCqc beans-link__icon beans-icon__svg" height="13.33" preserveAspectRatio="xMinYMax meet" viewBox="-1 0 12 20" width="8" xmlns="http://www.w3.org/2000/svg" color="currentColor"><path d="M1.312 1.348L10.276 10l-8.964 8.644" fill="none" stroke="currentColor"></path></svg></span></a><div><a href="https://www.tesco.com/groceries/en-GB/shop/food-cupboard/biscuits-and-cereal-bars/everyday-biscuits/rich-tea-oat-and-digestives-biscuits" class="styled__Anchor-sc-1xbujuz-0 jSzuDt rest-of-shelf-link beans-link__anchor" data-auto="rest-of-shelf-link"><span class="styled__Text-sc-1xbujuz-1 fyDIEo beans-link__text">Rest of <span class="visually-hidden">Rich Tea, Oat &amp; Digestives Biscuits</span> shelf</span><span class="styled__IconContainer-sc-1xbujuz-2 bSauSL beans-link__icon-container"><svg aria-hidden="true" class="styled__SVG-xxa4wh-1 hQMCqc beans-link__icon beans-icon__svg" height="13.33" preserveAspectRatio="xMinYMax meet" viewBox="-1 0 12 20" width="8" xmlns="http://www.w3.org/2000/svg" color="currentColor"><path d="M1.312 1.348L10.276 10l-8.964 8.644" fill="none" stroke="currentColor"></path></svg></span></a></div><div class="product-info-message-section"><div class="product-info-message-list"></div></div></div><div class="styles__StyledBuyBoxWrapper-dvv1wj-4 dSvjUC"><div class="styles__StyledBuyBoxContainer-sc-1wx0qp6-0 erryje" data-auto="buybox-container"><div class="styles__SafeFormWrapper-jtpu2t-0 lcrYKS"><form action="https://www.tesco.com/groceries/en-GB/trolley/items/295229307?_method=PUT" method="POST"><input type="submit" class="hidden"><input name="id" type="hidden" value="295229307"><input name="identifier" type="hidden" value="Page"><input name="anchorId" type="hidden" value="#tile-295229307"><input name="returnUrl" type="hidden" value="/groceries/en-GB/shop/food-cupboard/all?redirectIfUnavailable=true#tile-295229307"><input name="backToUrl" type="hidden" value="#"><input name="oldValue" type="hidden" value="0"><input name="oldUnitChoice" type="hidden" value="pcs"><input name="newUnitChoice" type="hidden" value="pcs"><div class="base-components__RootElement-sc-1mosoyj-1 styled__Container-sc-6nhkzi-0 jptQqM hSNpTb beans-buybox__container"><div class="base-components__BaseElement-sc-1mosoyj-0 styled__PriceAndActions-sc-6nhkzi-3 oznwo eEPLov beans-buybox__price-and-actions"><div class="base-components__RootElement-sc-1mosoyj-1 styled__Container-sc-8qlq5b-0 jptQqM bgZrjw styled__StyledPrice-sc-6nhkzi-5 iYHeik beans-buybox__price beans-price__container"><p class="styled__StyledHeading-sc-119w3hf-2 jWPEtj styled__Text-sc-8qlq5b-1 lnaeiZ beans-price__text">£0.40</p><p class="styled__StyledFootnote-sc-119w3hf-7 icrlVF styled__Subtext-sc-8qlq5b-2 bNJmdc beans-price__subtext">£0.13/100g</p></div><div class="base-components__RootElement-sc-1mosoyj-1 styled__Container-vtxwzb-0 jptQqM bDFhXJ beans-buybox__actions beans-quantity-controls__container"><div class="base-components__RootElement-sc-1mosoyj-1 styled__Container-sc-16t2b2a-0 jptQqM PUfgZ styled__StyledFormGroup-vtxwzb-1 kzKuAr beans-quantity-controls__form-group beans-form-group__container"><label class="styled__StyledLabel-sc-1ttuvhr-0 izGEjV beans-form-group__label beans-label" for="quantity-controls-295229307">Quantity controls </label><div class="base-components__BaseElement-sc-1mosoyj-0 styled__Children-sc-16t2b2a-3 oznwo gdJvjO beans-form-group__children"><div class="styled__StyledQuantityControlWrapper-vtxwzb-6 LCxOg"><label id="quantity-controls-295229307-label" class="styled__VisuallyHiddenLabel-vtxwzb-7 gXlLiM">Quantity of Tesco Rich Tea Biscuit 300G</label><div class="component__Wrapper-sc-1kpmik-3 dReplG input-wrapper"><input class="base-components__RootElement-sc-1mosoyj-1 styled__StyledInput-sc-1jd5f57-0 component__StyledAsInput-sc-1kpmik-4 jptQqM eJLlow styled__StyledInput-vtxwzb-3 lwMHo beans-quantity-controls__input beans-input" data-auto="beans-quantity-controls-input" autocomplete="off" id="quantity-controls-295229307" maxlength="2" name="newValue" type="number" aria-labelledby="quantity-controls-295229307-label" value="1"></div></div><button class="styled__BaseButton-rsekm1-0 styled__PrimaryButton-rsekm1-2 jChbeY geeWOF styled__StyledButton-vtxwzb-5 japAxb beans-quantity-controls__add-button beans-button__container" type="submit" data-auto="beans-quantity-controls-add-button" aria-label="Quantity of Tesco Rich Tea Biscuit 300G"><span class="base-components__BaseElement-sc-1mosoyj-0 styled__InnerContainer-rsekm1-1 oznwo fuFres beans-button__inner-container"><span class="base-components__BaseElement-sc-1mosoyj-0 styled__TextSpan-rsekm1-4 oznwo GDiMp beans-button__text">Add</span></span></button></div></div></div></div></div><input name="_csrf" type="hidden" value="92xA6FXg-W2XHhQLLDKqjWuqmpStG0svGR_s"></form></div></div></div></div><div class="hidden-medium product-info-section-small"><div class="product-info-message-list"></div></div></div></div></div></div></li><li class="product-list--list-item"><div class="styles__StyledVerticalTileWrapper-dvv1wj-0 dtCNPH"><div data-auto="product-tile" data-auto-type="Quantity" data-auto-available="true" data-auto-is-restricted-disabled="false" data-auto-is-substitute="false" class="styles__StyledVerticalTile-dvv1wj-1 gSCsYK"><div class="styles__StyledTileContentWrapper-dvv1wj-2 bkNhNP beans"><div id="tile-300522845" data-auto-id="300522845" class="styles__StyledTiledContent-dvv1wj-3 bcglTg"><a href="https://www.tesco.com/groceries/en-GB/products/300522845" aria-hidden="true" class="product-image-wrapper" tabindex="1"><div class="product-image__container"><picture><img class="styled__Image-sjvkdn-0 bJErKA product-image beans-responsive-image__image" src="data:image/gif;base64,R0lGODlhAQABAAAAACH5BAEKAAEALAAAAAABAAEAAAICTAEAOw==" srcset="https://digitalcontent.api.tesco.com/v2/media/ghs/8a175f0e-2d90-4cf3-9082-b0a445527d60/64282f1a-8d87-4102-a64e-cf8635ca05a8_2010767548.jpeg?h=225&amp;w=225 768w, data:image/gif;base64,R0lGODlhAQABAAAAACH5BAEKAAEALAAAAAABAAEAAAICTAEAOw== 4000w" alt="Growers Harvest Tomato Passata 500G"></picture></div></a><div class="product-details--wrapper"><h3 class="styles__H3-oa5soe-0 bCKNNq"><a href="https://www.tesco.com/groceries/en-GB/products/300522845" class="styled__Anchor-sc-1xbujuz-0 csVOnh beans-link__anchor" data-auto="product-tile--title"><span class="styled__Text-sc-1xbujuz-1 ldbwMG beans-link__text">Growers Harvest Tomato Passata 500G</span></a></h3><div class="styles__StyledPromotionsAboveMobile-dvv1wj-7 iPTMuo"></div><div class="styles__StyledProductDetailsContent-dvv1wj-5 ddRSrq"><a href="https://www.tesco.com/groceries/en-GB/reviews/submission/300522845?from=%2Fshop%2Ffood-cupboard%2Fall" aria-label="Write a review for Growers Harvest Tomato Passata 500G" class="styled__Anchor-sc-1xbujuz-0 jSzuDt write-a-review-link beans-link__anchor" data-auto="review-link"><span class="styled__Text-sc-1xbujuz-1 fyDIEo beans-link__text">Write a review</span><span class="styled__IconContainer-sc-1xbujuz-2 bSauSL beans-link__icon-container"><svg aria-hidden="true" class="styled__SVG-xxa4wh-1 hQMCqc beans-link__icon beans-icon__svg" height="13.33" preserveAspectRatio="xMinYMax meet" viewBox="-1 0 12 20" width="8" xmlns="http://www.w3.org/2000/svg" color="currentColor"><path d="M1.312 1.348L10.276 10l-8.964 8.644" fill="none" stroke="currentColor"></path></svg></span></a><div><a href="https://www.tesco.com/groceries/en-GB/shop/food-cupboard/tins-cans-and-packets/tomatoes-passata-and-puree/tomato-passata" class="styled__Anchor-sc-1xbujuz-0 jSzuDt rest-of-shelf-link beans-link__anchor" data-auto="rest-of-shelf-link"><span class="styled__Text-sc-1xbujuz-1 fyDIEo beans-link__text">Rest of <span class="visually-hidden">Tomato Passata</span> shelf</span><span class="styled__IconContainer-sc-1xbujuz-2 bSauSL beans-link__icon-container"><svg aria-hidden="true" class="styled__SVG-xxa4wh-1 hQMCqc beans-link__icon beans-icon__svg" height="13.33" preserveAspectRatio="xMinYMax meet" viewBox="-1 0 12 20" width="8" xmlns="http://www.w3.org/2000/svg" color="currentColor"><path d="M1.312 1.348L10.276 10l-8.964 8.644" fill="none" stroke="currentColor"></path></svg></span></a></div><div class="product-info-message-section"><div class="product-info-message-list"><div class="styled__WhiteBackground-sc-9yzfq2-1 jthPIJ"><svg width="56" height="56" viewBox="0 0 56 56" fill="none" xmlns="http://www.w3.org/2000/svg"><path d="M52.1301 27.8766C52.1301 14.5534 41.3293 3.75308 28.0066 3.75308C14.6834 3.75308 3.88306 14.5534 3.88306 27.8766C3.88306 41.1998 14.6834 52.0002 28.0066 52.0002C41.3293 52.0002 52.1301 41.1998 52.1301 27.8766Z" fill="#EE1C2E"></path><path d="M19.6853 36.5687L31.8169 48.6998L52.6633 27.8998L51.9894 23.0423L31.886 43.1452L22.5438 33.803L19.6853 36.5687Z" fill="white"></path><path d="M24.2699 12.0048L23.5594 9.93467L22.8484 12.0048H24.2699ZM24.6345 13.0711H22.4844L21.9776 14.5375H20.7515L22.9815 8.31722H24.1369L26.3669 14.5375H25.1408L24.6345 13.0711Z" fill="white"></path><path d="M27.8359 14.5375H26.734V8.24609H27.8359V14.5375Z" fill="white"></path><path d="M31.5684 13.2309C31.7849 12.9886 31.8927 12.6597 31.8927 12.2446C31.8927 11.8306 31.7849 11.5016 31.5684 11.2588C31.3524 11.0159 31.0811 10.8942 30.7558 10.8942C30.4299 10.8942 30.1587 11.0159 29.9427 11.2588C29.7267 11.5016 29.6184 11.8306 29.6184 12.2446C29.6184 12.6597 29.7267 12.9886 29.9427 13.2309C30.1587 13.4738 30.4299 13.5955 30.7558 13.5955C31.0811 13.5955 31.3524 13.4738 31.5684 13.2309ZM29.4673 14.3065C29.159 14.1049 28.9177 13.8234 28.7429 13.4619C28.5681 13.101 28.481 12.6952 28.481 12.2446C28.481 11.7888 28.5655 11.3815 28.7341 11.0231C28.9032 10.6648 29.1384 10.3848 29.4405 10.1837C29.7426 9.98212 30.0891 9.88158 30.48 9.88158C30.7883 9.88158 31.0579 9.93624 31.2889 10.0455C31.5199 10.1554 31.6978 10.3106 31.8221 10.5122V8.24609H32.9239V14.5375H31.8221V13.9863C31.6916 14.1704 31.5137 14.3194 31.2889 14.4349C31.0636 14.5504 30.797 14.6086 30.4892 14.6086C30.1159 14.6086 29.7751 14.5076 29.4673 14.3065Z" fill="white"></path><path d="M34.9657 14.5375H33.8638V9.95224H34.9657V14.5375ZM33.9082 8.34408C34.0443 8.20796 34.2129 8.1399 34.4145 8.1399C34.6161 8.1399 34.7847 8.20796 34.9208 8.34408C35.0574 8.48071 35.1255 8.64931 35.1255 8.8504C35.1255 9.052 35.0574 9.22112 34.9208 9.35724C34.7847 9.49336 34.6161 9.56142 34.4145 9.56142C34.2129 9.56142 34.0443 9.49336 33.9082 9.35724C33.7715 9.22112 33.704 9.052 33.704 8.8504C33.704 8.64931 33.7715 8.48071 33.9082 8.34408Z" fill="white"></path><path d="M19.6791 19.3347C19.8894 19.1506 19.9946 18.8779 19.9946 18.5169C19.9946 18.1565 19.8894 17.8838 19.6791 17.6997C19.4682 17.5156 19.183 17.4233 18.8221 17.4233H17.5027V19.6111H18.8221C19.183 19.6111 19.4682 19.5188 19.6791 19.3347ZM17.5027 23.9628H16.0374V16.0704H18.9345C19.461 16.0704 19.9157 16.1776 20.2988 16.3921C20.6824 16.6061 20.9753 16.8995 21.1784 17.2712C21.3816 17.6435 21.4826 18.0586 21.4826 18.5169C21.4826 18.9758 21.3816 19.3909 21.1784 19.7632C20.9753 20.1354 20.6824 20.4283 20.2988 20.6423C19.9157 20.8568 19.461 20.9635 18.9345 20.9635H17.5027V23.9628Z" fill="white"></path><path d="M22.0396 18.1451H23.4379V19.0248C23.6029 18.7087 23.8359 18.4684 24.1365 18.3029C24.4376 18.1374 24.7717 18.0549 25.1404 18.0549C25.5235 18.0549 25.8241 18.1415 26.0422 18.3143L25.5689 19.4981C25.3729 19.3929 25.1662 19.3403 24.9486 19.3403C24.5124 19.3403 24.152 19.528 23.8663 19.9039C23.5802 20.2797 23.4379 20.8582 23.4379 21.6404V23.9627H22.0396V18.1451Z" fill="white"></path><path d="M27.8879 23.9627H26.4896V18.1451H27.8879V23.9627ZM26.5458 16.1044C26.7191 15.9316 26.933 15.845 27.1888 15.845C27.444 15.845 27.658 15.9316 27.8312 16.1044C28.0039 16.2771 28.0906 16.4916 28.0906 16.7468C28.0906 17.0026 28.0039 17.217 27.8312 17.3898C27.658 17.5625 27.444 17.6491 27.1888 17.6491C26.933 17.6491 26.7191 17.5625 26.5458 17.3898C26.3731 17.217 26.287 17.0026 26.287 16.7468C26.287 16.4916 26.3731 16.2771 26.5458 16.1044Z" fill="white"></path><path d="M30.0603 23.6693C29.6168 23.4141 29.2714 23.0588 29.0234 22.6041C28.7754 22.1493 28.6511 21.6327 28.6511 21.0537C28.6511 20.4752 28.7754 19.9585 29.0234 19.5038C29.2714 19.049 29.6168 18.6937 30.0603 18.438C30.5037 18.1828 31.011 18.0549 31.5823 18.0549C32.8749 18.0549 33.751 18.585 34.2093 19.6445L32.9353 20.2199C32.6424 19.6332 32.1913 19.3403 31.5823 19.3403C31.1466 19.3403 30.7857 19.4981 30.5001 19.8136C30.2144 20.1297 30.0716 20.5427 30.0716 21.0537C30.0716 21.5651 30.2144 21.9787 30.5001 22.2942C30.7857 22.6097 31.1466 22.7675 31.5823 22.7675C32.1913 22.7675 32.6424 22.4747 32.9353 21.8884L34.2093 22.4633C33.751 23.5229 32.8749 24.0529 31.5823 24.0529C31.011 24.0529 30.5037 23.9251 30.0603 23.6693Z" fill="white"></path><path d="M38.727 20.3999C38.6744 20.0694 38.5223 19.7987 38.2707 19.5883C38.0186 19.3779 37.7015 19.2728 37.3179 19.2728C36.9946 19.2728 36.7048 19.3723 36.4496 19.5713C36.1939 19.7708 36.0175 20.0467 35.9196 20.3999H38.727ZM40.1588 21.5048H35.8633C35.9381 21.9333 36.115 22.2586 36.3934 22.4803C36.6713 22.702 37.0095 22.8129 37.4081 22.8129C37.7386 22.8129 38.015 22.7433 38.2367 22.6041C38.4584 22.4649 38.6708 22.253 38.874 21.9673L40.0573 22.6097C39.7716 23.0759 39.4092 23.4327 38.9693 23.6812C38.5295 23.9287 37.983 24.0529 37.3292 24.0529C36.7125 24.0529 36.1846 23.9086 35.7453 23.6188C35.3055 23.3295 34.9765 22.9557 34.7584 22.4968C34.5403 22.0385 34.4315 21.5574 34.4315 21.0537C34.4315 20.5504 34.546 20.0694 34.7754 19.611C35.0044 19.1526 35.3374 18.7783 35.7731 18.4891C36.2088 18.1998 36.7239 18.0549 37.3179 18.0549C37.9191 18.0549 38.4341 18.19 38.8626 18.4607C39.2911 18.7314 39.6139 19.0866 39.832 19.5264C40.0501 19.9657 40.1588 20.4339 40.1588 20.9299V21.5048Z" fill="white"></path><path d="M16.3879 25.558H17.7399L19.2454 29.4977L20.751 25.558H22.1029V31.8684H20.9309V28.0282L19.6873 31.2915H18.8035L17.5599 28.0282V31.8684H16.3879V25.558Z" fill="white"></path><path d="M25.4058 30.7146C25.6131 30.5341 25.7167 30.3119 25.7167 30.0474V29.9216H24.8335C24.5746 29.9216 24.3689 29.971 24.2158 30.07C24.0626 30.169 23.9858 30.3057 23.9858 30.48C23.9858 30.6424 24.0415 30.7671 24.1529 30.8543C24.2637 30.9414 24.4277 30.9847 24.6437 30.9847C24.9443 30.9847 25.1985 30.8945 25.4058 30.7146ZM23.6074 31.7782C23.3671 31.67 23.1748 31.5122 23.0304 31.3049C22.886 31.0976 22.8138 30.8496 22.8138 30.5609C22.8138 30.1046 22.9855 29.7364 23.3279 29.457C23.6703 29.1775 24.1333 29.0378 24.7159 29.0378H25.7167V28.8754C25.7167 28.6413 25.6357 28.4531 25.4733 28.3118C25.3109 28.1711 25.0918 28.1004 24.8154 28.1004C24.5927 28.1004 24.3916 28.1592 24.2111 28.2763C24.0312 28.3933 23.8956 28.5299 23.8059 28.6862L22.9494 28.1726C23.1113 27.8782 23.3516 27.6333 23.6703 27.4379C23.9889 27.2425 24.3705 27.145 24.8154 27.145C25.4522 27.145 25.9482 27.2982 26.3024 27.6044C26.6572 27.9112 26.8345 28.3526 26.8345 28.9295V31.8685H25.9152L25.7621 31.2735C25.6115 31.4776 25.4207 31.6401 25.1892 31.7602C24.9582 31.8803 24.686 31.9401 24.3735 31.9401C24.1029 31.9401 23.8476 31.8865 23.6074 31.7782Z" fill="white"></path><path d="M27.8214 30.3V28.1726H27.1182V27.2167H27.8214V26.4417L28.9393 25.7384V27.2167H30.1381V28.1726H28.9393V30.2458C28.9393 30.6903 29.1166 30.9125 29.4709 30.9125C29.6333 30.9125 29.7895 30.8496 29.9395 30.7233L30.4443 31.5797C30.2881 31.706 30.1169 31.7978 29.9308 31.855C29.7446 31.9117 29.5549 31.9401 29.3626 31.9401C28.3355 31.9401 27.8214 31.3936 27.8214 30.3Z" fill="white"></path><path d="M31.5487 31.6339C31.194 31.4297 30.9176 31.1456 30.7196 30.7821C30.5211 30.4186 30.4221 30.0056 30.4221 29.5426C30.4221 29.0801 30.5211 28.6666 30.7196 28.3031C30.9176 27.9396 31.194 27.6555 31.5487 27.4513C31.9034 27.2471 32.3087 27.145 32.7655 27.145C33.7993 27.145 34.4995 27.5683 34.8661 28.416L33.8473 28.8754C33.6132 28.4067 33.2528 28.1726 32.7655 28.1726C32.417 28.1726 32.1288 28.2989 31.9004 28.5511C31.6719 28.8037 31.558 29.1342 31.558 29.5426C31.558 29.9509 31.6719 30.282 31.9004 30.5341C32.1288 30.7867 32.417 30.9125 32.7655 30.9125C33.2528 30.9125 33.6132 30.6785 33.8473 30.2098L34.8661 30.6697C34.4995 31.5168 33.7993 31.9401 32.7655 31.9401C32.3087 31.9401 31.9034 31.8386 31.5487 31.6339Z" fill="white"></path><path d="M35.3998 25.4863H36.5176V27.9473C36.662 27.707 36.8615 27.5132 37.1167 27.3657C37.3725 27.2188 37.6592 27.145 37.9778 27.145C38.4702 27.145 38.8579 27.2909 39.1405 27.5823C39.423 27.8736 39.5643 28.2804 39.5643 28.8037V31.8685H38.4465V29.0285C38.4465 28.7522 38.3758 28.5408 38.2346 28.3933C38.0933 28.2458 37.8907 28.1726 37.6262 28.1726C37.3199 28.1726 37.0585 28.3093 36.8419 28.5825C36.6254 28.8558 36.5176 29.275 36.5176 29.8401V31.8685H35.3998V25.4863Z" fill="white"></path></svg><p class="styled__StyledBodyText-sc-119w3hf-5 ggtTyf styled__DarkGreyBodyText-jk5kya-0 iwRWTH">Aldi Price Match</p></div></div></div></div><div class="styles__StyledBuyBoxWrapper-dvv1wj-4 dSvjUC"><div class="styles__StyledBuyBoxContainer-sc-1wx0qp6-0 erryje" data-auto="buybox-container"><div class="styles__SafeFormWrapper-jtpu2t-0 lcrYKS"><form action="https://www.tesco.com/groceries/en-GB/trolley/items/300522845?_method=PUT" method="POST"><input type="submit" class="hidden"><input name="id" type="hidden" value="300522845"><input name="identifier" type="hidden" value="Page"><input name="anchorId" type="hidden" value="#tile-300522845"><input name="returnUrl" type="hidden" value="/groceries/en-GB/shop/food-cupboard/all?redirectIfUnavailable=true#tile-300522845"><input name="backToUrl" type="hidden" value="#"><input name="oldValue" type="hidden" value="0"><input name="oldUnitChoice" type="hidden" value="pcs"><input name="newUnitChoice" type="hidden" value="pcs"><div class="base-components__RootElement-sc-1mosoyj-1 styled__Container-sc-6nhkzi-0 jptQqM hSNpTb beans-buybox__container"><div class="base-components__BaseElement-sc-1mosoyj-0 styled__PriceAndActions-sc-6nhkzi-3 oznwo eEPLov beans-buybox__price-and-actions"><div class="base-components__RootElement-sc-1mosoyj-1 styled__Container-sc-8qlq5b-0 jptQqM bgZrjw styled__StyledPrice-sc-6nhkzi-5 iYHeik beans-buybox__price beans-price__container"><p class="styled__StyledHeading-sc-119w3hf-2 jWPEtj styled__Text-sc-8qlq5b-1 lnaeiZ beans-price__text">£0.42</p><p class="styled__StyledFootnote-sc-119w3hf-7 icrlVF styled__Subtext-sc-8qlq5b-2 bNJmdc beans-price__subtext">£0.84/kg</p></div><div class="base-components__RootElement-sc-1mosoyj-1 styled__Container-vtxwzb-0 jptQqM bDFhXJ beans-buybox__actions beans-quantity-controls__container"><div class="base-components__RootElement-sc-1mosoyj-1 styled__Container-sc-16t2b2a-0 jptQqM PUfgZ styled__StyledFormGroup-vtxwzb-1 kzKuAr beans-quantity-controls__form-group beans-form-group__container"><label class="styled__StyledLabel-sc-1ttuvhr-0 izGEjV beans-form-group__label beans-label" for="quantity-controls-300522845">Quantity controls </label><div class="base-components__BaseElement-sc-1mosoyj-0 styled__Children-sc-16t2b2a-3 oznwo gdJvjO beans-form-group__children"><div class="styled__StyledQuantityControlWrapper-vtxwzb-6 LCxOg"><label id="quantity-controls-300522845-label" class="styled__VisuallyHiddenLabel-vtxwzb-7 gXlLiM">Quantity of Growers Harvest Tomato Passata 500G</label><div class="component__Wrapper-sc-1kpmik-3 dReplG input-wrapper"><input class="base-components__RootElement-sc-1mosoyj-1 styled__StyledInput-sc-1jd5f57-0 component__StyledAsInput-sc-1kpmik-4 jptQqM eJLlow styled__StyledInput-vtxwzb-3 lwMHo beans-quantity-controls__input beans-input" data-auto="beans-quantity-controls-input" autocomplete="off" id="quantity-controls-300522845" maxlength="2" name="newValue" type="number" aria-labelledby="quantity-controls-300522845-label" value="1"></div></div><button class="styled__BaseButton-rsekm1-0 styled__PrimaryButton-rsekm1-2 jChbeY geeWOF styled__StyledButton-vtxwzb-5 japAxb beans-quantity-controls__add-button beans-button__container" type="submit" data-auto="beans-quantity-controls-add-button" aria-label="Quantity of Growers Harvest Tomato Passata 500G"><span class="base-components__BaseElement-sc-1mosoyj-0 styled__InnerContainer-rsekm1-1 oznwo fuFres beans-button__inner-container"><span class="base-components__BaseElement-sc-1mosoyj-0 styled__TextSpan-rsekm1-4 oznwo GDiMp beans-button__text">Add</span></span></button></div></div></div></div></div><input name="_csrf" type="hidden" value="92xA6FXg-W2XHhQLLDKqjWuqmpStG0svGR_s"></form></div></div></div></div><div class="hidden-medium product-info-section-small"><div class="product-info-message-list"><div class="styled__WhiteBackground-sc-9yzfq2-1 jthPIJ"><svg width="56" height="56" viewBox="0 0 56 56" fill="none" xmlns="http://www.w3.org/2000/svg"><path d="M52.1301 27.8766C52.1301 14.5534 41.3293 3.75308 28.0066 3.75308C14.6834 3.75308 3.88306 14.5534 3.88306 27.8766C3.88306 41.1998 14.6834 52.0002 28.0066 52.0002C41.3293 52.0002 52.1301 41.1998 52.1301 27.8766Z" fill="#EE1C2E"></path><path d="M19.6853 36.5687L31.8169 48.6998L52.6633 27.8998L51.9894 23.0423L31.886 43.1452L22.5438 33.803L19.6853 36.5687Z" fill="white"></path><path d="M24.2699 12.0048L23.5594 9.93467L22.8484 12.0048H24.2699ZM24.6345 13.0711H22.4844L21.9776 14.5375H20.7515L22.9815 8.31722H24.1369L26.3669 14.5375H25.1408L24.6345 13.0711Z" fill="white"></path><path d="M27.8359 14.5375H26.734V8.24609H27.8359V14.5375Z" fill="white"></path><path d="M31.5684 13.2309C31.7849 12.9886 31.8927 12.6597 31.8927 12.2446C31.8927 11.8306 31.7849 11.5016 31.5684 11.2588C31.3524 11.0159 31.0811 10.8942 30.7558 10.8942C30.4299 10.8942 30.1587 11.0159 29.9427 11.2588C29.7267 11.5016 29.6184 11.8306 29.6184 12.2446C29.6184 12.6597 29.7267 12.9886 29.9427 13.2309C30.1587 13.4738 30.4299 13.5955 30.7558 13.5955C31.0811 13.5955 31.3524 13.4738 31.5684 13.2309ZM29.4673 14.3065C29.159 14.1049 28.9177 13.8234 28.7429 13.4619C28.5681 13.101 28.481 12.6952 28.481 12.2446C28.481 11.7888 28.5655 11.3815 28.7341 11.0231C28.9032 10.6648 29.1384 10.3848 29.4405 10.1837C29.7426 9.98212 30.0891 9.88158 30.48 9.88158C30.7883 9.88158 31.0579 9.93624 31.2889 10.0455C31.5199 10.1554 31.6978 10.3106 31.8221 10.5122V8.24609H32.9239V14.5375H31.8221V13.9863C31.6916 14.1704 31.5137 14.3194 31.2889 14.4349C31.0636 14.5504 30.797 14.6086 30.4892 14.6086C30.1159 14.6086 29.7751 14.5076 29.4673 14.3065Z" fill="white"></path><path d="M34.9657 14.5375H33.8638V9.95224H34.9657V14.5375ZM33.9082 8.34408C34.0443 8.20796 34.2129 8.1399 34.4145 8.1399C34.6161 8.1399 34.7847 8.20796 34.9208 8.34408C35.0574 8.48071 35.1255 8.64931 35.1255 8.8504C35.1255 9.052 35.0574 9.22112 34.9208 9.35724C34.7847 9.49336 34.6161 9.56142 34.4145 9.56142C34.2129 9.56142 34.0443 9.49336 33.9082 9.35724C33.7715 9.22112 33.704 9.052 33.704 8.8504C33.704 8.64931 33.7715 8.48071 33.9082 8.34408Z" fill="white"></path><path d="M19.6791 19.3347C19.8894 19.1506 19.9946 18.8779 19.9946 18.5169C19.9946 18.1565 19.8894 17.8838 19.6791 17.6997C19.4682 17.5156 19.183 17.4233 18.8221 17.4233H17.5027V19.6111H18.8221C19.183 19.6111 19.4682 19.5188 19.6791 19.3347ZM17.5027 23.9628H16.0374V16.0704H18.9345C19.461 16.0704 19.9157 16.1776 20.2988 16.3921C20.6824 16.6061 20.9753 16.8995 21.1784 17.2712C21.3816 17.6435 21.4826 18.0586 21.4826 18.5169C21.4826 18.9758 21.3816 19.3909 21.1784 19.7632C20.9753 20.1354 20.6824 20.4283 20.2988 20.6423C19.9157 20.8568 19.461 20.9635 18.9345 20.9635H17.5027V23.9628Z" fill="white"></path><path d="M22.0396 18.1451H23.4379V19.0248C23.6029 18.7087 23.8359 18.4684 24.1365 18.3029C24.4376 18.1374 24.7717 18.0549 25.1404 18.0549C25.5235 18.0549 25.8241 18.1415 26.0422 18.3143L25.5689 19.4981C25.3729 19.3929 25.1662 19.3403 24.9486 19.3403C24.5124 19.3403 24.152 19.528 23.8663 19.9039C23.5802 20.2797 23.4379 20.8582 23.4379 21.6404V23.9627H22.0396V18.1451Z" fill="white"></path><path d="M27.8879 23.9627H26.4896V18.1451H27.8879V23.9627ZM26.5458 16.1044C26.7191 15.9316 26.933 15.845 27.1888 15.845C27.444 15.845 27.658 15.9316 27.8312 16.1044C28.0039 16.2771 28.0906 16.4916 28.0906 16.7468C28.0906 17.0026 28.0039 17.217 27.8312 17.3898C27.658 17.5625 27.444 17.6491 27.1888 17.6491C26.933 17.6491 26.7191 17.5625 26.5458 17.3898C26.3731 17.217 26.287 17.0026 26.287 16.7468C26.287 16.4916 26.3731 16.2771 26.5458 16.1044Z" fill="white"></path><path d="M30.0603 23.6693C29.6168 23.4141 29.2714 23.0588 29.0234 22.6041C28.7754 22.1493 28.6511 21.6327 28.6511 21.0537C28.6511 20.4752 28.7754 19.9585 29.0234 19.5038C29.2714 19.049 29.6168 18.6937 30.0603 18.438C30.5037 18.1828 31.011 18.0549 31.5823 18.0549C32.8749 18.0549 33.751 18.585 34.2093 19.6445L32.9353 20.2199C32.6424 19.6332 32.1913 19.3403 31.5823 19.3403C31.1466 19.3403 30.7857 19.4981 30.5001 19.8136C30.2144 20.1297 30.0716 20.5427 30.0716 21.0537C30.0716 21.5651 30.2144 21.9787 30.5001 22.2942C30.7857 22.6097 31.1466 22.7675 31.5823 22.7675C32.1913 22.7675 32.6424 22.4747 32.9353 21.8884L34.2093 22.4633C33.751 23.5229 32.8749 24.0529 31.5823 24.0529C31.011 24.0529 30.5037 23.9251 30.0603 23.6693Z" fill="white"></path><path d="M38.727 20.3999C38.6744 20.0694 38.5223 19.7987 38.2707 19.5883C38.0186 19.3779 37.7015 19.2728 37.3179 19.2728C36.9946 19.2728 36.7048 19.3723 36.4496 19.5713C36.1939 19.7708 36.0175 20.0467 35.9196 20.3999H38.727ZM40.1588 21.5048H35.8633C35.9381 21.9333 36.115 22.2586 36.3934 22.4803C36.6713 22.702 37.0095 22.8129 37.4081 22.8129C37.7386 22.8129 38.015 22.7433 38.2367 22.6041C38.4584 22.4649 38.6708 22.253 38.874 21.9673L40.0573 22.6097C39.7716 23.0759 39.4092 23.4327 38.9693 23.6812C38.5295 23.9287 37.983 24.0529 37.3292 24.0529C36.7125 24.0529 36.1846 23.9086 35.7453 23.6188C35.3055 23.3295 34.9765 22.9557 34.7584 22.4968C34.5403 22.0385 34.4315 21.5574 34.4315 21.0537C34.4315 20.5504 34.546 20.0694 34.7754 19.611C35.0044 19.1526 35.3374 18.7783 35.7731 18.4891C36.2088 18.1998 36.7239 18.0549 37.3179 18.0549C37.9191 18.0549 38.4341 18.19 38.8626 18.4607C39.2911 18.7314 39.6139 19.0866 39.832 19.5264C40.0501 19.9657 40.1588 20.4339 40.1588 20.9299V21.5048Z" fill="white"></path><path d="M16.3879 25.558H17.7399L19.2454 29.4977L20.751 25.558H22.1029V31.8684H20.9309V28.0282L19.6873 31.2915H18.8035L17.5599 28.0282V31.8684H16.3879V25.558Z" fill="white"></path><path d="M25.4058 30.7146C25.6131 30.5341 25.7167 30.3119 25.7167 30.0474V29.9216H24.8335C24.5746 29.9216 24.3689 29.971 24.2158 30.07C24.0626 30.169 23.9858 30.3057 23.9858 30.48C23.9858 30.6424 24.0415 30.7671 24.1529 30.8543C24.2637 30.9414 24.4277 30.9847 24.6437 30.9847C24.9443 30.9847 25.1985 30.8945 25.4058 30.7146ZM23.6074 31.7782C23.3671 31.67 23.1748 31.5122 23.0304 31.3049C22.886 31.0976 22.8138 30.8496 22.8138 30.5609C22.8138 30.1046 22.9855 29.7364 23.3279 29.457C23.6703 29.1775 24.1333 29.0378 24.7159 29.0378H25.7167V28.8754C25.7167 28.6413 25.6357 28.4531 25.4733 28.3118C25.3109 28.1711 25.0918 28.1004 24.8154 28.1004C24.5927 28.1004 24.3916 28.1592 24.2111 28.2763C24.0312 28.3933 23.8956 28.5299 23.8059 28.6862L22.9494 28.1726C23.1113 27.8782 23.3516 27.6333 23.6703 27.4379C23.9889 27.2425 24.3705 27.145 24.8154 27.145C25.4522 27.145 25.9482 27.2982 26.3024 27.6044C26.6572 27.9112 26.8345 28.3526 26.8345 28.9295V31.8685H25.9152L25.7621 31.2735C25.6115 31.4776 25.4207 31.6401 25.1892 31.7602C24.9582 31.8803 24.686 31.9401 24.3735 31.9401C24.1029 31.9401 23.8476 31.8865 23.6074 31.7782Z" fill="white"></path><path d="M27.8214 30.3V28.1726H27.1182V27.2167H27.8214V26.4417L28.9393 25.7384V27.2167H30.1381V28.1726H28.9393V30.2458C28.9393 30.6903 29.1166 30.9125 29.4709 30.9125C29.6333 30.9125 29.7895 30.8496 29.9395 30.7233L30.4443 31.5797C30.2881 31.706 30.1169 31.7978 29.9308 31.855C29.7446 31.9117 29.5549 31.9401 29.3626 31.9401C28.3355 31.9401 27.8214 31.3936 27.8214 30.3Z" fill="white"></path><path d="M31.5487 31.6339C31.194 31.4297 30.9176 31.1456 30.7196 30.7821C30.5211 30.4186 30.4221 30.0056 30.4221 29.5426C30.4221 29.0801 30.5211 28.6666 30.7196 28.3031C30.9176 27.9396 31.194 27.6555 31.5487 27.4513C31.9034 27.2471 32.3087 27.145 32.7655 27.145C33.7993 27.145 34.4995 27.5683 34.8661 28.416L33.8473 28.8754C33.6132 28.4067 33.2528 28.1726 32.7655 28.1726C32.417 28.1726 32.1288 28.2989 31.9004 28.5511C31.6719 28.8037 31.558 29.1342 31.558 29.5426C31.558 29.9509 31.6719 30.282 31.9004 30.5341C32.1288 30.7867 32.417 30.9125 32.7655 30.9125C33.2528 30.9125 33.6132 30.6785 33.8473 30.2098L34.8661 30.6697C34.4995 31.5168 33.7993 31.9401 32.7655 31.9401C32.3087 31.9401 31.9034 31.8386 31.5487 31.6339Z" fill="white"></path><path d="M35.3998 25.4863H36.5176V27.9473C36.662 27.707 36.8615 27.5132 37.1167 27.3657C37.3725 27.2188 37.6592 27.145 37.9778 27.145C38.4702 27.145 38.8579 27.2909 39.1405 27.5823C39.423 27.8736 39.5643 28.2804 39.5643 28.8037V31.8685H38.4465V29.0285C38.4465 28.7522 38.3758 28.5408 38.2346 28.3933C38.0933 28.2458 37.8907 28.1726 37.6262 28.1726C37.3199 28.1726 37.0585 28.3093 36.8419 28.5825C36.6254 28.8558 36.5176 29.275 36.5176 29.8401V31.8685H35.3998V25.4863Z" fill="white"></path></svg><p class="styled__StyledBodyText-sc-119w3hf-5 ggtTyf styled__DarkGreyBodyText-jk5kya-0 iwRWTH">Aldi Price Match</p></div></div></div></div></div></div></div></li><li class="product-list--list-item"><div class="styles__StyledVerticalTileWrapper-dvv1wj-0 dtCNPH"><div data-auto="product-tile" data-auto-type="Quantity" data-auto-available="true" data-auto-is-restricted-disabled="false" data-auto-is-substitute="false" class="styles__StyledVerticalTile-dvv1wj-1 gSCsYK"><div class="styles__StyledTileContentWrapper-dvv1wj-2 bkNhNP beans"><div id="tile-254879475" data-auto-id="254879475" class="styles__StyledTiledContent-dvv1wj-3 bcglTg"><a href="https://www.tesco.com/groceries/en-GB/products/254879475" aria-hidden="true" class="product-image-wrapper" tabindex="1"><div class="product-image__container"><picture><img class="styled__Image-sjvkdn-0 bJErKA product-image beans-responsive-image__image" src="data:image/gif;base64,R0lGODlhAQABAAAAACH5BAEKAAEALAAAAAABAAEAAAICTAEAOw==" srcset="https://digitalcontent.api.tesco.com/v2/media/ghs/ec248117-eabd-46bc-95f4-8cbe9cdcb145/52b248bc-940a-4ba3-aa96-863a6cd4f7ab_2067473772.jpeg?h=225&amp;w=225 768w, data:image/gif;base64,R0lGODlhAQABAAAAACH5BAEKAAEALAAAAAABAAEAAAICTAEAOw== 4000w" alt="Tesco Tomato Puree Tube 200G"></picture></div></a><div class="product-details--wrapper"><h3 class="styles__H3-oa5soe-0 bCKNNq"><a href="https://www.tesco.com/groceries/en-GB/products/254879475" class="styled__Anchor-sc-1xbujuz-0 csVOnh beans-link__anchor" data-auto="product-tile--title"><span class="styled__Text-sc-1xbujuz-1 ldbwMG beans-link__text">Tesco Tomato Puree Tube 200G</span></a></h3><div class="styles__StyledPromotionsAboveMobile-dvv1wj-7 iPTMuo"></div><div class="styles__StyledProductDetailsContent-dvv1wj-5 ddRSrq"><a href="https://www.tesco.com/groceries/en-GB/reviews/submission/254879475?from=%2Fshop%2Ffood-cupboard%2Fall" aria-label="Write a review for Tesco Tomato Puree Tube 200G" class="styled__Anchor-sc-1xbujuz-0 jSzuDt write-a-review-link beans-link__anchor" data-auto="review-link"><span class="styled__Text-sc-1xbujuz-1 fyDIEo beans-link__text">Write a review</span><span class="styled__IconContainer-sc-1xbujuz-2 bSauSL beans-link__icon-container"><svg aria-hidden="true" class="styled__SVG-xxa4wh-1 hQMCqc beans-link__icon beans-icon__svg" height="13.33" preserveAspectRatio="xMinYMax meet" viewBox="-1 0 12 20" width="8" xmlns="http://www.w3.org/2000/svg" color="currentColor"><path d="M1.312 1.348L10.276 10l-8.964 8.644" fill="none" stroke="currentColor"></path></svg></span></a><div><a href="https://www.tesco.com/groceries/en-GB/shop/food-cupboard/tins-cans-and-packets/tomatoes-passata-and-puree/tomato-puree" class="styled__Anchor-sc-1xbujuz-0 jSzuDt rest-of-shelf-link beans-link__anchor" data-auto="rest-of-shelf-link"><span class="styled__Text-sc-1xbujuz-1 fyDIEo beans-link__text">Rest of <span class="visually-hidden">Tomato Puree</span> shelf</span><span class="styled__IconContainer-sc-1xbujuz-2 bSauSL beans-link__icon-container"><svg aria-hidden="true" class="styled__SVG-xxa4wh-1 hQMCqc beans-link__icon beans-icon__svg" height="13.33" preserveAspectRatio="xMinYMax meet" viewBox="-1 0 12 20" width="8" xmlns="http://www.w3.org/2000/svg" color="currentColor"><path d="M1.312 1.348L10.276 10l-8.964 8.644" fill="none" stroke="currentColor"></path></svg></span></a></div><div class="product-info-message-section"><div class="product-info-message-list"></div></div></div><div class="styles__StyledBuyBoxWrapper-dvv1wj-4 dSvjUC"><div class="styles__StyledBuyBoxContainer-sc-1wx0qp6-0 erryje" data-auto="buybox-container"><div class="styles__SafeFormWrapper-jtpu2t-0 lcrYKS"><form action="https://www.tesco.com/groceries/en-GB/trolley/items/254879475?_method=PUT" method="POST"><input type="submit" class="hidden"><input name="id" type="hidden" value="254879475"><input name="identifier" type="hidden" value="Page"><input name="anchorId" type="hidden" value="#tile-254879475"><input name="returnUrl" type="hidden" value="/groceries/en-GB/shop/food-cupboard/all?redirectIfUnavailable=true#tile-254879475"><input name="backToUrl" type="hidden" value="#"><input name="oldValue" type="hidden" value="0"><input name="oldUnitChoice" type="hidden" value="pcs"><input name="newUnitChoice" type="hidden" value="pcs"><div class="base-components__RootElement-sc-1mosoyj-1 styled__Container-sc-6nhkzi-0 jptQqM hSNpTb beans-buybox__container"><div class="base-components__BaseElement-sc-1mosoyj-0 styled__PriceAndActions-sc-6nhkzi-3 oznwo eEPLov beans-buybox__price-and-actions"><div class="base-components__RootElement-sc-1mosoyj-1 styled__Container-sc-8qlq5b-0 jptQqM bgZrjw styled__StyledPrice-sc-6nhkzi-5 iYHeik beans-buybox__price beans-price__container"><p class="styled__StyledHeading-sc-119w3hf-2 jWPEtj styled__Text-sc-8qlq5b-1 lnaeiZ beans-price__text">£0.50</p><p class="styled__StyledFootnote-sc-119w3hf-7 icrlVF styled__Subtext-sc-8qlq5b-2 bNJmdc beans-price__subtext">£2.50/kg</p></div><div class="base-components__RootElement-sc-1mosoyj-1 styled__Container-vtxwzb-0 jptQqM bDFhXJ beans-buybox__actions beans-quantity-controls__container"><div class="base-components__RootElement-sc-1mosoyj-1 styled__Container-sc-16t2b2a-0 jptQqM PUfgZ styled__StyledFormGroup-vtxwzb-1 kzKuAr beans-quantity-controls__form-group beans-form-group__container"><label class="styled__StyledLabel-sc-1ttuvhr-0 izGEjV beans-form-group__label beans-label" for="quantity-controls-254879475">Quantity controls </label><div class="base-components__BaseElement-sc-1mosoyj-0 styled__Children-sc-16t2b2a-3 oznwo gdJvjO beans-form-group__children"><div class="styled__StyledQuantityControlWrapper-vtxwzb-6 LCxOg"><label id="quantity-controls-254879475-label" class="styled__VisuallyHiddenLabel-vtxwzb-7 gXlLiM">Quantity of Tesco Tomato Puree Tube 200G</label><div class="component__Wrapper-sc-1kpmik-3 dReplG input-wrapper"><input class="base-components__RootElement-sc-1mosoyj-1 styled__StyledInput-sc-1jd5f57-0 component__StyledAsInput-sc-1kpmik-4 jptQqM eJLlow styled__StyledInput-vtxwzb-3 lwMHo beans-quantity-controls__input beans-input" data-auto="beans-quantity-controls-input" autocomplete="off" id="quantity-controls-254879475" maxlength="2" name="newValue" type="number" aria-labelledby="quantity-controls-254879475-label" value="1"></div></div><button class="styled__BaseButton-rsekm1-0 styled__PrimaryButton-rsekm1-2 jChbeY geeWOF styled__StyledButton-vtxwzb-5 japAxb beans-quantity-controls__add-button beans-button__container" type="submit" data-auto="beans-quantity-controls-add-button" aria-label="Quantity of Tesco Tomato Puree Tube 200G"><span class="base-components__BaseElement-sc-1mosoyj-0 styled__InnerContainer-rsekm1-1 oznwo fuFres beans-button__inner-container"><span class="base-components__BaseElement-sc-1mosoyj-0 styled__TextSpan-rsekm1-4 oznwo GDiMp beans-button__text">Add</span></span></button></div></div></div></div></div><input name="_csrf" type="hidden" value="92xA6FXg-W2XHhQLLDKqjWuqmpStG0svGR_s"></form></div></div></div></div><div class="hidden-medium product-info-section-small"><div class="product-info-message-list"></div></div></div></div></div></div></li><li class="product-list--list-item"><div class="styles__StyledVerticalTileWrapper-dvv1wj-0 dtCNPH"><div data-auto="product-tile" data-auto-type="Quantity" data-auto-available="true" data-auto-is-restricted-disabled="false" data-auto-is-substitute="false" class="styles__StyledVerticalTile-dvv1wj-1 gSCsYK"><div class="styles__StyledTileContentWrapper-dvv1wj-2 bkNhNP beans"><div id="tile-254876305" data-auto-id="254876305" class="styles__StyledTiledContent-dvv1wj-3 bcglTg"><a href="https://www.tesco.com/groceries/en-GB/products/254876305" aria-hidden="true" class="product-image-wrapper" tabindex="1"><div class="product-image__container"><picture><img class="styled__Image-sjvkdn-0 bJErKA product-image beans-responsive-image__image" src="data:image/gif;base64,R0lGODlhAQABAAAAACH5BAEKAAEALAAAAAABAAEAAAICTAEAOw==" srcset="https://digitalcontent.api.tesco.com/v2/media/ghs/70226590-4fce-4cd7-b97e-76a31678f860/6326bb05-6bfa-4ad5-a1f0-f0c464471cc0_1548180333.jpeg?h=225&amp;w=225 768w, data:image/gif;base64,R0lGODlhAQABAAAAACH5BAEKAAEALAAAAAABAAEAAAICTAEAOw== 4000w" alt="Tesco Baked Beans In Tomato Sauce 220G"></picture></div></a><div class="product-details--wrapper"><h3 class="styles__H3-oa5soe-0 bCKNNq"><a href="https://www.tesco.com/groceries/en-GB/products/254876305" class="styled__Anchor-sc-1xbujuz-0 csVOnh beans-link__anchor" data-auto="product-tile--title"><span class="styled__Text-sc-1xbujuz-1 ldbwMG beans-link__text">Tesco Baked Beans In Tomato Sauce 220G</span></a></h3><div class="styles__StyledPromotionsAboveMobile-dvv1wj-7 iPTMuo"></div><div class="styles__StyledProductDetailsContent-dvv1wj-5 ddRSrq"><a href="https://www.tesco.com/groceries/en-GB/reviews/submission/254876305?from=%2Fshop%2Ffood-cupboard%2Fall" aria-label="Write a review for Tesco Baked Beans In Tomato Sauce 220G" class="styled__Anchor-sc-1xbujuz-0 jSzuDt write-a-review-link beans-link__anchor" data-auto="review-link"><span class="styled__Text-sc-1xbujuz-1 fyDIEo beans-link__text">Write a review</span><span class="styled__IconContainer-sc-1xbujuz-2 bSauSL beans-link__icon-container"><svg aria-hidden="true" class="styled__SVG-xxa4wh-1 hQMCqc beans-link__icon beans-icon__svg" height="13.33" preserveAspectRatio="xMinYMax meet" viewBox="-1 0 12 20" width="8" xmlns="http://www.w3.org/2000/svg" color="currentColor"><path d="M1.312 1.348L10.276 10l-8.964 8.644" fill="none" stroke="currentColor"></path></svg></span></a><div><a href="https://www.tesco.com/groceries/en-GB/shop/food-cupboard/tins-cans-and-packets/baked-beans/tinned-baked-beans" class="styled__Anchor-sc-1xbujuz-0 jSzuDt rest-of-shelf-link beans-link__anchor" data-auto="rest-of-shelf-link"><span class="styled__Text-sc-1xbujuz-1 fyDIEo beans-link__text">Rest of <span class="visually-hidden">Tinned Baked Beans</span> shelf</span><span class="styled__IconContainer-sc-1xbujuz-2 bSauSL beans-link__icon-container"><svg aria-hidden="true" class="styled__SVG-xxa4wh-1 hQMCqc beans-link__icon beans-icon__svg" height="13.33" preserveAspectRatio="xMinYMax meet" viewBox="-1 0 12 20" width="8" xmlns="http://www.w3.org/2000/svg" color="currentColor"><path d="M1.312 1.348L10.276 10l-8.964 8.644" fill="none" stroke="currentColor"></path></svg></span></a></div><div class="product-info-message-section"><div class="product-info-message-list"></div></div></div><div class="styles__StyledBuyBoxWrapper-dvv1wj-4 dSvjUC"><div class="styles__StyledBuyBoxContainer-sc-1wx0qp6-0 erryje" data-auto="buybox-container"><div class="styles__SafeFormWrapper-jtpu2t-0 lcrYKS"><form action="https://www.tesco.com/groceries/en-GB/trolley/items/254876305?_method=PUT" method="POST"><input type="submit" class="hidden"><input name="id" type="hidden" value="254876305"><input name="identifier" type="hidden" value="Page"><input name="anchorId" type="hidden" value="#tile-254876305"><input name="returnUrl" type="hidden" value="/groceries/en-GB/shop/food-cupboard/all?redirectIfUnavailable=true#tile-254876305"><input name="backToUrl" type="hidden" value="#"><input name="oldValue" type="hidden" value="0"><input name="oldUnitChoice" type="hidden" value="pcs"><input name="newUnitChoice" type="hidden" value="pcs"><div class="base-components__RootElement-sc-1mosoyj-1 styled__Container-sc-6nhkzi-0 jptQqM hSNpTb beans-buybox__container"><div class="base-components__BaseElement-sc-1mosoyj-0 styled__PriceAndActions-sc-6nhkzi-3 oznwo eEPLov beans-buybox__price-and-actions"><div class="base-components__RootElement-sc-1mosoyj-1 styled__Container-sc-8qlq5b-0 jptQqM bgZrjw styled__StyledPrice-sc-6nhkzi-5 iYHeik beans-buybox__price beans-price__container"><p class="styled__StyledHeading-sc-119w3hf-2 jWPEtj styled__Text-sc-8qlq5b-1 lnaeiZ beans-price__text">£0.35</p><p class="styled__StyledFootnote-sc-119w3hf-7 icrlVF styled__Subtext-sc-8qlq5b-2 bNJmdc beans-price__subtext">£1.60/kg</p></div><div class="base-components__RootElement-sc-1mosoyj-1 styled__Container-vtxwzb-0 jptQqM bDFhXJ beans-buybox__actions beans-quantity-controls__container"><div class="base-components__RootElement-sc-1mosoyj-1 styled__Container-sc-16t2b2a-0 jptQqM PUfgZ styled__StyledFormGroup-vtxwzb-1 kzKuAr beans-quantity-controls__form-group beans-form-group__container"><label class="styled__StyledLabel-sc-1ttuvhr-0 izGEjV beans-form-group__label beans-label" for="quantity-controls-254876305">Quantity controls </label><div class="base-components__BaseElement-sc-1mosoyj-0 styled__Children-sc-16t2b2a-3 oznwo gdJvjO beans-form-group__children"><div class="styled__StyledQuantityControlWrapper-vtxwzb-6 LCxOg"><label id="quantity-controls-254876305-label" class="styled__VisuallyHiddenLabel-vtxwzb-7 gXlLiM">Quantity of Tesco Baked Beans In Tomato Sauce 220G</label><div class="component__Wrapper-sc-1kpmik-3 dReplG input-wrapper"><input class="base-components__RootElement-sc-1mosoyj-1 styled__StyledInput-sc-1jd5f57-0 component__StyledAsInput-sc-1kpmik-4 jptQqM eJLlow styled__StyledInput-vtxwzb-3 lwMHo beans-quantity-controls__input beans-input" data-auto="beans-quantity-controls-input" autocomplete="off" id="quantity-controls-254876305" maxlength="2" name="newValue" type="number" aria-labelledby="quantity-controls-254876305-label" value="1"></div></div><button class="styled__BaseButton-rsekm1-0 styled__PrimaryButton-rsekm1-2 jChbeY geeWOF styled__StyledButton-vtxwzb-5 japAxb beans-quantity-controls__add-button beans-button__container" type="submit" data-auto="beans-quantity-controls-add-button" aria-label="Quantity of Tesco Baked Beans In Tomato Sauce 220G"><span class="base-components__BaseElement-sc-1mosoyj-0 styled__InnerContainer-rsekm1-1 oznwo fuFres beans-button__inner-container"><span class="base-components__BaseElement-sc-1mosoyj-0 styled__TextSpan-rsekm1-4 oznwo GDiMp beans-button__text">Add</span></span></button></div></div></div></div></div><input name="_csrf" type="hidden" value="92xA6FXg-W2XHhQLLDKqjWuqmpStG0svGR_s"></form></div></div></div></div><div class="hidden-medium product-info-section-small"><div class="product-info-message-list"></div></div></div></div></div></div></li><li class="product-list--list-item"><div class="styles__StyledVerticalTileWrapper-dvv1wj-0 dtCNPH"><div data-auto="product-tile" data-auto-type="Quantity" data-auto-available="true" data-auto-is-restricted-disabled="false" data-auto-is-substitute="false" class="styles__StyledVerticalTile-dvv1wj-1 gSCsYK"><div class="styles__StyledTileContentWrapper-dvv1wj-2 bkNhNP beans"><div id="tile-254924572" data-auto-id="254924572" class="styles__StyledTiledContent-dvv1wj-3 bcglTg"><a href="https://www.tesco.com/groceries/en-GB/products/254924572" aria-hidden="true" class="product-image-wrapper" tabindex="1"><div class="product-image__container"><picture><img class="styled__Image-sjvkdn-0 bJErKA product-image beans-responsive-image__image" src="data:image/gif;base64,R0lGODlhAQABAAAAACH5BAEKAAEALAAAAAABAAEAAAICTAEAOw==" srcset="https://digitalcontent.api.tesco.com/v2/media/ghs/c0805847-bcee-4fd7-8b5a-23a98209c6b9/8f262cf6-0d55-40f8-adfc-a9248fe3e557_2042987711.jpeg?h=225&amp;w=225 768w, data:image/gif;base64,R0lGODlhAQABAAAAACH5BAEKAAEALAAAAAABAAEAAAICTAEAOw== 4000w" alt="Tesco Milk Chocolate Digestive 300G"></picture></div></a><div class="product-details--wrapper"><h3 class="styles__H3-oa5soe-0 bCKNNq"><a href="https://www.tesco.com/groceries/en-GB/products/254924572" class="styled__Anchor-sc-1xbujuz-0 csVOnh beans-link__anchor" data-auto="product-tile--title"><span class="styled__Text-sc-1xbujuz-1 ldbwMG beans-link__text">Tesco Milk Chocolate Digestive 300G</span></a></h3><div class="styles__StyledPromotionsAboveMobile-dvv1wj-7 iPTMuo"></div><div class="styles__StyledProductDetailsContent-dvv1wj-5 ddRSrq"><a href="https://www.tesco.com/groceries/en-GB/reviews/submission/254924572?from=%2Fshop%2Ffood-cupboard%2Fall" aria-label="Write a review for Tesco Milk Chocolate Digestive 300G" class="styled__Anchor-sc-1xbujuz-0 jSzuDt write-a-review-link beans-link__anchor" data-auto="review-link"><span class="styled__Text-sc-1xbujuz-1 fyDIEo beans-link__text">Write a review</span><span class="styled__IconContainer-sc-1xbujuz-2 bSauSL beans-link__icon-container"><svg aria-hidden="true" class="styled__SVG-xxa4wh-1 hQMCqc beans-link__icon beans-icon__svg" height="13.33" preserveAspectRatio="xMinYMax meet" viewBox="-1 0 12 20" width="8" xmlns="http://www.w3.org/2000/svg" color="currentColor"><path d="M1.312 1.348L10.276 10l-8.964 8.644" fill="none" stroke="currentColor"></path></svg></span></a><div><a href="https://www.tesco.com/groceries/en-GB/shop/food-cupboard/biscuits-and-cereal-bars/chocolate-biscuits-and-jaffa-cakes/chocolate-digestives-and-oat-biscuits" class="styled__Anchor-sc-1xbujuz-0 jSzuDt rest-of-shelf-link beans-link__anchor" data-auto="rest-of-shelf-link"><span class="styled__Text-sc-1xbujuz-1 fyDIEo beans-link__text">Rest of <span class="visually-hidden">Chocolate Digestives &amp; Oat Biscuits</span> shelf</span><span class="styled__IconContainer-sc-1xbujuz-2 bSauSL beans-link__icon-container"><svg aria-hidden="true" class="styled__SVG-xxa4wh-1 hQMCqc beans-link__icon beans-icon__svg" height="13.33" preserveAspectRatio="xMinYMax meet" viewBox="-1 0 12 20" width="8" xmlns="http://www.w3.org/2000/svg" color="currentColor"><path d="M1.312 1.348L10.276 10l-8.964 8.644" fill="none" stroke="currentColor"></path></svg></span></a></div><div class="product-info-message-section"><div class="product-info-message-list"></div></div></div><div class="styles__StyledBuyBoxWrapper-dvv1wj-4 dSvjUC"><div class="styles__StyledBuyBoxContainer-sc-1wx0qp6-0 erryje" data-auto="buybox-container"><div class="styles__SafeFormWrapper-jtpu2t-0 lcrYKS"><form action="https://www.tesco.com/groceries/en-GB/trolley/items/254924572?_method=PUT" method="POST"><input type="submit" class="hidden"><input name="id" type="hidden" value="254924572"><input name="identifier" type="hidden" value="Page"><input name="anchorId" type="hidden" value="#tile-254924572"><input name="returnUrl" type="hidden" value="/groceries/en-GB/shop/food-cupboard/all?redirectIfUnavailable=true#tile-254924572"><input name="backToUrl" type="hidden" value="#"><input name="oldValue" type="hidden" value="0"><input name="oldUnitChoice" type="hidden" value="pcs"><input name="newUnitChoice" type="hidden" value="pcs"><div class="base-components__RootElement-sc-1mosoyj-1 styled__Container-sc-6nhkzi-0 jptQqM hSNpTb beans-buybox__container"><div class="base-components__BaseElement-sc-1mosoyj-0 styled__PriceAndActions-sc-6nhkzi-3 oznwo eEPLov beans-buybox__price-and-actions"><div class="base-components__RootElement-sc-1mosoyj-1 styled__Container-sc-8qlq5b-0 jptQqM bgZrjw styled__StyledPrice-sc-6nhkzi-5 iYHeik beans-buybox__price beans-price__container"><p class="styled__StyledHeading-sc-119w3hf-2 jWPEtj styled__Text-sc-8qlq5b-1 lnaeiZ beans-price__text">£0.60</p><p class="styled__StyledFootnote-sc-119w3hf-7 icrlVF styled__Subtext-sc-8qlq5b-2 bNJmdc beans-price__subtext">£0.20/100g</p></div><div class="base-components__RootElement-sc-1mosoyj-1 styled__Container-vtxwzb-0 jptQqM bDFhXJ beans-buybox__actions beans-quantity-controls__container"><div class="base-components__RootElement-sc-1mosoyj-1 styled__Container-sc-16t2b2a-0 jptQqM PUfgZ styled__StyledFormGroup-vtxwzb-1 kzKuAr beans-quantity-controls__form-group beans-form-group__container"><label class="styled__StyledLabel-sc-1ttuvhr-0 izGEjV beans-form-group__label beans-label" for="quantity-controls-254924572">Quantity controls </label><div class="base-components__BaseElement-sc-1mosoyj-0 styled__Children-sc-16t2b2a-3 oznwo gdJvjO beans-form-group__children"><div class="styled__StyledQuantityControlWrapper-vtxwzb-6 LCxOg"><label id="quantity-controls-254924572-label" class="styled__VisuallyHiddenLabel-vtxwzb-7 gXlLiM">Quantity of Tesco Milk Chocolate Digestive 300G</label><div class="component__Wrapper-sc-1kpmik-3 dReplG input-wrapper"><input class="base-components__RootElement-sc-1mosoyj-1 styled__StyledInput-sc-1jd5f57-0 component__StyledAsInput-sc-1kpmik-4 jptQqM eJLlow styled__StyledInput-vtxwzb-3 lwMHo beans-quantity-controls__input beans-input" data-auto="beans-quantity-controls-input" autocomplete="off" id="quantity-controls-254924572" maxlength="2" name="newValue" type="number" aria-labelledby="quantity-controls-254924572-label" value="1"></div></div><button class="styled__BaseButton-rsekm1-0 styled__PrimaryButton-rsekm1-2 jChbeY geeWOF styled__StyledButton-vtxwzb-5 japAxb beans-quantity-controls__add-button beans-button__container" type="submit" data-auto="beans-quantity-controls-add-button" aria-label="Quantity of Tesco Milk Chocolate Digestive 300G"><span class="base-components__BaseElement-sc-1mosoyj-0 styled__InnerContainer-rsekm1-1 oznwo fuFres beans-button__inner-container"><span class="base-components__BaseElement-sc-1mosoyj-0 styled__TextSpan-rsekm1-4 oznwo GDiMp beans-button__text">Add</span></span></button></div></div></div></div></div><input name="_csrf" type="hidden" value="92xA6FXg-W2XHhQLLDKqjWuqmpStG0svGR_s"></form></div></div></div></div><div class="hidden-medium product-info-section-small"><div class="product-info-message-list"></div></div></div></div></div></div></li><li class="product-list--list-item"><div class="styles__StyledVerticalTileWrapper-dvv1wj-0 dtCNPH"><div data-auto="product-tile" data-auto-type="Quantity" data-auto-available="true" data-auto-is-restricted-disabled="false" data-auto-is-substitute="false" class="styles__StyledVerticalTile-dvv1wj-1 gSCsYK"><div class="styles__StyledTileContentWrapper-dvv1wj-2 bkNhNP beans"><div id="tile-300876915" data-auto-id="300876915" class="styles__StyledTiledContent-dvv1wj-3 bcglTg"><a href="https://www.tesco.com/groceries/en-GB/products/300876915" aria-hidden="true" class="product-image-wrapper" tabindex="1"><div class="product-image__container"><picture><img class="styled__Image-sjvkdn-0 bJErKA product-image beans-responsive-image__image" src="data:image/gif;base64,R0lGODlhAQABAAAAACH5BAEKAAEALAAAAAABAAEAAAICTAEAOw==" srcset="https://digitalcontent.api.tesco.com/v2/media/ghs/a9fd6cb1-3964-4105-ab3e-8d53f7b61e25/5e444859-04a6-475c-af1a-58629725607a_657943670.jpeg?h=225&amp;w=225 768w, data:image/gif;base64,R0lGODlhAQABAAAAACH5BAEKAAEALAAAAAABAAEAAAICTAEAOw== 4000w" alt="Tesco Dreamy Caramel Bars 6 X 40G"></picture></div></a><div class="product-details--wrapper"><h3 class="styles__H3-oa5soe-0 bCKNNq"><a href="https://www.tesco.com/groceries/en-GB/products/300876915" class="styled__Anchor-sc-1xbujuz-0 csVOnh beans-link__anchor" data-auto="product-tile--title"><span class="styled__Text-sc-1xbujuz-1 ldbwMG beans-link__text">Tesco Dreamy Caramel Bars 6 X 40G</span></a></h3><div class="styles__StyledPromotionsAboveMobile-dvv1wj-7 iPTMuo"></div><div class="styles__StyledProductDetailsContent-dvv1wj-5 ddRSrq"><a href="https://www.tesco.com/groceries/en-GB/reviews/submission/300876915?from=%2Fshop%2Ffood-cupboard%2Fall" aria-label="Write a review for Tesco Dreamy Caramel Bars 6 X 40G" class="styled__Anchor-sc-1xbujuz-0 jSzuDt write-a-review-link beans-link__anchor" data-auto="review-link"><span class="styled__Text-sc-1xbujuz-1 fyDIEo beans-link__text">Write a review</span><span class="styled__IconContainer-sc-1xbujuz-2 bSauSL beans-link__icon-container"><svg aria-hidden="true" class="styled__SVG-xxa4wh-1 hQMCqc beans-link__icon beans-icon__svg" height="13.33" preserveAspectRatio="xMinYMax meet" viewBox="-1 0 12 20" width="8" xmlns="http://www.w3.org/2000/svg" color="currentColor"><path d="M1.312 1.348L10.276 10l-8.964 8.644" fill="none" stroke="currentColor"></path></svg></span></a><div><a href="https://www.tesco.com/groceries/en-GB/shop/food-cupboard/chocolate-sweets-mints-and-chewing-gum/multipack-chocolate-bars/small-multipack-chocolate-bars" class="styled__Anchor-sc-1xbujuz-0 jSzuDt rest-of-shelf-link beans-link__anchor" data-auto="rest-of-shelf-link"><span class="styled__Text-sc-1xbujuz-1 fyDIEo beans-link__text">Rest of <span class="visually-hidden">Small Multipack Chocolate Bars</span> shelf</span><span class="styled__IconContainer-sc-1xbujuz-2 bSauSL beans-link__icon-container"><svg aria-hidden="true" class="styled__SVG-xxa4wh-1 hQMCqc beans-link__icon beans-icon__svg" height="13.33" preserveAspectRatio="xMinYMax meet" viewBox="-1 0 12 20" width="8" xmlns="http://www.w3.org/2000/svg" color="currentColor"><path d="M1.312 1.348L10.276 10l-8.964 8.644" fill="none" stroke="currentColor"></path></svg></span></a></div><div class="product-info-message-section"><div class="product-info-message-list"></div></div></div><div class="styles__StyledBuyBoxWrapper-dvv1wj-4 dSvjUC"><div class="styles__StyledBuyBoxContainer-sc-1wx0qp6-0 erryje" data-auto="buybox-container"><div class="styles__SafeFormWrapper-jtpu2t-0 lcrYKS"><form action="https://www.tesco.com/groceries/en-GB/trolley/items/300876915?_method=PUT" method="POST"><input type="submit" class="hidden"><input name="id" type="hidden" value="300876915"><input name="identifier" type="hidden" value="Page"><input name="anchorId" type="hidden" value="#tile-300876915"><input name="returnUrl" type="hidden" value="/groceries/en-GB/shop/food-cupboard/all?redirectIfUnavailable=true#tile-300876915"><input name="backToUrl" type="hidden" value="#"><input name="oldValue" type="hidden" value="0"><input name="oldUnitChoice" type="hidden" value="pcs"><input name="newUnitChoice" type="hidden" value="pcs"><div class="base-components__RootElement-sc-1mosoyj-1 styled__Container-sc-6nhkzi-0 jptQqM hSNpTb beans-buybox__container"><div class="base-components__BaseElement-sc-1mosoyj-0 styled__PriceAndActions-sc-6nhkzi-3 oznwo eEPLov beans-buybox__price-and-actions"><div class="base-components__RootElement-sc-1mosoyj-1 styled__Container-sc-8qlq5b-0 jptQqM bgZrjw styled__StyledPrice-sc-6nhkzi-5 iYHeik beans-buybox__price beans-price__container"><p class="styled__StyledHeading-sc-119w3hf-2 jWPEtj styled__Text-sc-8qlq5b-1 lnaeiZ beans-price__text">£0.89</p><p class="styled__StyledFootnote-sc-119w3hf-7 icrlVF styled__Subtext-sc-8qlq5b-2 bNJmdc beans-price__subtext">£0.37/100g</p></div><div class="base-components__RootElement-sc-1mosoyj-1 styled__Container-vtxwzb-0 jptQqM bDFhXJ beans-buybox__actions beans-quantity-controls__container"><div class="base-components__RootElement-sc-1mosoyj-1 styled__Container-sc-16t2b2a-0 jptQqM PUfgZ styled__StyledFormGroup-vtxwzb-1 kzKuAr beans-quantity-controls__form-group beans-form-group__container"><label class="styled__StyledLabel-sc-1ttuvhr-0 izGEjV beans-form-group__label beans-label" for="quantity-controls-300876915">Quantity controls </label><div class="base-components__BaseElement-sc-1mosoyj-0 styled__Children-sc-16t2b2a-3 oznwo gdJvjO beans-form-group__children"><div class="styled__StyledQuantityControlWrapper-vtxwzb-6 LCxOg"><label id="quantity-controls-300876915-label" class="styled__VisuallyHiddenLabel-vtxwzb-7 gXlLiM">Quantity of Tesco Dreamy Caramel Bars 6 X 40G</label><div class="component__Wrapper-sc-1kpmik-3 dReplG input-wrapper"><input class="base-components__RootElement-sc-1mosoyj-1 styled__StyledInput-sc-1jd5f57-0 component__StyledAsInput-sc-1kpmik-4 jptQqM eJLlow styled__StyledInput-vtxwzb-3 lwMHo beans-quantity-controls__input beans-input" data-auto="beans-quantity-controls-input" autocomplete="off" id="quantity-controls-300876915" maxlength="2" name="newValue" type="number" aria-labelledby="quantity-controls-300876915-label" value="1"></div></div><button class="styled__BaseButton-rsekm1-0 styled__PrimaryButton-rsekm1-2 jChbeY geeWOF styled__StyledButton-vtxwzb-5 japAxb beans-quantity-controls__add-button beans-button__container" type="submit" data-auto="beans-quantity-controls-add-button" aria-label="Quantity of Tesco Dreamy Caramel Bars 6 X 40G"><span class="base-components__BaseElement-sc-1mosoyj-0 styled__InnerContainer-rsekm1-1 oznwo fuFres beans-button__inner-container"><span class="base-components__BaseElement-sc-1mosoyj-0 styled__TextSpan-rsekm1-4 oznwo GDiMp beans-button__text">Add</span></span></button></div></div></div></div></div><input name="_csrf" type="hidden" value="92xA6FXg-W2XHhQLLDKqjWuqmpStG0svGR_s"></form></div></div></div></div><div class="hidden-medium product-info-section-small"><div class="product-info-message-list"></div></div></div></div></div></div></li><li class="product-list--list-item"><div class="styles__StyledVerticalTileWrapper-dvv1wj-0 dtCNPH"><div data-auto="product-tile" data-auto-type="Quantity" data-auto-available="true" data-auto-is-restricted-disabled="false" data-auto-is-substitute="false" class="styles__StyledVerticalTile-dvv1wj-1 gSCsYK"><div class="styles__StyledTileContentWrapper-dvv1wj-2 bkNhNP beans"><div id="tile-290329100" data-auto-id="290329100" class="styles__StyledTiledContent-dvv1wj-3 bcglTg"><a href="https://www.tesco.com/groceries/en-GB/products/290329100" aria-hidden="true" class="product-image-wrapper" tabindex="1"><div class="product-image__container"><picture><img class="styled__Image-sjvkdn-0 bJErKA product-image beans-responsive-image__image" src="data:image/gif;base64,R0lGODlhAQABAAAAACH5BAEKAAEALAAAAAABAAEAAAICTAEAOw==" srcset="https://digitalcontent.api.tesco.com/v2/media/ghs/39206b4a-2927-4bac-b145-800417a45449/19512cda-d9c2-41b3-8656-02a6262fb49e_1828643191.jpeg?h=225&amp;w=225 768w, data:image/gif;base64,R0lGODlhAQABAAAAACH5BAEKAAEALAAAAAABAAEAAAICTAEAOw== 4000w" alt="Tesco Bourbon Creams Biscuits 296G"></picture></div></a><div class="product-details--wrapper"><h3 class="styles__H3-oa5soe-0 bCKNNq"><a href="https://www.tesco.com/groceries/en-GB/products/290329100" class="styled__Anchor-sc-1xbujuz-0 csVOnh beans-link__anchor" data-auto="product-tile--title"><span class="styled__Text-sc-1xbujuz-1 ldbwMG beans-link__text">Tesco Bourbon Creams Biscuits 296G</span></a></h3><div class="styles__StyledPromotionsAboveMobile-dvv1wj-7 iPTMuo"></div><div class="styles__StyledProductDetailsContent-dvv1wj-5 ddRSrq"><a href="https://www.tesco.com/groceries/en-GB/reviews/submission/290329100?from=%2Fshop%2Ffood-cupboard%2Fall" aria-label="Write a review for Tesco Bourbon Creams Biscuits 296G" class="styled__Anchor-sc-1xbujuz-0 jSzuDt write-a-review-link beans-link__anchor" data-auto="review-link"><span class="styled__Text-sc-1xbujuz-1 fyDIEo beans-link__text">Write a review</span><span class="styled__IconContainer-sc-1xbujuz-2 bSauSL beans-link__icon-container"><svg aria-hidden="true" class="styled__SVG-xxa4wh-1 hQMCqc beans-link__icon beans-icon__svg" height="13.33" preserveAspectRatio="xMinYMax meet" viewBox="-1 0 12 20" width="8" xmlns="http://www.w3.org/2000/svg" color="currentColor"><path d="M1.312 1.348L10.276 10l-8.964 8.644" fill="none" stroke="currentColor"></path></svg></span></a><div><a href="https://www.tesco.com/groceries/en-GB/shop/food-cupboard/biscuits-and-cereal-bars/everyday-biscuits/cream-biscuits-and-sandwich-biscuits" class="styled__Anchor-sc-1xbujuz-0 jSzuDt rest-of-shelf-link beans-link__anchor" data-auto="rest-of-shelf-link"><span class="styled__Text-sc-1xbujuz-1 fyDIEo beans-link__text">Rest of <span class="visually-hidden">Cream Biscuits &amp; Sandwich Biscuits</span> shelf</span><span class="styled__IconContainer-sc-1xbujuz-2 bSauSL beans-link__icon-container"><svg aria-hidden="true" class="styled__SVG-xxa4wh-1 hQMCqc beans-link__icon beans-icon__svg" height="13.33" preserveAspectRatio="xMinYMax meet" viewBox="-1 0 12 20" width="8" xmlns="http://www.w3.org/2000/svg" color="currentColor"><path d="M1.312 1.348L10.276 10l-8.964 8.644" fill="none" stroke="currentColor"></path></svg></span></a></div><div class="product-info-message-section"><div class="product-info-message-list"></div></div></div><div class="styles__StyledBuyBoxWrapper-dvv1wj-4 dSvjUC"><div class="styles__StyledBuyBoxContainer-sc-1wx0qp6-0 erryje" data-auto="buybox-container"><div class="styles__SafeFormWrapper-jtpu2t-0 lcrYKS"><form action="https://www.tesco.com/groceries/en-GB/trolley/items/290329100?_method=PUT" method="POST"><input type="submit" class="hidden"><input name="id" type="hidden" value="290329100"><input name="identifier" type="hidden" value="Page"><input name="anchorId" type="hidden" value="#tile-290329100"><input name="returnUrl" type="hidden" value="/groceries/en-GB/shop/food-cupboard/all?redirectIfUnavailable=true#tile-290329100"><input name="backToUrl" type="hidden" value="#"><input name="oldValue" type="hidden" value="0"><input name="oldUnitChoice" type="hidden" value="pcs"><input name="newUnitChoice" type="hidden" value="pcs"><div class="base-components__RootElement-sc-1mosoyj-1 styled__Container-sc-6nhkzi-0 jptQqM hSNpTb beans-buybox__container"><div class="base-components__BaseElement-sc-1mosoyj-0 styled__PriceAndActions-sc-6nhkzi-3 oznwo eEPLov beans-buybox__price-and-actions"><div class="base-components__RootElement-sc-1mosoyj-1 styled__Container-sc-8qlq5b-0 jptQqM bgZrjw styled__StyledPrice-sc-6nhkzi-5 iYHeik beans-buybox__price beans-price__container"><p class="styled__StyledHeading-sc-119w3hf-2 jWPEtj styled__Text-sc-8qlq5b-1 lnaeiZ beans-price__text">£0.49</p><p class="styled__StyledFootnote-sc-119w3hf-7 icrlVF styled__Subtext-sc-8qlq5b-2 bNJmdc beans-price__subtext">£0.17/100g</p></div><div class="base-components__RootElement-sc-1mosoyj-1 styled__Container-vtxwzb-0 jptQqM bDFhXJ beans-buybox__actions beans-quantity-controls__container"><div class="base-components__RootElement-sc-1mosoyj-1 styled__Container-sc-16t2b2a-0 jptQqM PUfgZ styled__StyledFormGroup-vtxwzb-1 kzKuAr beans-quantity-controls__form-group beans-form-group__container"><label class="styled__StyledLabel-sc-1ttuvhr-0 izGEjV beans-form-group__label beans-label" for="quantity-controls-290329100">Quantity controls </label><div class="base-components__BaseElement-sc-1mosoyj-0 styled__Children-sc-16t2b2a-3 oznwo gdJvjO beans-form-group__children"><div class="styled__StyledQuantityControlWrapper-vtxwzb-6 LCxOg"><label id="quantity-controls-290329100-label" class="styled__VisuallyHiddenLabel-vtxwzb-7 gXlLiM">Quantity of Tesco Bourbon Creams Biscuits 296G</label><div class="component__Wrapper-sc-1kpmik-3 dReplG input-wrapper"><input class="base-components__RootElement-sc-1mosoyj-1 styled__StyledInput-sc-1jd5f57-0 component__StyledAsInput-sc-1kpmik-4 jptQqM eJLlow styled__StyledInput-vtxwzb-3 lwMHo beans-quantity-controls__input beans-input" data-auto="beans-quantity-controls-input" autocomplete="off" id="quantity-controls-290329100" maxlength="2" name="newValue" type="number" aria-labelledby="quantity-controls-290329100-label" value="1"></div></div><button class="styled__BaseButton-rsekm1-0 styled__PrimaryButton-rsekm1-2 jChbeY geeWOF styled__StyledButton-vtxwzb-5 japAxb beans-quantity-controls__add-button beans-button__container" type="submit" data-auto="beans-quantity-controls-add-button" aria-label="Quantity of Tesco Bourbon Creams Biscuits 296G"><span class="base-components__BaseElement-sc-1mosoyj-0 styled__InnerContainer-rsekm1-1 oznwo fuFres beans-button__inner-container"><span class="base-components__BaseElement-sc-1mosoyj-0 styled__TextSpan-rsekm1-4 oznwo GDiMp beans-button__text">Add</span></span></button></div></div></div></div></div><input name="_csrf" type="hidden" value="92xA6FXg-W2XHhQLLDKqjWuqmpStG0svGR_s"></form></div></div></div></div><div class="hidden-medium product-info-section-small"><div class="product-info-message-list"></div></div></div></div></div></div></li><li class="product-list--list-item"><div class="styles__StyledVerticalTileWrapper-dvv1wj-0 dtCNPH"><div data-auto="product-tile" data-auto-type="Quantity" data-auto-available="true" data-auto-is-restricted-disabled="false" data-auto-is-substitute="false" class="styles__StyledVerticalTile-dvv1wj-1 gSCsYK"><div class="styles__StyledTileContentWrapper-dvv1wj-2 bkNhNP beans"><div id="tile-251679518" data-auto-id="251679518" class="styles__StyledTiledContent-dvv1wj-3 bcglTg"><a href="https://www.tesco.com/groceries/en-GB/products/251679518" aria-hidden="true" class="product-image-wrapper" tabindex="1"><div class="product-image__container"><picture><img class="styled__Image-sjvkdn-0 bJErKA product-image beans-responsive-image__image" src="data:image/gif;base64,R0lGODlhAQABAAAAACH5BAEKAAEALAAAAAABAAEAAAICTAEAOw==" srcset="https://digitalcontent.api.tesco.com/v2/media/ghs/1585c6f5-29f6-4f3a-ae4f-5aac83b0ad5d/6bcd2193-d2da-44e0-95b8-088e412eb918_56933217.jpeg?h=225&amp;w=225 768w, data:image/gif;base64,R0lGODlhAQABAAAAACH5BAEKAAEALAAAAAABAAEAAAICTAEAOw== 4000w" alt="Tesco Microwave Long Grain Rice 250G"></picture></div></a><div class="product-details--wrapper"><h3 class="styles__H3-oa5soe-0 bCKNNq"><a href="https://www.tesco.com/groceries/en-GB/products/251679518" class="styled__Anchor-sc-1xbujuz-0 csVOnh beans-link__anchor" data-auto="product-tile--title"><span class="styled__Text-sc-1xbujuz-1 ldbwMG beans-link__text">Tesco Microwave Long Grain Rice 250G</span></a></h3><div class="styles__StyledPromotionsAboveMobile-dvv1wj-7 iPTMuo"></div><div class="styles__StyledProductDetailsContent-dvv1wj-5 ddRSrq"><a href="https://www.tesco.com/groceries/en-GB/reviews/submission/251679518?from=%2Fshop%2Ffood-cupboard%2Fall" aria-label="Write a review for Tesco Microwave Long Grain Rice 250G" class="styled__Anchor-sc-1xbujuz-0 jSzuDt write-a-review-link beans-link__anchor" data-auto="review-link"><span class="styled__Text-sc-1xbujuz-1 fyDIEo beans-link__text">Write a review</span><span class="styled__IconContainer-sc-1xbujuz-2 bSauSL beans-link__icon-container"><svg aria-hidden="true" class="styled__SVG-xxa4wh-1 hQMCqc beans-link__icon beans-icon__svg" height="13.33" preserveAspectRatio="xMinYMax meet" viewBox="-1 0 12 20" width="8" xmlns="http://www.w3.org/2000/svg" color="currentColor"><path d="M1.312 1.348L10.276 10l-8.964 8.644" fill="none" stroke="currentColor"></path></svg></span></a><div><a href="https://www.tesco.com/groceries/en-GB/shop/food-cupboard/dried-pasta-rice-noodles-and-cous-cous/plain-microwave-rice/long-grain-microwave-rice" class="styled__Anchor-sc-1xbujuz-0 jSzuDt rest-of-shelf-link beans-link__anchor" data-auto="rest-of-shelf-link"><span class="styled__Text-sc-1xbujuz-1 fyDIEo beans-link__text">Rest of <span class="visually-hidden">Long Grain Microwave Rice</span> shelf</span><span class="styled__IconContainer-sc-1xbujuz-2 bSauSL beans-link__icon-container"><svg aria-hidden="true" class="styled__SVG-xxa4wh-1 hQMCqc beans-link__icon beans-icon__svg" height="13.33" preserveAspectRatio="xMinYMax meet" viewBox="-1 0 12 20" width="8" xmlns="http://www.w3.org/2000/svg" color="currentColor"><path d="M1.312 1.348L10.276 10l-8.964 8.644" fill="none" stroke="currentColor"></path></svg></span></a></div><div class="product-info-message-section"><div class="product-info-message-list"><div class="styled__WhiteBackground-sc-9yzfq2-1 jthPIJ"><svg width="56" height="56" viewBox="0 0 56 56" fill="none" xmlns="http://www.w3.org/2000/svg"><path d="M52.1301 27.8766C52.1301 14.5534 41.3293 3.75308 28.0066 3.75308C14.6834 3.75308 3.88306 14.5534 3.88306 27.8766C3.88306 41.1998 14.6834 52.0002 28.0066 52.0002C41.3293 52.0002 52.1301 41.1998 52.1301 27.8766Z" fill="#EE1C2E"></path><path d="M19.6853 36.5687L31.8169 48.6998L52.6633 27.8998L51.9894 23.0423L31.886 43.1452L22.5438 33.803L19.6853 36.5687Z" fill="white"></path><path d="M24.2699 12.0048L23.5594 9.93467L22.8484 12.0048H24.2699ZM24.6345 13.0711H22.4844L21.9776 14.5375H20.7515L22.9815 8.31722H24.1369L26.3669 14.5375H25.1408L24.6345 13.0711Z" fill="white"></path><path d="M27.8359 14.5375H26.734V8.24609H27.8359V14.5375Z" fill="white"></path><path d="M31.5684 13.2309C31.7849 12.9886 31.8927 12.6597 31.8927 12.2446C31.8927 11.8306 31.7849 11.5016 31.5684 11.2588C31.3524 11.0159 31.0811 10.8942 30.7558 10.8942C30.4299 10.8942 30.1587 11.0159 29.9427 11.2588C29.7267 11.5016 29.6184 11.8306 29.6184 12.2446C29.6184 12.6597 29.7267 12.9886 29.9427 13.2309C30.1587 13.4738 30.4299 13.5955 30.7558 13.5955C31.0811 13.5955 31.3524 13.4738 31.5684 13.2309ZM29.4673 14.3065C29.159 14.1049 28.9177 13.8234 28.7429 13.4619C28.5681 13.101 28.481 12.6952 28.481 12.2446C28.481 11.7888 28.5655 11.3815 28.7341 11.0231C28.9032 10.6648 29.1384 10.3848 29.4405 10.1837C29.7426 9.98212 30.0891 9.88158 30.48 9.88158C30.7883 9.88158 31.0579 9.93624 31.2889 10.0455C31.5199 10.1554 31.6978 10.3106 31.8221 10.5122V8.24609H32.9239V14.5375H31.8221V13.9863C31.6916 14.1704 31.5137 14.3194 31.2889 14.4349C31.0636 14.5504 30.797 14.6086 30.4892 14.6086C30.1159 14.6086 29.7751 14.5076 29.4673 14.3065Z" fill="white"></path><path d="M34.9657 14.5375H33.8638V9.95224H34.9657V14.5375ZM33.9082 8.34408C34.0443 8.20796 34.2129 8.1399 34.4145 8.1399C34.6161 8.1399 34.7847 8.20796 34.9208 8.34408C35.0574 8.48071 35.1255 8.64931 35.1255 8.8504C35.1255 9.052 35.0574 9.22112 34.9208 9.35724C34.7847 9.49336 34.6161 9.56142 34.4145 9.56142C34.2129 9.56142 34.0443 9.49336 33.9082 9.35724C33.7715 9.22112 33.704 9.052 33.704 8.8504C33.704 8.64931 33.7715 8.48071 33.9082 8.34408Z" fill="white"></path><path d="M19.6791 19.3347C19.8894 19.1506 19.9946 18.8779 19.9946 18.5169C19.9946 18.1565 19.8894 17.8838 19.6791 17.6997C19.4682 17.5156 19.183 17.4233 18.8221 17.4233H17.5027V19.6111H18.8221C19.183 19.6111 19.4682 19.5188 19.6791 19.3347ZM17.5027 23.9628H16.0374V16.0704H18.9345C19.461 16.0704 19.9157 16.1776 20.2988 16.3921C20.6824 16.6061 20.9753 16.8995 21.1784 17.2712C21.3816 17.6435 21.4826 18.0586 21.4826 18.5169C21.4826 18.9758 21.3816 19.3909 21.1784 19.7632C20.9753 20.1354 20.6824 20.4283 20.2988 20.6423C19.9157 20.8568 19.461 20.9635 18.9345 20.9635H17.5027V23.9628Z" fill="white"></path><path d="M22.0396 18.1451H23.4379V19.0248C23.6029 18.7087 23.8359 18.4684 24.1365 18.3029C24.4376 18.1374 24.7717 18.0549 25.1404 18.0549C25.5235 18.0549 25.8241 18.1415 26.0422 18.3143L25.5689 19.4981C25.3729 19.3929 25.1662 19.3403 24.9486 19.3403C24.5124 19.3403 24.152 19.528 23.8663 19.9039C23.5802 20.2797 23.4379 20.8582 23.4379 21.6404V23.9627H22.0396V18.1451Z" fill="white"></path><path d="M27.8879 23.9627H26.4896V18.1451H27.8879V23.9627ZM26.5458 16.1044C26.7191 15.9316 26.933 15.845 27.1888 15.845C27.444 15.845 27.658 15.9316 27.8312 16.1044C28.0039 16.2771 28.0906 16.4916 28.0906 16.7468C28.0906 17.0026 28.0039 17.217 27.8312 17.3898C27.658 17.5625 27.444 17.6491 27.1888 17.6491C26.933 17.6491 26.7191 17.5625 26.5458 17.3898C26.3731 17.217 26.287 17.0026 26.287 16.7468C26.287 16.4916 26.3731 16.2771 26.5458 16.1044Z" fill="white"></path><path d="M30.0603 23.6693C29.6168 23.4141 29.2714 23.0588 29.0234 22.6041C28.7754 22.1493 28.6511 21.6327 28.6511 21.0537C28.6511 20.4752 28.7754 19.9585 29.0234 19.5038C29.2714 19.049 29.6168 18.6937 30.0603 18.438C30.5037 18.1828 31.011 18.0549 31.5823 18.0549C32.8749 18.0549 33.751 18.585 34.2093 19.6445L32.9353 20.2199C32.6424 19.6332 32.1913 19.3403 31.5823 19.3403C31.1466 19.3403 30.7857 19.4981 30.5001 19.8136C30.2144 20.1297 30.0716 20.5427 30.0716 21.0537C30.0716 21.5651 30.2144 21.9787 30.5001 22.2942C30.7857 22.6097 31.1466 22.7675 31.5823 22.7675C32.1913 22.7675 32.6424 22.4747 32.9353 21.8884L34.2093 22.4633C33.751 23.5229 32.8749 24.0529 31.5823 24.0529C31.011 24.0529 30.5037 23.9251 30.0603 23.6693Z" fill="white"></path><path d="M38.727 20.3999C38.6744 20.0694 38.5223 19.7987 38.2707 19.5883C38.0186 19.3779 37.7015 19.2728 37.3179 19.2728C36.9946 19.2728 36.7048 19.3723 36.4496 19.5713C36.1939 19.7708 36.0175 20.0467 35.9196 20.3999H38.727ZM40.1588 21.5048H35.8633C35.9381 21.9333 36.115 22.2586 36.3934 22.4803C36.6713 22.702 37.0095 22.8129 37.4081 22.8129C37.7386 22.8129 38.015 22.7433 38.2367 22.6041C38.4584 22.4649 38.6708 22.253 38.874 21.9673L40.0573 22.6097C39.7716 23.0759 39.4092 23.4327 38.9693 23.6812C38.5295 23.9287 37.983 24.0529 37.3292 24.0529C36.7125 24.0529 36.1846 23.9086 35.7453 23.6188C35.3055 23.3295 34.9765 22.9557 34.7584 22.4968C34.5403 22.0385 34.4315 21.5574 34.4315 21.0537C34.4315 20.5504 34.546 20.0694 34.7754 19.611C35.0044 19.1526 35.3374 18.7783 35.7731 18.4891C36.2088 18.1998 36.7239 18.0549 37.3179 18.0549C37.9191 18.0549 38.4341 18.19 38.8626 18.4607C39.2911 18.7314 39.6139 19.0866 39.832 19.5264C40.0501 19.9657 40.1588 20.4339 40.1588 20.9299V21.5048Z" fill="white"></path><path d="M16.3879 25.558H17.7399L19.2454 29.4977L20.751 25.558H22.1029V31.8684H20.9309V28.0282L19.6873 31.2915H18.8035L17.5599 28.0282V31.8684H16.3879V25.558Z" fill="white"></path><path d="M25.4058 30.7146C25.6131 30.5341 25.7167 30.3119 25.7167 30.0474V29.9216H24.8335C24.5746 29.9216 24.3689 29.971 24.2158 30.07C24.0626 30.169 23.9858 30.3057 23.9858 30.48C23.9858 30.6424 24.0415 30.7671 24.1529 30.8543C24.2637 30.9414 24.4277 30.9847 24.6437 30.9847C24.9443 30.9847 25.1985 30.8945 25.4058 30.7146ZM23.6074 31.7782C23.3671 31.67 23.1748 31.5122 23.0304 31.3049C22.886 31.0976 22.8138 30.8496 22.8138 30.5609C22.8138 30.1046 22.9855 29.7364 23.3279 29.457C23.6703 29.1775 24.1333 29.0378 24.7159 29.0378H25.7167V28.8754C25.7167 28.6413 25.6357 28.4531 25.4733 28.3118C25.3109 28.1711 25.0918 28.1004 24.8154 28.1004C24.5927 28.1004 24.3916 28.1592 24.2111 28.2763C24.0312 28.3933 23.8956 28.5299 23.8059 28.6862L22.9494 28.1726C23.1113 27.8782 23.3516 27.6333 23.6703 27.4379C23.9889 27.2425 24.3705 27.145 24.8154 27.145C25.4522 27.145 25.9482 27.2982 26.3024 27.6044C26.6572 27.9112 26.8345 28.3526 26.8345 28.9295V31.8685H25.9152L25.7621 31.2735C25.6115 31.4776 25.4207 31.6401 25.1892 31.7602C24.9582 31.8803 24.686 31.9401 24.3735 31.9401C24.1029 31.9401 23.8476 31.8865 23.6074 31.7782Z" fill="white"></path><path d="M27.8214 30.3V28.1726H27.1182V27.2167H27.8214V26.4417L28.9393 25.7384V27.2167H30.1381V28.1726H28.9393V30.2458C28.9393 30.6903 29.1166 30.9125 29.4709 30.9125C29.6333 30.9125 29.7895 30.8496 29.9395 30.7233L30.4443 31.5797C30.2881 31.706 30.1169 31.7978 29.9308 31.855C29.7446 31.9117 29.5549 31.9401 29.3626 31.9401C28.3355 31.9401 27.8214 31.3936 27.8214 30.3Z" fill="white"></path><path d="M31.5487 31.6339C31.194 31.4297 30.9176 31.1456 30.7196 30.7821C30.5211 30.4186 30.4221 30.0056 30.4221 29.5426C30.4221 29.0801 30.5211 28.6666 30.7196 28.3031C30.9176 27.9396 31.194 27.6555 31.5487 27.4513C31.9034 27.2471 32.3087 27.145 32.7655 27.145C33.7993 27.145 34.4995 27.5683 34.8661 28.416L33.8473 28.8754C33.6132 28.4067 33.2528 28.1726 32.7655 28.1726C32.417 28.1726 32.1288 28.2989 31.9004 28.5511C31.6719 28.8037 31.558 29.1342 31.558 29.5426C31.558 29.9509 31.6719 30.282 31.9004 30.5341C32.1288 30.7867 32.417 30.9125 32.7655 30.9125C33.2528 30.9125 33.6132 30.6785 33.8473 30.2098L34.8661 30.6697C34.4995 31.5168 33.7993 31.9401 32.7655 31.9401C32.3087 31.9401 31.9034 31.8386 31.5487 31.6339Z" fill="white"></path><path d="M35.3998 25.4863H36.5176V27.9473C36.662 27.707 36.8615 27.5132 37.1167 27.3657C37.3725 27.2188 37.6592 27.145 37.9778 27.145C38.4702 27.145 38.8579 27.2909 39.1405 27.5823C39.423 27.8736 39.5643 28.2804 39.5643 28.8037V31.8685H38.4465V29.0285C38.4465 28.7522 38.3758 28.5408 38.2346 28.3933C38.0933 28.2458 37.8907 28.1726 37.6262 28.1726C37.3199 28.1726 37.0585 28.3093 36.8419 28.5825C36.6254 28.8558 36.5176 29.275 36.5176 29.8401V31.8685H35.3998V25.4863Z" fill="white"></path></svg><p class="styled__StyledBodyText-sc-119w3hf-5 ggtTyf styled__DarkGreyBodyText-jk5kya-0 iwRWTH">Aldi Price Match</p></div></div></div></div><div class="styles__StyledBuyBoxWrapper-dvv1wj-4 dSvjUC"><div class="styles__StyledBuyBoxContainer-sc-1wx0qp6-0 erryje" data-auto="buybox-container"><div class="styles__SafeFormWrapper-jtpu2t-0 lcrYKS"><form action="https://www.tesco.com/groceries/en-GB/trolley/items/251679518?_method=PUT" method="POST"><input type="submit" class="hidden"><input name="id" type="hidden" value="251679518"><input name="identifier" type="hidden" value="Page"><input name="anchorId" type="hidden" value="#tile-251679518"><input name="returnUrl" type="hidden" value="/groceries/en-GB/shop/food-cupboard/all?redirectIfUnavailable=true#tile-251679518"><input name="backToUrl" type="hidden" value="#"><input name="oldValue" type="hidden" value="0"><input name="oldUnitChoice" type="hidden" value="pcs"><input name="newUnitChoice" type="hidden" value="pcs"><div class="base-components__RootElement-sc-1mosoyj-1 styled__Container-sc-6nhkzi-0 jptQqM hSNpTb beans-buybox__container"><div class="base-components__BaseElement-sc-1mosoyj-0 styled__PriceAndActions-sc-6nhkzi-3 oznwo eEPLov beans-buybox__price-and-actions"><div class="base-components__RootElement-sc-1mosoyj-1 styled__Container-sc-8qlq5b-0 jptQqM bgZrjw styled__StyledPrice-sc-6nhkzi-5 iYHeik beans-buybox__price beans-price__container"><p class="styled__StyledHeading-sc-119w3hf-2 jWPEtj styled__Text-sc-8qlq5b-1 lnaeiZ beans-price__text">£0.35</p><p class="styled__StyledFootnote-sc-119w3hf-7 icrlVF styled__Subtext-sc-8qlq5b-2 bNJmdc beans-price__subtext">£1.40/kg</p></div><div class="base-components__RootElement-sc-1mosoyj-1 styled__Container-vtxwzb-0 jptQqM bDFhXJ beans-buybox__actions beans-quantity-controls__container"><div class="base-components__RootElement-sc-1mosoyj-1 styled__Container-sc-16t2b2a-0 jptQqM PUfgZ styled__StyledFormGroup-vtxwzb-1 kzKuAr beans-quantity-controls__form-group beans-form-group__container"><label class="styled__StyledLabel-sc-1ttuvhr-0 izGEjV beans-form-group__label beans-label" for="quantity-controls-251679518">Quantity controls </label><div class="base-components__BaseElement-sc-1mosoyj-0 styled__Children-sc-16t2b2a-3 oznwo gdJvjO beans-form-group__children"><div class="styled__StyledQuantityControlWrapper-vtxwzb-6 LCxOg"><label id="quantity-controls-251679518-label" class="styled__VisuallyHiddenLabel-vtxwzb-7 gXlLiM">Quantity of Tesco Microwave Long Grain Rice 250G</label><div class="component__Wrapper-sc-1kpmik-3 dReplG input-wrapper"><input class="base-components__RootElement-sc-1mosoyj-1 styled__StyledInput-sc-1jd5f57-0 component__StyledAsInput-sc-1kpmik-4 jptQqM eJLlow styled__StyledInput-vtxwzb-3 lwMHo beans-quantity-controls__input beans-input" data-auto="beans-quantity-controls-input" autocomplete="off" id="quantity-controls-251679518" maxlength="2" name="newValue" type="number" aria-labelledby="quantity-controls-251679518-label" value="1"></div></div><button class="styled__BaseButton-rsekm1-0 styled__PrimaryButton-rsekm1-2 jChbeY geeWOF styled__StyledButton-vtxwzb-5 japAxb beans-quantity-controls__add-button beans-button__container" type="submit" data-auto="beans-quantity-controls-add-button" aria-label="Quantity of Tesco Microwave Long Grain Rice 250G"><span class="base-components__BaseElement-sc-1mosoyj-0 styled__InnerContainer-rsekm1-1 oznwo fuFres beans-button__inner-container"><span class="base-components__BaseElement-sc-1mosoyj-0 styled__TextSpan-rsekm1-4 oznwo GDiMp beans-button__text">Add</span></span></button></div></div></div></div></div><input name="_csrf" type="hidden" value="92xA6FXg-W2XHhQLLDKqjWuqmpStG0svGR_s"></form></div></div></div></div><div class="hidden-medium product-info-section-small"><div class="product-info-message-list"><div class="styled__WhiteBackground-sc-9yzfq2-1 jthPIJ"><svg width="56" height="56" viewBox="0 0 56 56" fill="none" xmlns="http://www.w3.org/2000/svg"><path d="M52.1301 27.8766C52.1301 14.5534 41.3293 3.75308 28.0066 3.75308C14.6834 3.75308 3.88306 14.5534 3.88306 27.8766C3.88306 41.1998 14.6834 52.0002 28.0066 52.0002C41.3293 52.0002 52.1301 41.1998 52.1301 27.8766Z" fill="#EE1C2E"></path><path d="M19.6853 36.5687L31.8169 48.6998L52.6633 27.8998L51.9894 23.0423L31.886 43.1452L22.5438 33.803L19.6853 36.5687Z" fill="white"></path><path d="M24.2699 12.0048L23.5594 9.93467L22.8484 12.0048H24.2699ZM24.6345 13.0711H22.4844L21.9776 14.5375H20.7515L22.9815 8.31722H24.1369L26.3669 14.5375H25.1408L24.6345 13.0711Z" fill="white"></path><path d="M27.8359 14.5375H26.734V8.24609H27.8359V14.5375Z" fill="white"></path><path d="M31.5684 13.2309C31.7849 12.9886 31.8927 12.6597 31.8927 12.2446C31.8927 11.8306 31.7849 11.5016 31.5684 11.2588C31.3524 11.0159 31.0811 10.8942 30.7558 10.8942C30.4299 10.8942 30.1587 11.0159 29.9427 11.2588C29.7267 11.5016 29.6184 11.8306 29.6184 12.2446C29.6184 12.6597 29.7267 12.9886 29.9427 13.2309C30.1587 13.4738 30.4299 13.5955 30.7558 13.5955C31.0811 13.5955 31.3524 13.4738 31.5684 13.2309ZM29.4673 14.3065C29.159 14.1049 28.9177 13.8234 28.7429 13.4619C28.5681 13.101 28.481 12.6952 28.481 12.2446C28.481 11.7888 28.5655 11.3815 28.7341 11.0231C28.9032 10.6648 29.1384 10.3848 29.4405 10.1837C29.7426 9.98212 30.0891 9.88158 30.48 9.88158C30.7883 9.88158 31.0579 9.93624 31.2889 10.0455C31.5199 10.1554 31.6978 10.3106 31.8221 10.5122V8.24609H32.9239V14.5375H31.8221V13.9863C31.6916 14.1704 31.5137 14.3194 31.2889 14.4349C31.0636 14.5504 30.797 14.6086 30.4892 14.6086C30.1159 14.6086 29.7751 14.5076 29.4673 14.3065Z" fill="white"></path><path d="M34.9657 14.5375H33.8638V9.95224H34.9657V14.5375ZM33.9082 8.34408C34.0443 8.20796 34.2129 8.1399 34.4145 8.1399C34.6161 8.1399 34.7847 8.20796 34.9208 8.34408C35.0574 8.48071 35.1255 8.64931 35.1255 8.8504C35.1255 9.052 35.0574 9.22112 34.9208 9.35724C34.7847 9.49336 34.6161 9.56142 34.4145 9.56142C34.2129 9.56142 34.0443 9.49336 33.9082 9.35724C33.7715 9.22112 33.704 9.052 33.704 8.8504C33.704 8.64931 33.7715 8.48071 33.9082 8.34408Z" fill="white"></path><path d="M19.6791 19.3347C19.8894 19.1506 19.9946 18.8779 19.9946 18.5169C19.9946 18.1565 19.8894 17.8838 19.6791 17.6997C19.4682 17.5156 19.183 17.4233 18.8221 17.4233H17.5027V19.6111H18.8221C19.183 19.6111 19.4682 19.5188 19.6791 19.3347ZM17.5027 23.9628H16.0374V16.0704H18.9345C19.461 16.0704 19.9157 16.1776 20.2988 16.3921C20.6824 16.6061 20.9753 16.8995 21.1784 17.2712C21.3816 17.6435 21.4826 18.0586 21.4826 18.5169C21.4826 18.9758 21.3816 19.3909 21.1784 19.7632C20.9753 20.1354 20.6824 20.4283 20.2988 20.6423C19.9157 20.8568 19.461 20.9635 18.9345 20.9635H17.5027V23.9628Z" fill="white"></path><path d="M22.0396 18.1451H23.4379V19.0248C23.6029 18.7087 23.8359 18.4684 24.1365 18.3029C24.4376 18.1374 24.7717 18.0549 25.1404 18.0549C25.5235 18.0549 25.8241 18.1415 26.0422 18.3143L25.5689 19.4981C25.3729 19.3929 25.1662 19.3403 24.9486 19.3403C24.5124 19.3403 24.152 19.528 23.8663 19.9039C23.5802 20.2797 23.4379 20.8582 23.4379 21.6404V23.9627H22.0396V18.1451Z" fill="white"></path><path d="M27.8879 23.9627H26.4896V18.1451H27.8879V23.9627ZM26.5458 16.1044C26.7191 15.9316 26.933 15.845 27.1888 15.845C27.444 15.845 27.658 15.9316 27.8312 16.1044C28.0039 16.2771 28.0906 16.4916 28.0906 16.7468C28.0906 17.0026 28.0039 17.217 27.8312 17.3898C27.658 17.5625 27.444 17.6491 27.1888 17.6491C26.933 17.6491 26.7191 17.5625 26.5458 17.3898C26.3731 17.217 26.287 17.0026 26.287 16.7468C26.287 16.4916 26.3731 16.2771 26.5458 16.1044Z" fill="white"></path><path d="M30.0603 23.6693C29.6168 23.4141 29.2714 23.0588 29.0234 22.6041C28.7754 22.1493 28.6511 21.6327 28.6511 21.0537C28.6511 20.4752 28.7754 19.9585 29.0234 19.5038C29.2714 19.049 29.6168 18.6937 30.0603 18.438C30.5037 18.1828 31.011 18.0549 31.5823 18.0549C32.8749 18.0549 33.751 18.585 34.2093 19.6445L32.9353 20.2199C32.6424 19.6332 32.1913 19.3403 31.5823 19.3403C31.1466 19.3403 30.7857 19.4981 30.5001 19.8136C30.2144 20.1297 30.0716 20.5427 30.0716 21.0537C30.0716 21.5651 30.2144 21.9787 30.5001 22.2942C30.7857 22.6097 31.1466 22.7675 31.5823 22.7675C32.1913 22.7675 32.6424 22.4747 32.9353 21.8884L34.2093 22.4633C33.751 23.5229 32.8749 24.0529 31.5823 24.0529C31.011 24.0529 30.5037 23.9251 30.0603 23.6693Z" fill="white"></path><path d="M38.727 20.3999C38.6744 20.0694 38.5223 19.7987 38.2707 19.5883C38.0186 19.3779 37.7015 19.2728 37.3179 19.2728C36.9946 19.2728 36.7048 19.3723 36.4496 19.5713C36.1939 19.7708 36.0175 20.0467 35.9196 20.3999H38.727ZM40.1588 21.5048H35.8633C35.9381 21.9333 36.115 22.2586 36.3934 22.4803C36.6713 22.702 37.0095 22.8129 37.4081 22.8129C37.7386 22.8129 38.015 22.7433 38.2367 22.6041C38.4584 22.4649 38.6708 22.253 38.874 21.9673L40.0573 22.6097C39.7716 23.0759 39.4092 23.4327 38.9693 23.6812C38.5295 23.9287 37.983 24.0529 37.3292 24.0529C36.7125 24.0529 36.1846 23.9086 35.7453 23.6188C35.3055 23.3295 34.9765 22.9557 34.7584 22.4968C34.5403 22.0385 34.4315 21.5574 34.4315 21.0537C34.4315 20.5504 34.546 20.0694 34.7754 19.611C35.0044 19.1526 35.3374 18.7783 35.7731 18.4891C36.2088 18.1998 36.7239 18.0549 37.3179 18.0549C37.9191 18.0549 38.4341 18.19 38.8626 18.4607C39.2911 18.7314 39.6139 19.0866 39.832 19.5264C40.0501 19.9657 40.1588 20.4339 40.1588 20.9299V21.5048Z" fill="white"></path><path d="M16.3879 25.558H17.7399L19.2454 29.4977L20.751 25.558H22.1029V31.8684H20.9309V28.0282L19.6873 31.2915H18.8035L17.5599 28.0282V31.8684H16.3879V25.558Z" fill="white"></path><path d="M25.4058 30.7146C25.6131 30.5341 25.7167 30.3119 25.7167 30.0474V29.9216H24.8335C24.5746 29.9216 24.3689 29.971 24.2158 30.07C24.0626 30.169 23.9858 30.3057 23.9858 30.48C23.9858 30.6424 24.0415 30.7671 24.1529 30.8543C24.2637 30.9414 24.4277 30.9847 24.6437 30.9847C24.9443 30.9847 25.1985 30.8945 25.4058 30.7146ZM23.6074 31.7782C23.3671 31.67 23.1748 31.5122 23.0304 31.3049C22.886 31.0976 22.8138 30.8496 22.8138 30.5609C22.8138 30.1046 22.9855 29.7364 23.3279 29.457C23.6703 29.1775 24.1333 29.0378 24.7159 29.0378H25.7167V28.8754C25.7167 28.6413 25.6357 28.4531 25.4733 28.3118C25.3109 28.1711 25.0918 28.1004 24.8154 28.1004C24.5927 28.1004 24.3916 28.1592 24.2111 28.2763C24.0312 28.3933 23.8956 28.5299 23.8059 28.6862L22.9494 28.1726C23.1113 27.8782 23.3516 27.6333 23.6703 27.4379C23.9889 27.2425 24.3705 27.145 24.8154 27.145C25.4522 27.145 25.9482 27.2982 26.3024 27.6044C26.6572 27.9112 26.8345 28.3526 26.8345 28.9295V31.8685H25.9152L25.7621 31.2735C25.6115 31.4776 25.4207 31.6401 25.1892 31.7602C24.9582 31.8803 24.686 31.9401 24.3735 31.9401C24.1029 31.9401 23.8476 31.8865 23.6074 31.7782Z" fill="white"></path><path d="M27.8214 30.3V28.1726H27.1182V27.2167H27.8214V26.4417L28.9393 25.7384V27.2167H30.1381V28.1726H28.9393V30.2458C28.9393 30.6903 29.1166 30.9125 29.4709 30.9125C29.6333 30.9125 29.7895 30.8496 29.9395 30.7233L30.4443 31.5797C30.2881 31.706 30.1169 31.7978 29.9308 31.855C29.7446 31.9117 29.5549 31.9401 29.3626 31.9401C28.3355 31.9401 27.8214 31.3936 27.8214 30.3Z" fill="white"></path><path d="M31.5487 31.6339C31.194 31.4297 30.9176 31.1456 30.7196 30.7821C30.5211 30.4186 30.4221 30.0056 30.4221 29.5426C30.4221 29.0801 30.5211 28.6666 30.7196 28.3031C30.9176 27.9396 31.194 27.6555 31.5487 27.4513C31.9034 27.2471 32.3087 27.145 32.7655 27.145C33.7993 27.145 34.4995 27.5683 34.8661 28.416L33.8473 28.8754C33.6132 28.4067 33.2528 28.1726 32.7655 28.1726C32.417 28.1726 32.1288 28.2989 31.9004 28.5511C31.6719 28.8037 31.558 29.1342 31.558 29.5426C31.558 29.9509 31.6719 30.282 31.9004 30.5341C32.1288 30.7867 32.417 30.9125 32.7655 30.9125C33.2528 30.9125 33.6132 30.6785 33.8473 30.2098L34.8661 30.6697C34.4995 31.5168 33.7993 31.9401 32.7655 31.9401C32.3087 31.9401 31.9034 31.8386 31.5487 31.6339Z" fill="white"></path><path d="M35.3998 25.4863H36.5176V27.9473C36.662 27.707 36.8615 27.5132 37.1167 27.3657C37.3725 27.2188 37.6592 27.145 37.9778 27.145C38.4702 27.145 38.8579 27.2909 39.1405 27.5823C39.423 27.8736 39.5643 28.2804 39.5643 28.8037V31.8685H38.4465V29.0285C38.4465 28.7522 38.3758 28.5408 38.2346 28.3933C38.0933 28.2458 37.8907 28.1726 37.6262 28.1726C37.3199 28.1726 37.0585 28.3093 36.8419 28.5825C36.6254 28.8558 36.5176 29.275 36.5176 29.8401V31.8685H35.3998V25.4863Z" fill="white"></path></svg><p class="styled__StyledBodyText-sc-119w3hf-5 ggtTyf styled__DarkGreyBodyText-jk5kya-0 iwRWTH">Aldi Price Match</p></div></div></div></div></div></div></div></li><li class="product-list--list-item"><div class="styles__StyledVerticalTileWrapper-dvv1wj-0 dtCNPH"><div data-auto="product-tile" data-auto-type="Quantity" data-auto-available="true" data-auto-is-restricted-disabled="false" data-auto-is-substitute="false" class="styles__StyledVerticalTile-dvv1wj-1 gSCsYK"><div class="styles__StyledTileContentWrapper-dvv1wj-2 bkNhNP beans"><div id="tile-257004208" data-auto-id="257004208" class="styles__StyledTiledContent-dvv1wj-3 bcglTg"><a href="https://www.tesco.com/groceries/en-GB/products/257004208" aria-hidden="true" class="product-image-wrapper" tabindex="1"><div class="product-image__container"><picture><img class="styled__Image-sjvkdn-0 bJErKA product-image beans-responsive-image__image" src="data:image/gif;base64,R0lGODlhAQABAAAAACH5BAEKAAEALAAAAAABAAEAAAICTAEAOw==" srcset="https://digitalcontent.api.tesco.com/v2/media/ghs/04394d64-5981-4021-9752-e1e59948204c/9cbcebbd-d112-4c9c-ad0f-28b02ea19514_212083874.jpeg?h=225&amp;w=225 768w, data:image/gif;base64,R0lGODlhAQABAAAAACH5BAEKAAEALAAAAAABAAEAAAICTAEAOw== 4000w" alt="Tesco Microwave Wholegrain Rice 250G"></picture></div></a><div class="product-details--wrapper"><h3 class="styles__H3-oa5soe-0 bCKNNq"><a href="https://www.tesco.com/groceries/en-GB/products/257004208" class="styled__Anchor-sc-1xbujuz-0 csVOnh beans-link__anchor" data-auto="product-tile--title"><span class="styled__Text-sc-1xbujuz-1 ldbwMG beans-link__text">Tesco Microwave Wholegrain Rice 250G</span></a></h3><div class="styles__StyledPromotionsAboveMobile-dvv1wj-7 iPTMuo"></div><div class="styles__StyledProductDetailsContent-dvv1wj-5 ddRSrq"><a href="https://www.tesco.com/groceries/en-GB/reviews/submission/257004208?from=%2Fshop%2Ffood-cupboard%2Fall" aria-label="Write a review for Tesco Microwave Wholegrain Rice 250G" class="styled__Anchor-sc-1xbujuz-0 jSzuDt write-a-review-link beans-link__anchor" data-auto="review-link"><span class="styled__Text-sc-1xbujuz-1 fyDIEo beans-link__text">Write a review</span><span class="styled__IconContainer-sc-1xbujuz-2 bSauSL beans-link__icon-container"><svg aria-hidden="true" class="styled__SVG-xxa4wh-1 hQMCqc beans-link__icon beans-icon__svg" height="13.33" preserveAspectRatio="xMinYMax meet" viewBox="-1 0 12 20" width="8" xmlns="http://www.w3.org/2000/svg" color="currentColor"><path d="M1.312 1.348L10.276 10l-8.964 8.644" fill="none" stroke="currentColor"></path></svg></span></a><div><a href="https://www.tesco.com/groceries/en-GB/shop/food-cupboard/dried-pasta-rice-noodles-and-cous-cous/plain-microwave-rice/brown-wholegrain-and-wild-microwave-rice" class="styled__Anchor-sc-1xbujuz-0 jSzuDt rest-of-shelf-link beans-link__anchor" data-auto="rest-of-shelf-link"><span class="styled__Text-sc-1xbujuz-1 fyDIEo beans-link__text">Rest of <span class="visually-hidden">Brown, Wholegrain &amp; Wild Microwave Rice</span> shelf</span><span class="styled__IconContainer-sc-1xbujuz-2 bSauSL beans-link__icon-container"><svg aria-hidden="true" class="styled__SVG-xxa4wh-1 hQMCqc beans-link__icon beans-icon__svg" height="13.33" preserveAspectRatio="xMinYMax meet" viewBox="-1 0 12 20" width="8" xmlns="http://www.w3.org/2000/svg" color="currentColor"><path d="M1.312 1.348L10.276 10l-8.964 8.644" fill="none" stroke="currentColor"></path></svg></span></a></div><div class="product-info-message-section"><div class="product-info-message-list"><div class="styled__WhiteBackground-sc-9yzfq2-1 jthPIJ"><svg width="56" height="56" viewBox="0 0 56 56" fill="none" xmlns="http://www.w3.org/2000/svg"><path d="M52.1301 27.8766C52.1301 14.5534 41.3293 3.75308 28.0066 3.75308C14.6834 3.75308 3.88306 14.5534 3.88306 27.8766C3.88306 41.1998 14.6834 52.0002 28.0066 52.0002C41.3293 52.0002 52.1301 41.1998 52.1301 27.8766Z" fill="#EE1C2E"></path><path d="M19.6853 36.5687L31.8169 48.6998L52.6633 27.8998L51.9894 23.0423L31.886 43.1452L22.5438 33.803L19.6853 36.5687Z" fill="white"></path><path d="M24.2699 12.0048L23.5594 9.93467L22.8484 12.0048H24.2699ZM24.6345 13.0711H22.4844L21.9776 14.5375H20.7515L22.9815 8.31722H24.1369L26.3669 14.5375H25.1408L24.6345 13.0711Z" fill="white"></path><path d="M27.8359 14.5375H26.734V8.24609H27.8359V14.5375Z" fill="white"></path><path d="M31.5684 13.2309C31.7849 12.9886 31.8927 12.6597 31.8927 12.2446C31.8927 11.8306 31.7849 11.5016 31.5684 11.2588C31.3524 11.0159 31.0811 10.8942 30.7558 10.8942C30.4299 10.8942 30.1587 11.0159 29.9427 11.2588C29.7267 11.5016 29.6184 11.8306 29.6184 12.2446C29.6184 12.6597 29.7267 12.9886 29.9427 13.2309C30.1587 13.4738 30.4299 13.5955 30.7558 13.5955C31.0811 13.5955 31.3524 13.4738 31.5684 13.2309ZM29.4673 14.3065C29.159 14.1049 28.9177 13.8234 28.7429 13.4619C28.5681 13.101 28.481 12.6952 28.481 12.2446C28.481 11.7888 28.5655 11.3815 28.7341 11.0231C28.9032 10.6648 29.1384 10.3848 29.4405 10.1837C29.7426 9.98212 30.0891 9.88158 30.48 9.88158C30.7883 9.88158 31.0579 9.93624 31.2889 10.0455C31.5199 10.1554 31.6978 10.3106 31.8221 10.5122V8.24609H32.9239V14.5375H31.8221V13.9863C31.6916 14.1704 31.5137 14.3194 31.2889 14.4349C31.0636 14.5504 30.797 14.6086 30.4892 14.6086C30.1159 14.6086 29.7751 14.5076 29.4673 14.3065Z" fill="white"></path><path d="M34.9657 14.5375H33.8638V9.95224H34.9657V14.5375ZM33.9082 8.34408C34.0443 8.20796 34.2129 8.1399 34.4145 8.1399C34.6161 8.1399 34.7847 8.20796 34.9208 8.34408C35.0574 8.48071 35.1255 8.64931 35.1255 8.8504C35.1255 9.052 35.0574 9.22112 34.9208 9.35724C34.7847 9.49336 34.6161 9.56142 34.4145 9.56142C34.2129 9.56142 34.0443 9.49336 33.9082 9.35724C33.7715 9.22112 33.704 9.052 33.704 8.8504C33.704 8.64931 33.7715 8.48071 33.9082 8.34408Z" fill="white"></path><path d="M19.6791 19.3347C19.8894 19.1506 19.9946 18.8779 19.9946 18.5169C19.9946 18.1565 19.8894 17.8838 19.6791 17.6997C19.4682 17.5156 19.183 17.4233 18.8221 17.4233H17.5027V19.6111H18.8221C19.183 19.6111 19.4682 19.5188 19.6791 19.3347ZM17.5027 23.9628H16.0374V16.0704H18.9345C19.461 16.0704 19.9157 16.1776 20.2988 16.3921C20.6824 16.6061 20.9753 16.8995 21.1784 17.2712C21.3816 17.6435 21.4826 18.0586 21.4826 18.5169C21.4826 18.9758 21.3816 19.3909 21.1784 19.7632C20.9753 20.1354 20.6824 20.4283 20.2988 20.6423C19.9157 20.8568 19.461 20.9635 18.9345 20.9635H17.5027V23.9628Z" fill="white"></path><path d="M22.0396 18.1451H23.4379V19.0248C23.6029 18.7087 23.8359 18.4684 24.1365 18.3029C24.4376 18.1374 24.7717 18.0549 25.1404 18.0549C25.5235 18.0549 25.8241 18.1415 26.0422 18.3143L25.5689 19.4981C25.3729 19.3929 25.1662 19.3403 24.9486 19.3403C24.5124 19.3403 24.152 19.528 23.8663 19.9039C23.5802 20.2797 23.4379 20.8582 23.4379 21.6404V23.9627H22.0396V18.1451Z" fill="white"></path><path d="M27.8879 23.9627H26.4896V18.1451H27.8879V23.9627ZM26.5458 16.1044C26.7191 15.9316 26.933 15.845 27.1888 15.845C27.444 15.845 27.658 15.9316 27.8312 16.1044C28.0039 16.2771 28.0906 16.4916 28.0906 16.7468C28.0906 17.0026 28.0039 17.217 27.8312 17.3898C27.658 17.5625 27.444 17.6491 27.1888 17.6491C26.933 17.6491 26.7191 17.5625 26.5458 17.3898C26.3731 17.217 26.287 17.0026 26.287 16.7468C26.287 16.4916 26.3731 16.2771 26.5458 16.1044Z" fill="white"></path><path d="M30.0603 23.6693C29.6168 23.4141 29.2714 23.0588 29.0234 22.6041C28.7754 22.1493 28.6511 21.6327 28.6511 21.0537C28.6511 20.4752 28.7754 19.9585 29.0234 19.5038C29.2714 19.049 29.6168 18.6937 30.0603 18.438C30.5037 18.1828 31.011 18.0549 31.5823 18.0549C32.8749 18.0549 33.751 18.585 34.2093 19.6445L32.9353 20.2199C32.6424 19.6332 32.1913 19.3403 31.5823 19.3403C31.1466 19.3403 30.7857 19.4981 30.5001 19.8136C30.2144 20.1297 30.0716 20.5427 30.0716 21.0537C30.0716 21.5651 30.2144 21.9787 30.5001 22.2942C30.7857 22.6097 31.1466 22.7675 31.5823 22.7675C32.1913 22.7675 32.6424 22.4747 32.9353 21.8884L34.2093 22.4633C33.751 23.5229 32.8749 24.0529 31.5823 24.0529C31.011 24.0529 30.5037 23.9251 30.0603 23.6693Z" fill="white"></path><path d="M38.727 20.3999C38.6744 20.0694 38.5223 19.7987 38.2707 19.5883C38.0186 19.3779 37.7015 19.2728 37.3179 19.2728C36.9946 19.2728 36.7048 19.3723 36.4496 19.5713C36.1939 19.7708 36.0175 20.0467 35.9196 20.3999H38.727ZM40.1588 21.5048H35.8633C35.9381 21.9333 36.115 22.2586 36.3934 22.4803C36.6713 22.702 37.0095 22.8129 37.4081 22.8129C37.7386 22.8129 38.015 22.7433 38.2367 22.6041C38.4584 22.4649 38.6708 22.253 38.874 21.9673L40.0573 22.6097C39.7716 23.0759 39.4092 23.4327 38.9693 23.6812C38.5295 23.9287 37.983 24.0529 37.3292 24.0529C36.7125 24.0529 36.1846 23.9086 35.7453 23.6188C35.3055 23.3295 34.9765 22.9557 34.7584 22.4968C34.5403 22.0385 34.4315 21.5574 34.4315 21.0537C34.4315 20.5504 34.546 20.0694 34.7754 19.611C35.0044 19.1526 35.3374 18.7783 35.7731 18.4891C36.2088 18.1998 36.7239 18.0549 37.3179 18.0549C37.9191 18.0549 38.4341 18.19 38.8626 18.4607C39.2911 18.7314 39.6139 19.0866 39.832 19.5264C40.0501 19.9657 40.1588 20.4339 40.1588 20.9299V21.5048Z" fill="white"></path><path d="M16.3879 25.558H17.7399L19.2454 29.4977L20.751 25.558H22.1029V31.8684H20.9309V28.0282L19.6873 31.2915H18.8035L17.5599 28.0282V31.8684H16.3879V25.558Z" fill="white"></path><path d="M25.4058 30.7146C25.6131 30.5341 25.7167 30.3119 25.7167 30.0474V29.9216H24.8335C24.5746 29.9216 24.3689 29.971 24.2158 30.07C24.0626 30.169 23.9858 30.3057 23.9858 30.48C23.9858 30.6424 24.0415 30.7671 24.1529 30.8543C24.2637 30.9414 24.4277 30.9847 24.6437 30.9847C24.9443 30.9847 25.1985 30.8945 25.4058 30.7146ZM23.6074 31.7782C23.3671 31.67 23.1748 31.5122 23.0304 31.3049C22.886 31.0976 22.8138 30.8496 22.8138 30.5609C22.8138 30.1046 22.9855 29.7364 23.3279 29.457C23.6703 29.1775 24.1333 29.0378 24.7159 29.0378H25.7167V28.8754C25.7167 28.6413 25.6357 28.4531 25.4733 28.3118C25.3109 28.1711 25.0918 28.1004 24.8154 28.1004C24.5927 28.1004 24.3916 28.1592 24.2111 28.2763C24.0312 28.3933 23.8956 28.5299 23.8059 28.6862L22.9494 28.1726C23.1113 27.8782 23.3516 27.6333 23.6703 27.4379C23.9889 27.2425 24.3705 27.145 24.8154 27.145C25.4522 27.145 25.9482 27.2982 26.3024 27.6044C26.6572 27.9112 26.8345 28.3526 26.8345 28.9295V31.8685H25.9152L25.7621 31.2735C25.6115 31.4776 25.4207 31.6401 25.1892 31.7602C24.9582 31.8803 24.686 31.9401 24.3735 31.9401C24.1029 31.9401 23.8476 31.8865 23.6074 31.7782Z" fill="white"></path><path d="M27.8214 30.3V28.1726H27.1182V27.2167H27.8214V26.4417L28.9393 25.7384V27.2167H30.1381V28.1726H28.9393V30.2458C28.9393 30.6903 29.1166 30.9125 29.4709 30.9125C29.6333 30.9125 29.7895 30.8496 29.9395 30.7233L30.4443 31.5797C30.2881 31.706 30.1169 31.7978 29.9308 31.855C29.7446 31.9117 29.5549 31.9401 29.3626 31.9401C28.3355 31.9401 27.8214 31.3936 27.8214 30.3Z" fill="white"></path><path d="M31.5487 31.6339C31.194 31.4297 30.9176 31.1456 30.7196 30.7821C30.5211 30.4186 30.4221 30.0056 30.4221 29.5426C30.4221 29.0801 30.5211 28.6666 30.7196 28.3031C30.9176 27.9396 31.194 27.6555 31.5487 27.4513C31.9034 27.2471 32.3087 27.145 32.7655 27.145C33.7993 27.145 34.4995 27.5683 34.8661 28.416L33.8473 28.8754C33.6132 28.4067 33.2528 28.1726 32.7655 28.1726C32.417 28.1726 32.1288 28.2989 31.9004 28.5511C31.6719 28.8037 31.558 29.1342 31.558 29.5426C31.558 29.9509 31.6719 30.282 31.9004 30.5341C32.1288 30.7867 32.417 30.9125 32.7655 30.9125C33.2528 30.9125 33.6132 30.6785 33.8473 30.2098L34.8661 30.6697C34.4995 31.5168 33.7993 31.9401 32.7655 31.9401C32.3087 31.9401 31.9034 31.8386 31.5487 31.6339Z" fill="white"></path><path d="M35.3998 25.4863H36.5176V27.9473C36.662 27.707 36.8615 27.5132 37.1167 27.3657C37.3725 27.2188 37.6592 27.145 37.9778 27.145C38.4702 27.145 38.8579 27.2909 39.1405 27.5823C39.423 27.8736 39.5643 28.2804 39.5643 28.8037V31.8685H38.4465V29.0285C38.4465 28.7522 38.3758 28.5408 38.2346 28.3933C38.0933 28.2458 37.8907 28.1726 37.6262 28.1726C37.3199 28.1726 37.0585 28.3093 36.8419 28.5825C36.6254 28.8558 36.5176 29.275 36.5176 29.8401V31.8685H35.3998V25.4863Z" fill="white"></path></svg><p class="styled__StyledBodyText-sc-119w3hf-5 ggtTyf styled__DarkGreyBodyText-jk5kya-0 iwRWTH">Aldi Price Match</p></div></div></div></div><div class="styles__StyledBuyBoxWrapper-dvv1wj-4 dSvjUC"><div class="styles__StyledBuyBoxContainer-sc-1wx0qp6-0 erryje" data-auto="buybox-container"><div class="styles__SafeFormWrapper-jtpu2t-0 lcrYKS"><form action="https://www.tesco.com/groceries/en-GB/trolley/items/257004208?_method=PUT" method="POST"><input type="submit" class="hidden"><input name="id" type="hidden" value="257004208"><input name="identifier" type="hidden" value="Page"><input name="anchorId" type="hidden" value="#tile-257004208"><input name="returnUrl" type="hidden" value="/groceries/en-GB/shop/food-cupboard/all?redirectIfUnavailable=true#tile-257004208"><input name="backToUrl" type="hidden" value="#"><input name="oldValue" type="hidden" value="0"><input name="oldUnitChoice" type="hidden" value="pcs"><input name="newUnitChoice" type="hidden" value="pcs"><div class="base-components__RootElement-sc-1mosoyj-1 styled__Container-sc-6nhkzi-0 jptQqM hSNpTb beans-buybox__container"><div class="base-components__BaseElement-sc-1mosoyj-0 styled__PriceAndActions-sc-6nhkzi-3 oznwo eEPLov beans-buybox__price-and-actions"><div class="base-components__RootElement-sc-1mosoyj-1 styled__Container-sc-8qlq5b-0 jptQqM bgZrjw styled__StyledPrice-sc-6nhkzi-5 iYHeik beans-buybox__price beans-price__container"><p class="styled__StyledHeading-sc-119w3hf-2 jWPEtj styled__Text-sc-8qlq5b-1 lnaeiZ beans-price__text">£0.35</p><p class="styled__StyledFootnote-sc-119w3hf-7 icrlVF styled__Subtext-sc-8qlq5b-2 bNJmdc beans-price__subtext">£1.40/kg</p></div><div class="base-components__RootElement-sc-1mosoyj-1 styled__Container-vtxwzb-0 jptQqM bDFhXJ beans-buybox__actions beans-quantity-controls__container"><div class="base-components__RootElement-sc-1mosoyj-1 styled__Container-sc-16t2b2a-0 jptQqM PUfgZ styled__StyledFormGroup-vtxwzb-1 kzKuAr beans-quantity-controls__form-group beans-form-group__container"><label class="styled__StyledLabel-sc-1ttuvhr-0 izGEjV beans-form-group__label beans-label" for="quantity-controls-257004208">Quantity controls </label><div class="base-components__BaseElement-sc-1mosoyj-0 styled__Children-sc-16t2b2a-3 oznwo gdJvjO beans-form-group__children"><div class="styled__StyledQuantityControlWrapper-vtxwzb-6 LCxOg"><label id="quantity-controls-257004208-label" class="styled__VisuallyHiddenLabel-vtxwzb-7 gXlLiM">Quantity of Tesco Microwave Wholegrain Rice 250G</label><div class="component__Wrapper-sc-1kpmik-3 dReplG input-wrapper"><input class="base-components__RootElement-sc-1mosoyj-1 styled__StyledInput-sc-1jd5f57-0 component__StyledAsInput-sc-1kpmik-4 jptQqM eJLlow styled__StyledInput-vtxwzb-3 lwMHo beans-quantity-controls__input beans-input" data-auto="beans-quantity-controls-input" autocomplete="off" id="quantity-controls-257004208" maxlength="2" name="newValue" type="number" aria-labelledby="quantity-controls-257004208-label" value="1"></div></div><button class="styled__BaseButton-rsekm1-0 styled__PrimaryButton-rsekm1-2 jChbeY geeWOF styled__StyledButton-vtxwzb-5 japAxb beans-quantity-controls__add-button beans-button__container" type="submit" data-auto="beans-quantity-controls-add-button" aria-label="Quantity of Tesco Microwave Wholegrain Rice 250G"><span class="base-components__BaseElement-sc-1mosoyj-0 styled__InnerContainer-rsekm1-1 oznwo fuFres beans-button__inner-container"><span class="base-components__BaseElement-sc-1mosoyj-0 styled__TextSpan-rsekm1-4 oznwo GDiMp beans-button__text">Add</span></span></button></div></div></div></div></div><input name="_csrf" type="hidden" value="92xA6FXg-W2XHhQLLDKqjWuqmpStG0svGR_s"></form></div></div></div></div><div class="hidden-medium product-info-section-small"><div class="product-info-message-list"><div class="styled__WhiteBackground-sc-9yzfq2-1 jthPIJ"><svg width="56" height="56" viewBox="0 0 56 56" fill="none" xmlns="http://www.w3.org/2000/svg"><path d="M52.1301 27.8766C52.1301 14.5534 41.3293 3.75308 28.0066 3.75308C14.6834 3.75308 3.88306 14.5534 3.88306 27.8766C3.88306 41.1998 14.6834 52.0002 28.0066 52.0002C41.3293 52.0002 52.1301 41.1998 52.1301 27.8766Z" fill="#EE1C2E"></path><path d="M19.6853 36.5687L31.8169 48.6998L52.6633 27.8998L51.9894 23.0423L31.886 43.1452L22.5438 33.803L19.6853 36.5687Z" fill="white"></path><path d="M24.2699 12.0048L23.5594 9.93467L22.8484 12.0048H24.2699ZM24.6345 13.0711H22.4844L21.9776 14.5375H20.7515L22.9815 8.31722H24.1369L26.3669 14.5375H25.1408L24.6345 13.0711Z" fill="white"></path><path d="M27.8359 14.5375H26.734V8.24609H27.8359V14.5375Z" fill="white"></path><path d="M31.5684 13.2309C31.7849 12.9886 31.8927 12.6597 31.8927 12.2446C31.8927 11.8306 31.7849 11.5016 31.5684 11.2588C31.3524 11.0159 31.0811 10.8942 30.7558 10.8942C30.4299 10.8942 30.1587 11.0159 29.9427 11.2588C29.7267 11.5016 29.6184 11.8306 29.6184 12.2446C29.6184 12.6597 29.7267 12.9886 29.9427 13.2309C30.1587 13.4738 30.4299 13.5955 30.7558 13.5955C31.0811 13.5955 31.3524 13.4738 31.5684 13.2309ZM29.4673 14.3065C29.159 14.1049 28.9177 13.8234 28.7429 13.4619C28.5681 13.101 28.481 12.6952 28.481 12.2446C28.481 11.7888 28.5655 11.3815 28.7341 11.0231C28.9032 10.6648 29.1384 10.3848 29.4405 10.1837C29.7426 9.98212 30.0891 9.88158 30.48 9.88158C30.7883 9.88158 31.0579 9.93624 31.2889 10.0455C31.5199 10.1554 31.6978 10.3106 31.8221 10.5122V8.24609H32.9239V14.5375H31.8221V13.9863C31.6916 14.1704 31.5137 14.3194 31.2889 14.4349C31.0636 14.5504 30.797 14.6086 30.4892 14.6086C30.1159 14.6086 29.7751 14.5076 29.4673 14.3065Z" fill="white"></path><path d="M34.9657 14.5375H33.8638V9.95224H34.9657V14.5375ZM33.9082 8.34408C34.0443 8.20796 34.2129 8.1399 34.4145 8.1399C34.6161 8.1399 34.7847 8.20796 34.9208 8.34408C35.0574 8.48071 35.1255 8.64931 35.1255 8.8504C35.1255 9.052 35.0574 9.22112 34.9208 9.35724C34.7847 9.49336 34.6161 9.56142 34.4145 9.56142C34.2129 9.56142 34.0443 9.49336 33.9082 9.35724C33.7715 9.22112 33.704 9.052 33.704 8.8504C33.704 8.64931 33.7715 8.48071 33.9082 8.34408Z" fill="white"></path><path d="M19.6791 19.3347C19.8894 19.1506 19.9946 18.8779 19.9946 18.5169C19.9946 18.1565 19.8894 17.8838 19.6791 17.6997C19.4682 17.5156 19.183 17.4233 18.8221 17.4233H17.5027V19.6111H18.8221C19.183 19.6111 19.4682 19.5188 19.6791 19.3347ZM17.5027 23.9628H16.0374V16.0704H18.9345C19.461 16.0704 19.9157 16.1776 20.2988 16.3921C20.6824 16.6061 20.9753 16.8995 21.1784 17.2712C21.3816 17.6435 21.4826 18.0586 21.4826 18.5169C21.4826 18.9758 21.3816 19.3909 21.1784 19.7632C20.9753 20.1354 20.6824 20.4283 20.2988 20.6423C19.9157 20.8568 19.461 20.9635 18.9345 20.9635H17.5027V23.9628Z" fill="white"></path><path d="M22.0396 18.1451H23.4379V19.0248C23.6029 18.7087 23.8359 18.4684 24.1365 18.3029C24.4376 18.1374 24.7717 18.0549 25.1404 18.0549C25.5235 18.0549 25.8241 18.1415 26.0422 18.3143L25.5689 19.4981C25.3729 19.3929 25.1662 19.3403 24.9486 19.3403C24.5124 19.3403 24.152 19.528 23.8663 19.9039C23.5802 20.2797 23.4379 20.8582 23.4379 21.6404V23.9627H22.0396V18.1451Z" fill="white"></path><path d="M27.8879 23.9627H26.4896V18.1451H27.8879V23.9627ZM26.5458 16.1044C26.7191 15.9316 26.933 15.845 27.1888 15.845C27.444 15.845 27.658 15.9316 27.8312 16.1044C28.0039 16.2771 28.0906 16.4916 28.0906 16.7468C28.0906 17.0026 28.0039 17.217 27.8312 17.3898C27.658 17.5625 27.444 17.6491 27.1888 17.6491C26.933 17.6491 26.7191 17.5625 26.5458 17.3898C26.3731 17.217 26.287 17.0026 26.287 16.7468C26.287 16.4916 26.3731 16.2771 26.5458 16.1044Z" fill="white"></path><path d="M30.0603 23.6693C29.6168 23.4141 29.2714 23.0588 29.0234 22.6041C28.7754 22.1493 28.6511 21.6327 28.6511 21.0537C28.6511 20.4752 28.7754 19.9585 29.0234 19.5038C29.2714 19.049 29.6168 18.6937 30.0603 18.438C30.5037 18.1828 31.011 18.0549 31.5823 18.0549C32.8749 18.0549 33.751 18.585 34.2093 19.6445L32.9353 20.2199C32.6424 19.6332 32.1913 19.3403 31.5823 19.3403C31.1466 19.3403 30.7857 19.4981 30.5001 19.8136C30.2144 20.1297 30.0716 20.5427 30.0716 21.0537C30.0716 21.5651 30.2144 21.9787 30.5001 22.2942C30.7857 22.6097 31.1466 22.7675 31.5823 22.7675C32.1913 22.7675 32.6424 22.4747 32.9353 21.8884L34.2093 22.4633C33.751 23.5229 32.8749 24.0529 31.5823 24.0529C31.011 24.0529 30.5037 23.9251 30.0603 23.6693Z" fill="white"></path><path d="M38.727 20.3999C38.6744 20.0694 38.5223 19.7987 38.2707 19.5883C38.0186 19.3779 37.7015 19.2728 37.3179 19.2728C36.9946 19.2728 36.7048 19.3723 36.4496 19.5713C36.1939 19.7708 36.0175 20.0467 35.9196 20.3999H38.727ZM40.1588 21.5048H35.8633C35.9381 21.9333 36.115 22.2586 36.3934 22.4803C36.6713 22.702 37.0095 22.8129 37.4081 22.8129C37.7386 22.8129 38.015 22.7433 38.2367 22.6041C38.4584 22.4649 38.6708 22.253 38.874 21.9673L40.0573 22.6097C39.7716 23.0759 39.4092 23.4327 38.9693 23.6812C38.5295 23.9287 37.983 24.0529 37.3292 24.0529C36.7125 24.0529 36.1846 23.9086 35.7453 23.6188C35.3055 23.3295 34.9765 22.9557 34.7584 22.4968C34.5403 22.0385 34.4315 21.5574 34.4315 21.0537C34.4315 20.5504 34.546 20.0694 34.7754 19.611C35.0044 19.1526 35.3374 18.7783 35.7731 18.4891C36.2088 18.1998 36.7239 18.0549 37.3179 18.0549C37.9191 18.0549 38.4341 18.19 38.8626 18.4607C39.2911 18.7314 39.6139 19.0866 39.832 19.5264C40.0501 19.9657 40.1588 20.4339 40.1588 20.9299V21.5048Z" fill="white"></path><path d="M16.3879 25.558H17.7399L19.2454 29.4977L20.751 25.558H22.1029V31.8684H20.9309V28.0282L19.6873 31.2915H18.8035L17.5599 28.0282V31.8684H16.3879V25.558Z" fill="white"></path><path d="M25.4058 30.7146C25.6131 30.5341 25.7167 30.3119 25.7167 30.0474V29.9216H24.8335C24.5746 29.9216 24.3689 29.971 24.2158 30.07C24.0626 30.169 23.9858 30.3057 23.9858 30.48C23.9858 30.6424 24.0415 30.7671 24.1529 30.8543C24.2637 30.9414 24.4277 30.9847 24.6437 30.9847C24.9443 30.9847 25.1985 30.8945 25.4058 30.7146ZM23.6074 31.7782C23.3671 31.67 23.1748 31.5122 23.0304 31.3049C22.886 31.0976 22.8138 30.8496 22.8138 30.5609C22.8138 30.1046 22.9855 29.7364 23.3279 29.457C23.6703 29.1775 24.1333 29.0378 24.7159 29.0378H25.7167V28.8754C25.7167 28.6413 25.6357 28.4531 25.4733 28.3118C25.3109 28.1711 25.0918 28.1004 24.8154 28.1004C24.5927 28.1004 24.3916 28.1592 24.2111 28.2763C24.0312 28.3933 23.8956 28.5299 23.8059 28.6862L22.9494 28.1726C23.1113 27.8782 23.3516 27.6333 23.6703 27.4379C23.9889 27.2425 24.3705 27.145 24.8154 27.145C25.4522 27.145 25.9482 27.2982 26.3024 27.6044C26.6572 27.9112 26.8345 28.3526 26.8345 28.9295V31.8685H25.9152L25.7621 31.2735C25.6115 31.4776 25.4207 31.6401 25.1892 31.7602C24.9582 31.8803 24.686 31.9401 24.3735 31.9401C24.1029 31.9401 23.8476 31.8865 23.6074 31.7782Z" fill="white"></path><path d="M27.8214 30.3V28.1726H27.1182V27.2167H27.8214V26.4417L28.9393 25.7384V27.2167H30.1381V28.1726H28.9393V30.2458C28.9393 30.6903 29.1166 30.9125 29.4709 30.9125C29.6333 30.9125 29.7895 30.8496 29.9395 30.7233L30.4443 31.5797C30.2881 31.706 30.1169 31.7978 29.9308 31.855C29.7446 31.9117 29.5549 31.9401 29.3626 31.9401C28.3355 31.9401 27.8214 31.3936 27.8214 30.3Z" fill="white"></path><path d="M31.5487 31.6339C31.194 31.4297 30.9176 31.1456 30.7196 30.7821C30.5211 30.4186 30.4221 30.0056 30.4221 29.5426C30.4221 29.0801 30.5211 28.6666 30.7196 28.3031C30.9176 27.9396 31.194 27.6555 31.5487 27.4513C31.9034 27.2471 32.3087 27.145 32.7655 27.145C33.7993 27.145 34.4995 27.5683 34.8661 28.416L33.8473 28.8754C33.6132 28.4067 33.2528 28.1726 32.7655 28.1726C32.417 28.1726 32.1288 28.2989 31.9004 28.5511C31.6719 28.8037 31.558 29.1342 31.558 29.5426C31.558 29.9509 31.6719 30.282 31.9004 30.5341C32.1288 30.7867 32.417 30.9125 32.7655 30.9125C33.2528 30.9125 33.6132 30.6785 33.8473 30.2098L34.8661 30.6697C34.4995 31.5168 33.7993 31.9401 32.7655 31.9401C32.3087 31.9401 31.9034 31.8386 31.5487 31.6339Z" fill="white"></path><path d="M35.3998 25.4863H36.5176V27.9473C36.662 27.707 36.8615 27.5132 37.1167 27.3657C37.3725 27.2188 37.6592 27.145 37.9778 27.145C38.4702 27.145 38.8579 27.2909 39.1405 27.5823C39.423 27.8736 39.5643 28.2804 39.5643 28.8037V31.8685H38.4465V29.0285C38.4465 28.7522 38.3758 28.5408 38.2346 28.3933C38.0933 28.2458 37.8907 28.1726 37.6262 28.1726C37.3199 28.1726 37.0585 28.3093 36.8419 28.5825C36.6254 28.8558 36.5176 29.275 36.5176 29.8401V31.8685H35.3998V25.4863Z" fill="white"></path></svg><p class="styled__StyledBodyText-sc-119w3hf-5 ggtTyf styled__DarkGreyBodyText-jk5kya-0 iwRWTH">Aldi Price Match</p></div></div></div></div></div></div></div></li><li class="product-list--list-item"><div class="styles__StyledVerticalTileWrapper-dvv1wj-0 dtCNPH"><div data-auto="product-tile" data-auto-type="Quantity" data-auto-available="true" data-auto-is-restricted-disabled="false" data-auto-is-substitute="false" class="styles__StyledVerticalTile-dvv1wj-1 gSCsYK"><div class="styles__StyledTileContentWrapper-dvv1wj-2 bkNhNP beans"><div id="tile-310093518" data-auto-id="310093518" class="styles__StyledTiledContent-dvv1wj-3 bcglTg"><a href="https://www.tesco.com/groceries/en-GB/products/310093518" aria-hidden="true" class="product-image-wrapper" tabindex="1"><div class="product-image__container"><picture><img class="styled__Image-sjvkdn-0 bJErKA product-image beans-responsive-image__image" src="data:image/gif;base64,R0lGODlhAQABAAAAACH5BAEKAAEALAAAAAABAAEAAAICTAEAOw==" srcset="https://digitalcontent.api.tesco.com/v2/media/ghs/19c7af42-d254-4f50-b83b-5b55522dd1e2/6fccf0fc-132e-450d-bbc1-525b4da036e9_1445718452.jpeg?h=225&amp;w=225 768w, data:image/gif;base64,R0lGODlhAQABAAAAACH5BAEKAAEALAAAAAABAAEAAAICTAEAOw== 4000w" alt="Growers Harvest Tomato Puree 200G"></picture></div></a><div class="product-details--wrapper"><h3 class="styles__H3-oa5soe-0 bCKNNq"><a href="https://www.tesco.com/groceries/en-GB/products/310093518" class="styled__Anchor-sc-1xbujuz-0 csVOnh beans-link__anchor" data-auto="product-tile--title"><span class="styled__Text-sc-1xbujuz-1 ldbwMG beans-link__text">Growers Harvest Tomato Puree 200G</span></a></h3><div class="styles__StyledPromotionsAboveMobile-dvv1wj-7 iPTMuo"></div><div class="styles__StyledProductDetailsContent-dvv1wj-5 ddRSrq"><a href="https://www.tesco.com/groceries/en-GB/reviews/submission/310093518?from=%2Fshop%2Ffood-cupboard%2Fall" aria-label="Write a review for Growers Harvest Tomato Puree 200G" class="styled__Anchor-sc-1xbujuz-0 jSzuDt write-a-review-link beans-link__anchor" data-auto="review-link"><span class="styled__Text-sc-1xbujuz-1 fyDIEo beans-link__text">Write a review</span><span class="styled__IconContainer-sc-1xbujuz-2 bSauSL beans-link__icon-container"><svg aria-hidden="true" class="styled__SVG-xxa4wh-1 hQMCqc beans-link__icon beans-icon__svg" height="13.33" preserveAspectRatio="xMinYMax meet" viewBox="-1 0 12 20" width="8" xmlns="http://www.w3.org/2000/svg" color="currentColor"><path d="M1.312 1.348L10.276 10l-8.964 8.644" fill="none" stroke="currentColor"></path></svg></span></a><div><a href="https://www.tesco.com/groceries/en-GB/shop/food-cupboard/tins-cans-and-packets/tomatoes-passata-and-puree/tomato-puree" class="styled__Anchor-sc-1xbujuz-0 jSzuDt rest-of-shelf-link beans-link__anchor" data-auto="rest-of-shelf-link"><span class="styled__Text-sc-1xbujuz-1 fyDIEo beans-link__text">Rest of <span class="visually-hidden">Tomato Puree</span> shelf</span><span class="styled__IconContainer-sc-1xbujuz-2 bSauSL beans-link__icon-container"><svg aria-hidden="true" class="styled__SVG-xxa4wh-1 hQMCqc beans-link__icon beans-icon__svg" height="13.33" preserveAspectRatio="xMinYMax meet" viewBox="-1 0 12 20" width="8" xmlns="http://www.w3.org/2000/svg" color="currentColor"><path d="M1.312 1.348L10.276 10l-8.964 8.644" fill="none" stroke="currentColor"></path></svg></span></a></div><div class="product-info-message-section"><div class="product-info-message-list"><div class="styled__WhiteBackground-sc-9yzfq2-1 jthPIJ"><svg width="56" height="56" viewBox="0 0 56 56" fill="none" xmlns="http://www.w3.org/2000/svg"><path d="M52.1301 27.8766C52.1301 14.5534 41.3293 3.75308 28.0066 3.75308C14.6834 3.75308 3.88306 14.5534 3.88306 27.8766C3.88306 41.1998 14.6834 52.0002 28.0066 52.0002C41.3293 52.0002 52.1301 41.1998 52.1301 27.8766Z" fill="#EE1C2E"></path><path d="M19.6853 36.5687L31.8169 48.6998L52.6633 27.8998L51.9894 23.0423L31.886 43.1452L22.5438 33.803L19.6853 36.5687Z" fill="white"></path><path d="M24.2699 12.0048L23.5594 9.93467L22.8484 12.0048H24.2699ZM24.6345 13.0711H22.4844L21.9776 14.5375H20.7515L22.9815 8.31722H24.1369L26.3669 14.5375H25.1408L24.6345 13.0711Z" fill="white"></path><path d="M27.8359 14.5375H26.734V8.24609H27.8359V14.5375Z" fill="white"></path><path d="M31.5684 13.2309C31.7849 12.9886 31.8927 12.6597 31.8927 12.2446C31.8927 11.8306 31.7849 11.5016 31.5684 11.2588C31.3524 11.0159 31.0811 10.8942 30.7558 10.8942C30.4299 10.8942 30.1587 11.0159 29.9427 11.2588C29.7267 11.5016 29.6184 11.8306 29.6184 12.2446C29.6184 12.6597 29.7267 12.9886 29.9427 13.2309C30.1587 13.4738 30.4299 13.5955 30.7558 13.5955C31.0811 13.5955 31.3524 13.4738 31.5684 13.2309ZM29.4673 14.3065C29.159 14.1049 28.9177 13.8234 28.7429 13.4619C28.5681 13.101 28.481 12.6952 28.481 12.2446C28.481 11.7888 28.5655 11.3815 28.7341 11.0231C28.9032 10.6648 29.1384 10.3848 29.4405 10.1837C29.7426 9.98212 30.0891 9.88158 30.48 9.88158C30.7883 9.88158 31.0579 9.93624 31.2889 10.0455C31.5199 10.1554 31.6978 10.3106 31.8221 10.5122V8.24609H32.9239V14.5375H31.8221V13.9863C31.6916 14.1704 31.5137 14.3194 31.2889 14.4349C31.0636 14.5504 30.797 14.6086 30.4892 14.6086C30.1159 14.6086 29.7751 14.5076 29.4673 14.3065Z" fill="white"></path><path d="M34.9657 14.5375H33.8638V9.95224H34.9657V14.5375ZM33.9082 8.34408C34.0443 8.20796 34.2129 8.1399 34.4145 8.1399C34.6161 8.1399 34.7847 8.20796 34.9208 8.34408C35.0574 8.48071 35.1255 8.64931 35.1255 8.8504C35.1255 9.052 35.0574 9.22112 34.9208 9.35724C34.7847 9.49336 34.6161 9.56142 34.4145 9.56142C34.2129 9.56142 34.0443 9.49336 33.9082 9.35724C33.7715 9.22112 33.704 9.052 33.704 8.8504C33.704 8.64931 33.7715 8.48071 33.9082 8.34408Z" fill="white"></path><path d="M19.6791 19.3347C19.8894 19.1506 19.9946 18.8779 19.9946 18.5169C19.9946 18.1565 19.8894 17.8838 19.6791 17.6997C19.4682 17.5156 19.183 17.4233 18.8221 17.4233H17.5027V19.6111H18.8221C19.183 19.6111 19.4682 19.5188 19.6791 19.3347ZM17.5027 23.9628H16.0374V16.0704H18.9345C19.461 16.0704 19.9157 16.1776 20.2988 16.3921C20.6824 16.6061 20.9753 16.8995 21.1784 17.2712C21.3816 17.6435 21.4826 18.0586 21.4826 18.5169C21.4826 18.9758 21.3816 19.3909 21.1784 19.7632C20.9753 20.1354 20.6824 20.4283 20.2988 20.6423C19.9157 20.8568 19.461 20.9635 18.9345 20.9635H17.5027V23.9628Z" fill="white"></path><path d="M22.0396 18.1451H23.4379V19.0248C23.6029 18.7087 23.8359 18.4684 24.1365 18.3029C24.4376 18.1374 24.7717 18.0549 25.1404 18.0549C25.5235 18.0549 25.8241 18.1415 26.0422 18.3143L25.5689 19.4981C25.3729 19.3929 25.1662 19.3403 24.9486 19.3403C24.5124 19.3403 24.152 19.528 23.8663 19.9039C23.5802 20.2797 23.4379 20.8582 23.4379 21.6404V23.9627H22.0396V18.1451Z" fill="white"></path><path d="M27.8879 23.9627H26.4896V18.1451H27.8879V23.9627ZM26.5458 16.1044C26.7191 15.9316 26.933 15.845 27.1888 15.845C27.444 15.845 27.658 15.9316 27.8312 16.1044C28.0039 16.2771 28.0906 16.4916 28.0906 16.7468C28.0906 17.0026 28.0039 17.217 27.8312 17.3898C27.658 17.5625 27.444 17.6491 27.1888 17.6491C26.933 17.6491 26.7191 17.5625 26.5458 17.3898C26.3731 17.217 26.287 17.0026 26.287 16.7468C26.287 16.4916 26.3731 16.2771 26.5458 16.1044Z" fill="white"></path><path d="M30.0603 23.6693C29.6168 23.4141 29.2714 23.0588 29.0234 22.6041C28.7754 22.1493 28.6511 21.6327 28.6511 21.0537C28.6511 20.4752 28.7754 19.9585 29.0234 19.5038C29.2714 19.049 29.6168 18.6937 30.0603 18.438C30.5037 18.1828 31.011 18.0549 31.5823 18.0549C32.8749 18.0549 33.751 18.585 34.2093 19.6445L32.9353 20.2199C32.6424 19.6332 32.1913 19.3403 31.5823 19.3403C31.1466 19.3403 30.7857 19.4981 30.5001 19.8136C30.2144 20.1297 30.0716 20.5427 30.0716 21.0537C30.0716 21.5651 30.2144 21.9787 30.5001 22.2942C30.7857 22.6097 31.1466 22.7675 31.5823 22.7675C32.1913 22.7675 32.6424 22.4747 32.9353 21.8884L34.2093 22.4633C33.751 23.5229 32.8749 24.0529 31.5823 24.0529C31.011 24.0529 30.5037 23.9251 30.0603 23.6693Z" fill="white"></path><path d="M38.727 20.3999C38.6744 20.0694 38.5223 19.7987 38.2707 19.5883C38.0186 19.3779 37.7015 19.2728 37.3179 19.2728C36.9946 19.2728 36.7048 19.3723 36.4496 19.5713C36.1939 19.7708 36.0175 20.0467 35.9196 20.3999H38.727ZM40.1588 21.5048H35.8633C35.9381 21.9333 36.115 22.2586 36.3934 22.4803C36.6713 22.702 37.0095 22.8129 37.4081 22.8129C37.7386 22.8129 38.015 22.7433 38.2367 22.6041C38.4584 22.4649 38.6708 22.253 38.874 21.9673L40.0573 22.6097C39.7716 23.0759 39.4092 23.4327 38.9693 23.6812C38.5295 23.9287 37.983 24.0529 37.3292 24.0529C36.7125 24.0529 36.1846 23.9086 35.7453 23.6188C35.3055 23.3295 34.9765 22.9557 34.7584 22.4968C34.5403 22.0385 34.4315 21.5574 34.4315 21.0537C34.4315 20.5504 34.546 20.0694 34.7754 19.611C35.0044 19.1526 35.3374 18.7783 35.7731 18.4891C36.2088 18.1998 36.7239 18.0549 37.3179 18.0549C37.9191 18.0549 38.4341 18.19 38.8626 18.4607C39.2911 18.7314 39.6139 19.0866 39.832 19.5264C40.0501 19.9657 40.1588 20.4339 40.1588 20.9299V21.5048Z" fill="white"></path><path d="M16.3879 25.558H17.7399L19.2454 29.4977L20.751 25.558H22.1029V31.8684H20.9309V28.0282L19.6873 31.2915H18.8035L17.5599 28.0282V31.8684H16.3879V25.558Z" fill="white"></path><path d="M25.4058 30.7146C25.6131 30.5341 25.7167 30.3119 25.7167 30.0474V29.9216H24.8335C24.5746 29.9216 24.3689 29.971 24.2158 30.07C24.0626 30.169 23.9858 30.3057 23.9858 30.48C23.9858 30.6424 24.0415 30.7671 24.1529 30.8543C24.2637 30.9414 24.4277 30.9847 24.6437 30.9847C24.9443 30.9847 25.1985 30.8945 25.4058 30.7146ZM23.6074 31.7782C23.3671 31.67 23.1748 31.5122 23.0304 31.3049C22.886 31.0976 22.8138 30.8496 22.8138 30.5609C22.8138 30.1046 22.9855 29.7364 23.3279 29.457C23.6703 29.1775 24.1333 29.0378 24.7159 29.0378H25.7167V28.8754C25.7167 28.6413 25.6357 28.4531 25.4733 28.3118C25.3109 28.1711 25.0918 28.1004 24.8154 28.1004C24.5927 28.1004 24.3916 28.1592 24.2111 28.2763C24.0312 28.3933 23.8956 28.5299 23.8059 28.6862L22.9494 28.1726C23.1113 27.8782 23.3516 27.6333 23.6703 27.4379C23.9889 27.2425 24.3705 27.145 24.8154 27.145C25.4522 27.145 25.9482 27.2982 26.3024 27.6044C26.6572 27.9112 26.8345 28.3526 26.8345 28.9295V31.8685H25.9152L25.7621 31.2735C25.6115 31.4776 25.4207 31.6401 25.1892 31.7602C24.9582 31.8803 24.686 31.9401 24.3735 31.9401C24.1029 31.9401 23.8476 31.8865 23.6074 31.7782Z" fill="white"></path><path d="M27.8214 30.3V28.1726H27.1182V27.2167H27.8214V26.4417L28.9393 25.7384V27.2167H30.1381V28.1726H28.9393V30.2458C28.9393 30.6903 29.1166 30.9125 29.4709 30.9125C29.6333 30.9125 29.7895 30.8496 29.9395 30.7233L30.4443 31.5797C30.2881 31.706 30.1169 31.7978 29.9308 31.855C29.7446 31.9117 29.5549 31.9401 29.3626 31.9401C28.3355 31.9401 27.8214 31.3936 27.8214 30.3Z" fill="white"></path><path d="M31.5487 31.6339C31.194 31.4297 30.9176 31.1456 30.7196 30.7821C30.5211 30.4186 30.4221 30.0056 30.4221 29.5426C30.4221 29.0801 30.5211 28.6666 30.7196 28.3031C30.9176 27.9396 31.194 27.6555 31.5487 27.4513C31.9034 27.2471 32.3087 27.145 32.7655 27.145C33.7993 27.145 34.4995 27.5683 34.8661 28.416L33.8473 28.8754C33.6132 28.4067 33.2528 28.1726 32.7655 28.1726C32.417 28.1726 32.1288 28.2989 31.9004 28.5511C31.6719 28.8037 31.558 29.1342 31.558 29.5426C31.558 29.9509 31.6719 30.282 31.9004 30.5341C32.1288 30.7867 32.417 30.9125 32.7655 30.9125C33.2528 30.9125 33.6132 30.6785 33.8473 30.2098L34.8661 30.6697C34.4995 31.5168 33.7993 31.9401 32.7655 31.9401C32.3087 31.9401 31.9034 31.8386 31.5487 31.6339Z" fill="white"></path><path d="M35.3998 25.4863H36.5176V27.9473C36.662 27.707 36.8615 27.5132 37.1167 27.3657C37.3725 27.2188 37.6592 27.145 37.9778 27.145C38.4702 27.145 38.8579 27.2909 39.1405 27.5823C39.423 27.8736 39.5643 28.2804 39.5643 28.8037V31.8685H38.4465V29.0285C38.4465 28.7522 38.3758 28.5408 38.2346 28.3933C38.0933 28.2458 37.8907 28.1726 37.6262 28.1726C37.3199 28.1726 37.0585 28.3093 36.8419 28.5825C36.6254 28.8558 36.5176 29.275 36.5176 29.8401V31.8685H35.3998V25.4863Z" fill="white"></path></svg><p class="styled__StyledBodyText-sc-119w3hf-5 ggtTyf styled__DarkGreyBodyText-jk5kya-0 iwRWTH">Aldi Price Match</p></div></div></div></div><div class="styles__StyledBuyBoxWrapper-dvv1wj-4 dSvjUC"><div class="styles__StyledBuyBoxContainer-sc-1wx0qp6-0 erryje" data-auto="buybox-container"><div class="styles__SafeFormWrapper-jtpu2t-0 lcrYKS"><form action="https://www.tesco.com/groceries/en-GB/trolley/items/310093518?_method=PUT" method="POST"><input type="submit" class="hidden"><input name="id" type="hidden" value="310093518"><input name="identifier" type="hidden" value="Page"><input name="anchorId" type="hidden" value="#tile-310093518"><input name="returnUrl" type="hidden" value="/groceries/en-GB/shop/food-cupboard/all?redirectIfUnavailable=true#tile-310093518"><input name="backToUrl" type="hidden" value="#"><input name="oldValue" type="hidden" value="0"><input name="oldUnitChoice" type="hidden" value="pcs"><input name="newUnitChoice" type="hidden" value="pcs"><div class="base-components__RootElement-sc-1mosoyj-1 styled__Container-sc-6nhkzi-0 jptQqM hSNpTb beans-buybox__container"><div class="base-components__BaseElement-sc-1mosoyj-0 styled__PriceAndActions-sc-6nhkzi-3 oznwo eEPLov beans-buybox__price-and-actions"><div class="base-components__RootElement-sc-1mosoyj-1 styled__Container-sc-8qlq5b-0 jptQqM bgZrjw styled__StyledPrice-sc-6nhkzi-5 iYHeik beans-buybox__price beans-price__container"><p class="styled__StyledHeading-sc-119w3hf-2 jWPEtj styled__Text-sc-8qlq5b-1 lnaeiZ beans-price__text">£0.43</p><p class="styled__StyledFootnote-sc-119w3hf-7 icrlVF styled__Subtext-sc-8qlq5b-2 bNJmdc beans-price__subtext">£2.15/kg</p></div><div class="base-components__RootElement-sc-1mosoyj-1 styled__Container-vtxwzb-0 jptQqM bDFhXJ beans-buybox__actions beans-quantity-controls__container"><div class="base-components__RootElement-sc-1mosoyj-1 styled__Container-sc-16t2b2a-0 jptQqM PUfgZ styled__StyledFormGroup-vtxwzb-1 kzKuAr beans-quantity-controls__form-group beans-form-group__container"><label class="styled__StyledLabel-sc-1ttuvhr-0 izGEjV beans-form-group__label beans-label" for="quantity-controls-310093518">Quantity controls </label><div class="base-components__BaseElement-sc-1mosoyj-0 styled__Children-sc-16t2b2a-3 oznwo gdJvjO beans-form-group__children"><div class="styled__StyledQuantityControlWrapper-vtxwzb-6 LCxOg"><label id="quantity-controls-310093518-label" class="styled__VisuallyHiddenLabel-vtxwzb-7 gXlLiM">Quantity of Growers Harvest Tomato Puree 200G</label><div class="component__Wrapper-sc-1kpmik-3 dReplG input-wrapper"><input class="base-components__RootElement-sc-1mosoyj-1 styled__StyledInput-sc-1jd5f57-0 component__StyledAsInput-sc-1kpmik-4 jptQqM eJLlow styled__StyledInput-vtxwzb-3 lwMHo beans-quantity-controls__input beans-input" data-auto="beans-quantity-controls-input" autocomplete="off" id="quantity-controls-310093518" maxlength="2" name="newValue" type="number" aria-labelledby="quantity-controls-310093518-label" value="1"></div></div><button class="styled__BaseButton-rsekm1-0 styled__PrimaryButton-rsekm1-2 jChbeY geeWOF styled__StyledButton-vtxwzb-5 japAxb beans-quantity-controls__add-button beans-button__container" type="submit" data-auto="beans-quantity-controls-add-button" aria-label="Quantity of Growers Harvest Tomato Puree 200G"><span class="base-components__BaseElement-sc-1mosoyj-0 styled__InnerContainer-rsekm1-1 oznwo fuFres beans-button__inner-container"><span class="base-components__BaseElement-sc-1mosoyj-0 styled__TextSpan-rsekm1-4 oznwo GDiMp beans-button__text">Add</span></span></button></div></div></div></div></div><input name="_csrf" type="hidden" value="92xA6FXg-W2XHhQLLDKqjWuqmpStG0svGR_s"></form></div></div></div></div><div class="hidden-medium product-info-section-small"><div class="product-info-message-list"><div class="styled__WhiteBackground-sc-9yzfq2-1 jthPIJ"><svg width="56" height="56" viewBox="0 0 56 56" fill="none" xmlns="http://www.w3.org/2000/svg"><path d="M52.1301 27.8766C52.1301 14.5534 41.3293 3.75308 28.0066 3.75308C14.6834 3.75308 3.88306 14.5534 3.88306 27.8766C3.88306 41.1998 14.6834 52.0002 28.0066 52.0002C41.3293 52.0002 52.1301 41.1998 52.1301 27.8766Z" fill="#EE1C2E"></path><path d="M19.6853 36.5687L31.8169 48.6998L52.6633 27.8998L51.9894 23.0423L31.886 43.1452L22.5438 33.803L19.6853 36.5687Z" fill="white"></path><path d="M24.2699 12.0048L23.5594 9.93467L22.8484 12.0048H24.2699ZM24.6345 13.0711H22.4844L21.9776 14.5375H20.7515L22.9815 8.31722H24.1369L26.3669 14.5375H25.1408L24.6345 13.0711Z" fill="white"></path><path d="M27.8359 14.5375H26.734V8.24609H27.8359V14.5375Z" fill="white"></path><path d="M31.5684 13.2309C31.7849 12.9886 31.8927 12.6597 31.8927 12.2446C31.8927 11.8306 31.7849 11.5016 31.5684 11.2588C31.3524 11.0159 31.0811 10.8942 30.7558 10.8942C30.4299 10.8942 30.1587 11.0159 29.9427 11.2588C29.7267 11.5016 29.6184 11.8306 29.6184 12.2446C29.6184 12.6597 29.7267 12.9886 29.9427 13.2309C30.1587 13.4738 30.4299 13.5955 30.7558 13.5955C31.0811 13.5955 31.3524 13.4738 31.5684 13.2309ZM29.4673 14.3065C29.159 14.1049 28.9177 13.8234 28.7429 13.4619C28.5681 13.101 28.481 12.6952 28.481 12.2446C28.481 11.7888 28.5655 11.3815 28.7341 11.0231C28.9032 10.6648 29.1384 10.3848 29.4405 10.1837C29.7426 9.98212 30.0891 9.88158 30.48 9.88158C30.7883 9.88158 31.0579 9.93624 31.2889 10.0455C31.5199 10.1554 31.6978 10.3106 31.8221 10.5122V8.24609H32.9239V14.5375H31.8221V13.9863C31.6916 14.1704 31.5137 14.3194 31.2889 14.4349C31.0636 14.5504 30.797 14.6086 30.4892 14.6086C30.1159 14.6086 29.7751 14.5076 29.4673 14.3065Z" fill="white"></path><path d="M34.9657 14.5375H33.8638V9.95224H34.9657V14.5375ZM33.9082 8.34408C34.0443 8.20796 34.2129 8.1399 34.4145 8.1399C34.6161 8.1399 34.7847 8.20796 34.9208 8.34408C35.0574 8.48071 35.1255 8.64931 35.1255 8.8504C35.1255 9.052 35.0574 9.22112 34.9208 9.35724C34.7847 9.49336 34.6161 9.56142 34.4145 9.56142C34.2129 9.56142 34.0443 9.49336 33.9082 9.35724C33.7715 9.22112 33.704 9.052 33.704 8.8504C33.704 8.64931 33.7715 8.48071 33.9082 8.34408Z" fill="white"></path><path d="M19.6791 19.3347C19.8894 19.1506 19.9946 18.8779 19.9946 18.5169C19.9946 18.1565 19.8894 17.8838 19.6791 17.6997C19.4682 17.5156 19.183 17.4233 18.8221 17.4233H17.5027V19.6111H18.8221C19.183 19.6111 19.4682 19.5188 19.6791 19.3347ZM17.5027 23.9628H16.0374V16.0704H18.9345C19.461 16.0704 19.9157 16.1776 20.2988 16.3921C20.6824 16.6061 20.9753 16.8995 21.1784 17.2712C21.3816 17.6435 21.4826 18.0586 21.4826 18.5169C21.4826 18.9758 21.3816 19.3909 21.1784 19.7632C20.9753 20.1354 20.6824 20.4283 20.2988 20.6423C19.9157 20.8568 19.461 20.9635 18.9345 20.9635H17.5027V23.9628Z" fill="white"></path><path d="M22.0396 18.1451H23.4379V19.0248C23.6029 18.7087 23.8359 18.4684 24.1365 18.3029C24.4376 18.1374 24.7717 18.0549 25.1404 18.0549C25.5235 18.0549 25.8241 18.1415 26.0422 18.3143L25.5689 19.4981C25.3729 19.3929 25.1662 19.3403 24.9486 19.3403C24.5124 19.3403 24.152 19.528 23.8663 19.9039C23.5802 20.2797 23.4379 20.8582 23.4379 21.6404V23.9627H22.0396V18.1451Z" fill="white"></path><path d="M27.8879 23.9627H26.4896V18.1451H27.8879V23.9627ZM26.5458 16.1044C26.7191 15.9316 26.933 15.845 27.1888 15.845C27.444 15.845 27.658 15.9316 27.8312 16.1044C28.0039 16.2771 28.0906 16.4916 28.0906 16.7468C28.0906 17.0026 28.0039 17.217 27.8312 17.3898C27.658 17.5625 27.444 17.6491 27.1888 17.6491C26.933 17.6491 26.7191 17.5625 26.5458 17.3898C26.3731 17.217 26.287 17.0026 26.287 16.7468C26.287 16.4916 26.3731 16.2771 26.5458 16.1044Z" fill="white"></path><path d="M30.0603 23.6693C29.6168 23.4141 29.2714 23.0588 29.0234 22.6041C28.7754 22.1493 28.6511 21.6327 28.6511 21.0537C28.6511 20.4752 28.7754 19.9585 29.0234 19.5038C29.2714 19.049 29.6168 18.6937 30.0603 18.438C30.5037 18.1828 31.011 18.0549 31.5823 18.0549C32.8749 18.0549 33.751 18.585 34.2093 19.6445L32.9353 20.2199C32.6424 19.6332 32.1913 19.3403 31.5823 19.3403C31.1466 19.3403 30.7857 19.4981 30.5001 19.8136C30.2144 20.1297 30.0716 20.5427 30.0716 21.0537C30.0716 21.5651 30.2144 21.9787 30.5001 22.2942C30.7857 22.6097 31.1466 22.7675 31.5823 22.7675C32.1913 22.7675 32.6424 22.4747 32.9353 21.8884L34.2093 22.4633C33.751 23.5229 32.8749 24.0529 31.5823 24.0529C31.011 24.0529 30.5037 23.9251 30.0603 23.6693Z" fill="white"></path><path d="M38.727 20.3999C38.6744 20.0694 38.5223 19.7987 38.2707 19.5883C38.0186 19.3779 37.7015 19.2728 37.3179 19.2728C36.9946 19.2728 36.7048 19.3723 36.4496 19.5713C36.1939 19.7708 36.0175 20.0467 35.9196 20.3999H38.727ZM40.1588 21.5048H35.8633C35.9381 21.9333 36.115 22.2586 36.3934 22.4803C36.6713 22.702 37.0095 22.8129 37.4081 22.8129C37.7386 22.8129 38.015 22.7433 38.2367 22.6041C38.4584 22.4649 38.6708 22.253 38.874 21.9673L40.0573 22.6097C39.7716 23.0759 39.4092 23.4327 38.9693 23.6812C38.5295 23.9287 37.983 24.0529 37.3292 24.0529C36.7125 24.0529 36.1846 23.9086 35.7453 23.6188C35.3055 23.3295 34.9765 22.9557 34.7584 22.4968C34.5403 22.0385 34.4315 21.5574 34.4315 21.0537C34.4315 20.5504 34.546 20.0694 34.7754 19.611C35.0044 19.1526 35.3374 18.7783 35.7731 18.4891C36.2088 18.1998 36.7239 18.0549 37.3179 18.0549C37.9191 18.0549 38.4341 18.19 38.8626 18.4607C39.2911 18.7314 39.6139 19.0866 39.832 19.5264C40.0501 19.9657 40.1588 20.4339 40.1588 20.9299V21.5048Z" fill="white"></path><path d="M16.3879 25.558H17.7399L19.2454 29.4977L20.751 25.558H22.1029V31.8684H20.9309V28.0282L19.6873 31.2915H18.8035L17.5599 28.0282V31.8684H16.3879V25.558Z" fill="white"></path><path d="M25.4058 30.7146C25.6131 30.5341 25.7167 30.3119 25.7167 30.0474V29.9216H24.8335C24.5746 29.9216 24.3689 29.971 24.2158 30.07C24.0626 30.169 23.9858 30.3057 23.9858 30.48C23.9858 30.6424 24.0415 30.7671 24.1529 30.8543C24.2637 30.9414 24.4277 30.9847 24.6437 30.9847C24.9443 30.9847 25.1985 30.8945 25.4058 30.7146ZM23.6074 31.7782C23.3671 31.67 23.1748 31.5122 23.0304 31.3049C22.886 31.0976 22.8138 30.8496 22.8138 30.5609C22.8138 30.1046 22.9855 29.7364 23.3279 29.457C23.6703 29.1775 24.1333 29.0378 24.7159 29.0378H25.7167V28.8754C25.7167 28.6413 25.6357 28.4531 25.4733 28.3118C25.3109 28.1711 25.0918 28.1004 24.8154 28.1004C24.5927 28.1004 24.3916 28.1592 24.2111 28.2763C24.0312 28.3933 23.8956 28.5299 23.8059 28.6862L22.9494 28.1726C23.1113 27.8782 23.3516 27.6333 23.6703 27.4379C23.9889 27.2425 24.3705 27.145 24.8154 27.145C25.4522 27.145 25.9482 27.2982 26.3024 27.6044C26.6572 27.9112 26.8345 28.3526 26.8345 28.9295V31.8685H25.9152L25.7621 31.2735C25.6115 31.4776 25.4207 31.6401 25.1892 31.7602C24.9582 31.8803 24.686 31.9401 24.3735 31.9401C24.1029 31.9401 23.8476 31.8865 23.6074 31.7782Z" fill="white"></path><path d="M27.8214 30.3V28.1726H27.1182V27.2167H27.8214V26.4417L28.9393 25.7384V27.2167H30.1381V28.1726H28.9393V30.2458C28.9393 30.6903 29.1166 30.9125 29.4709 30.9125C29.6333 30.9125 29.7895 30.8496 29.9395 30.7233L30.4443 31.5797C30.2881 31.706 30.1169 31.7978 29.9308 31.855C29.7446 31.9117 29.5549 31.9401 29.3626 31.9401C28.3355 31.9401 27.8214 31.3936 27.8214 30.3Z" fill="white"></path><path d="M31.5487 31.6339C31.194 31.4297 30.9176 31.1456 30.7196 30.7821C30.5211 30.4186 30.4221 30.0056 30.4221 29.5426C30.4221 29.0801 30.5211 28.6666 30.7196 28.3031C30.9176 27.9396 31.194 27.6555 31.5487 27.4513C31.9034 27.2471 32.3087 27.145 32.7655 27.145C33.7993 27.145 34.4995 27.5683 34.8661 28.416L33.8473 28.8754C33.6132 28.4067 33.2528 28.1726 32.7655 28.1726C32.417 28.1726 32.1288 28.2989 31.9004 28.5511C31.6719 28.8037 31.558 29.1342 31.558 29.5426C31.558 29.9509 31.6719 30.282 31.9004 30.5341C32.1288 30.7867 32.417 30.9125 32.7655 30.9125C33.2528 30.9125 33.6132 30.6785 33.8473 30.2098L34.8661 30.6697C34.4995 31.5168 33.7993 31.9401 32.7655 31.9401C32.3087 31.9401 31.9034 31.8386 31.5487 31.6339Z" fill="white"></path><path d="M35.3998 25.4863H36.5176V27.9473C36.662 27.707 36.8615 27.5132 37.1167 27.3657C37.3725 27.2188 37.6592 27.145 37.9778 27.145C38.4702 27.145 38.8579 27.2909 39.1405 27.5823C39.423 27.8736 39.5643 28.2804 39.5643 28.8037V31.8685H38.4465V29.0285C38.4465 28.7522 38.3758 28.5408 38.2346 28.3933C38.0933 28.2458 37.8907 28.1726 37.6262 28.1726C37.3199 28.1726 37.0585 28.3093 36.8419 28.5825C36.6254 28.8558 36.5176 29.275 36.5176 29.8401V31.8685H35.3998V25.4863Z" fill="white"></path></svg><p class="styled__StyledBodyText-sc-119w3hf-5 ggtTyf styled__DarkGreyBodyText-jk5kya-0 iwRWTH">Aldi Price Match</p></div></div></div></div></div></div></div></li><li class="product-list--list-item"><div class="styles__StyledVerticalTileWrapper-dvv1wj-0 dtCNPH"><div data-auto="product-tile" data-auto-type="Quantity" data-auto-available="true" data-auto-is-restricted-disabled="false" data-auto-is-substitute="false" class="styles__StyledVerticalTile-dvv1wj-1 gSCsYK"><div class="styles__StyledTileContentWrapper-dvv1wj-2 bkNhNP beans"><div id="tile-258510116" data-auto-id="258510116" class="styles__StyledTiledContent-dvv1wj-3 bcglTg"><a href="https://www.tesco.com/groceries/en-GB/products/258510116" aria-hidden="true" class="product-image-wrapper" tabindex="1"><div class="product-image__container"><picture><img class="styled__Image-sjvkdn-0 bJErKA product-image beans-responsive-image__image" src="data:image/gif;base64,R0lGODlhAQABAAAAACH5BAEKAAEALAAAAAABAAEAAAICTAEAOw==" srcset="https://digitalcontent.api.tesco.com/v2/media/ghs/c2858fab-e8ef-4bb8-980a-3f0d5162cdfe/12d5fe39-13dc-4cb5-bee3-314a08a20ad4_243183224.jpeg?h=225&amp;w=225 768w, data:image/gif;base64,R0lGODlhAQABAAAAACH5BAEKAAEALAAAAAABAAEAAAICTAEAOw== 4000w" alt="Tesco Baked Beans In Tomato Sauce 420G"></picture></div></a><div class="product-details--wrapper"><h3 class="styles__H3-oa5soe-0 bCKNNq"><a href="https://www.tesco.com/groceries/en-GB/products/258510116" class="styled__Anchor-sc-1xbujuz-0 csVOnh beans-link__anchor" data-auto="product-tile--title"><span class="styled__Text-sc-1xbujuz-1 ldbwMG beans-link__text">Tesco Baked Beans In Tomato Sauce 420G</span></a></h3><div class="styles__StyledProductDetailsContent-dvv1wj-5 ddRSrq"><a href="https://www.tesco.com/groceries/en-GB/reviews/submission/258510116?from=%2Fshop%2Ffood-cupboard%2Fall" aria-label="Write a review for Tesco Baked Beans In Tomato Sauce 420G" class="styled__Anchor-sc-1xbujuz-0 jSzuDt write-a-review-link beans-link__anchor" data-auto="review-link"><span class="styled__Text-sc-1xbujuz-1 fyDIEo beans-link__text">Write a review</span><span class="styled__IconContainer-sc-1xbujuz-2 bSauSL beans-link__icon-container"><svg aria-hidden="true" class="styled__SVG-xxa4wh-1 hQMCqc beans-link__icon beans-icon__svg" height="13.33" preserveAspectRatio="xMinYMax meet" viewBox="-1 0 12 20" width="8" xmlns="http://www.w3.org/2000/svg" color="currentColor"><path d="M1.312 1.348L10.276 10l-8.964 8.644" fill="none" stroke="currentColor"></path></svg></span></a><div><a href="https://www.tesco.com/groceries/en-GB/shop/food-cupboard/tins-cans-and-packets/baked-beans/tinned-baked-beans" class="styled__Anchor-sc-1xbujuz-0 jSzuDt rest-of-shelf-link beans-link__anchor" data-auto="rest-of-shelf-link"><span class="styled__Text-sc-1xbujuz-1 fyDIEo beans-link__text">Rest of <span class="visually-hidden">Tinned Baked Beans</span> shelf</span><span class="styled__IconContainer-sc-1xbujuz-2 bSauSL beans-link__icon-container"><svg aria-hidden="true" class="styled__SVG-xxa4wh-1 hQMCqc beans-link__icon beans-icon__svg" height="13.33" preserveAspectRatio="xMinYMax meet" viewBox="-1 0 12 20" width="8" xmlns="http://www.w3.org/2000/svg" color="currentColor"><path d="M1.312 1.348L10.276 10l-8.964 8.644" fill="none" stroke="currentColor"></path></svg></span></a></div><div class="product-info-message-section"><div class="product-info-message-list"></div></div></div><div class="styles__StyledPromotionsWithBuyBoxWrapper-dvv1wj-8 cZskDh"><div class="styles__StyledPromotionsAboveMobile-dvv1wj-7 iPTMuo"><div class="styles__StyledPromotionsWithClubcardPriceContainer-sc-1vdpoop-0 bsPFbn"><div class="styles__StyledClubcardLogo-sc-1vdpoop-2 elOZEB"><div class="styles__Wrapper-sc-1d2phhy-0 hgBuQG undefined special-offer-sash"><span class="styles__CircleWrapper-sc-1d2phhy-2 hCbzjm"><strong class="styles__TextWrapper-sc-1d2phhy-1 bLXNGg">Clubcard Price</strong></span></div></div><a href="https://www.tesco.com/groceries/en-GB/promotions/88576615"><div class="styles__ProductPromotionStyling-sc-1vdpoop-3 WGKAK"><div class="styles__StyledPromotionsOfferContent-sc-1vdpoop-1 cPSekc"><span class="offer-text">Any 4 for £1.30 Clubcard Price - Tesco Baked Beans In Tomato Sauce 420g</span></div><span class="dates">Offer valid for delivery from 26/10/2022 until 06/12/2022</span></div></a></div></div><div class="styles__StyledBuyBoxWrapper-dvv1wj-4 dSvjUC"><div class="styles__StyledBuyBoxContainer-sc-1wx0qp6-0 erryje" data-auto="buybox-container"><div class="styles__SafeFormWrapper-jtpu2t-0 lcrYKS"><form action="https://www.tesco.com/groceries/en-GB/trolley/items/258510116?_method=PUT" method="POST"><input type="submit" class="hidden"><input name="id" type="hidden" value="258510116"><input name="identifier" type="hidden" value="Page"><input name="anchorId" type="hidden" value="#tile-258510116"><input name="returnUrl" type="hidden" value="/groceries/en-GB/shop/food-cupboard/all?redirectIfUnavailable=true#tile-258510116"><input name="backToUrl" type="hidden" value="#"><input name="oldValue" type="hidden" value="0"><input name="oldUnitChoice" type="hidden" value="pcs"><input name="newUnitChoice" type="hidden" value="pcs"><div class="base-components__RootElement-sc-1mosoyj-1 styled__Container-sc-6nhkzi-0 jptQqM hSNpTb beans-buybox__container"><div class="base-components__BaseElement-sc-1mosoyj-0 styled__PriceAndActions-sc-6nhkzi-3 oznwo eEPLov beans-buybox__price-and-actions"><div class="base-components__RootElement-sc-1mosoyj-1 styled__Container-sc-8qlq5b-0 jptQqM bgZrjw styled__StyledPrice-sc-6nhkzi-5 iYHeik beans-buybox__price beans-price__container"><p class="styled__StyledHeading-sc-119w3hf-2 jWPEtj styled__Text-sc-8qlq5b-1 lnaeiZ beans-price__text">£0.45</p><p class="styled__StyledFootnote-sc-119w3hf-7 icrlVF styled__Subtext-sc-8qlq5b-2 bNJmdc beans-price__subtext">£1.08/kg</p></div><div class="base-components__RootElement-sc-1mosoyj-1 styled__Container-vtxwzb-0 jptQqM bDFhXJ beans-buybox__actions beans-quantity-controls__container"><div class="base-components__RootElement-sc-1mosoyj-1 styled__Container-sc-16t2b2a-0 jptQqM PUfgZ styled__StyledFormGroup-vtxwzb-1 kzKuAr beans-quantity-controls__form-group beans-form-group__container"><label class="styled__StyledLabel-sc-1ttuvhr-0 izGEjV beans-form-group__label beans-label" for="quantity-controls-258510116">Quantity controls </label><div class="base-components__BaseElement-sc-1mosoyj-0 styled__Children-sc-16t2b2a-3 oznwo gdJvjO beans-form-group__children"><div class="styled__StyledQuantityControlWrapper-vtxwzb-6 LCxOg"><label id="quantity-controls-258510116-label" class="styled__VisuallyHiddenLabel-vtxwzb-7 gXlLiM">Quantity of Tesco Baked Beans In Tomato Sauce 420G</label><div class="component__Wrapper-sc-1kpmik-3 dReplG input-wrapper"><input class="base-components__RootElement-sc-1mosoyj-1 styled__StyledInput-sc-1jd5f57-0 component__StyledAsInput-sc-1kpmik-4 jptQqM eJLlow styled__StyledInput-vtxwzb-3 lwMHo beans-quantity-controls__input beans-input" data-auto="beans-quantity-controls-input" autocomplete="off" id="quantity-controls-258510116" maxlength="2" name="newValue" type="number" aria-labelledby="quantity-controls-258510116-label" value="1"></div></div><button class="styled__BaseButton-rsekm1-0 styled__PrimaryButton-rsekm1-2 jChbeY geeWOF styled__StyledButton-vtxwzb-5 japAxb beans-quantity-controls__add-button beans-button__container" type="submit" data-auto="beans-quantity-controls-add-button" aria-label="Quantity of Tesco Baked Beans In Tomato Sauce 420G"><span class="base-components__BaseElement-sc-1mosoyj-0 styled__InnerContainer-rsekm1-1 oznwo fuFres beans-button__inner-container"><span class="base-components__BaseElement-sc-1mosoyj-0 styled__TextSpan-rsekm1-4 oznwo GDiMp beans-button__text">Add</span></span></button></div></div></div></div></div><input name="_csrf" type="hidden" value="92xA6FXg-W2XHhQLLDKqjWuqmpStG0svGR_s"></form></div></div></div></div></div><div class="hidden-medium product-info-section-small"><div class="product-info-message-list"></div></div></div><div class="styles__StyledPromotionsMobile-dvv1wj-6 Bxaeb"><div><div class="styles__StyledPromotionsWithClubcardPriceContainer-sc-1vdpoop-0 bsPFbn"><div class="styles__StyledClubcardLogo-sc-1vdpoop-2 elOZEB"><div class="styles__Wrapper-sc-1d2phhy-0 hgBuQG undefined special-offer-sash"><span class="styles__CircleWrapper-sc-1d2phhy-2 hCbzjm"><strong class="styles__TextWrapper-sc-1d2phhy-1 bLXNGg">Clubcard Price</strong></span></div></div><a href="https://www.tesco.com/groceries/en-GB/promotions/88576615"><div class="styles__ProductPromotionStyling-sc-1vdpoop-3 WGKAK"><div class="styles__StyledPromotionsOfferContent-sc-1vdpoop-1 cPSekc"><span class="offer-text">Any 4 for £1.30 Clubcard Price - Tesco Baked Beans In Tomato Sauce 420g</span></div><span class="dates">Offer valid for delivery from 26/10/2022 until 06/12/2022</span></div></a></div></div></div></div></div></div></li><li class="product-list--list-item"><div class="styles__StyledVerticalTileWrapper-dvv1wj-0 dtCNPH"><div data-auto="product-tile" data-auto-type="Quantity" data-auto-available="true" data-auto-is-restricted-disabled="false" data-auto-is-substitute="false" class="styles__StyledVerticalTile-dvv1wj-1 gSCsYK"><div class="styles__StyledTileContentWrapper-dvv1wj-2 bkNhNP beans"><div id="tile-300808531" data-auto-id="300808531" class="styles__StyledTiledContent-dvv1wj-3 bcglTg"><a href="https://www.tesco.com/groceries/en-GB/products/300808531" aria-hidden="true" class="product-image-wrapper" tabindex="1"><div class="product-image__container"><picture><img class="styled__Image-sjvkdn-0 bJErKA product-image beans-responsive-image__image" src="data:image/gif;base64,R0lGODlhAQABAAAAACH5BAEKAAEALAAAAAABAAEAAAICTAEAOw==" srcset="https://digitalcontent.api.tesco.com/v2/media/ghs/bb22b6f8-8075-485c-87ca-f5a63e94d5e9/53db92af-2001-44c8-a90c-3837f04d161e_355305228.jpeg?h=225&amp;w=225 768w, data:image/gif;base64,R0lGODlhAQABAAAAACH5BAEKAAEALAAAAAABAAEAAAICTAEAOw== 4000w" alt="Growers Harvest Red Kidney Beans In Water 400G"></picture></div></a><div class="product-details--wrapper"><h3 class="styles__H3-oa5soe-0 bCKNNq"><a href="https://www.tesco.com/groceries/en-GB/products/300808531" class="styled__Anchor-sc-1xbujuz-0 csVOnh beans-link__anchor" data-auto="product-tile--title"><span class="styled__Text-sc-1xbujuz-1 ldbwMG beans-link__text">Growers Harvest Red Kidney Beans In Water 400G</span></a></h3><div class="styles__StyledPromotionsAboveMobile-dvv1wj-7 iPTMuo"></div><div class="styles__StyledProductDetailsContent-dvv1wj-5 ddRSrq"><a href="https://www.tesco.com/groceries/en-GB/reviews/submission/300808531?from=%2Fshop%2Ffood-cupboard%2Fall" aria-label="Write a review for Growers Harvest Red Kidney Beans In Water 400G" class="styled__Anchor-sc-1xbujuz-0 jSzuDt write-a-review-link beans-link__anchor" data-auto="review-link"><span class="styled__Text-sc-1xbujuz-1 fyDIEo beans-link__text">Write a review</span><span class="styled__IconContainer-sc-1xbujuz-2 bSauSL beans-link__icon-container"><svg aria-hidden="true" class="styled__SVG-xxa4wh-1 hQMCqc beans-link__icon beans-icon__svg" height="13.33" preserveAspectRatio="xMinYMax meet" viewBox="-1 0 12 20" width="8" xmlns="http://www.w3.org/2000/svg" color="currentColor"><path d="M1.312 1.348L10.276 10l-8.964 8.644" fill="none" stroke="currentColor"></path></svg></span></a><div><a href="https://www.tesco.com/groceries/en-GB/shop/food-cupboard/tins-cans-and-packets/pulses-lentils-and-beans/tinned-kidney-beans" class="styled__Anchor-sc-1xbujuz-0 jSzuDt rest-of-shelf-link beans-link__anchor" data-auto="rest-of-shelf-link"><span class="styled__Text-sc-1xbujuz-1 fyDIEo beans-link__text">Rest of <span class="visually-hidden">Tinned Kidney Beans</span> shelf</span><span class="styled__IconContainer-sc-1xbujuz-2 bSauSL beans-link__icon-container"><svg aria-hidden="true" class="styled__SVG-xxa4wh-1 hQMCqc beans-link__icon beans-icon__svg" height="13.33" preserveAspectRatio="xMinYMax meet" viewBox="-1 0 12 20" width="8" xmlns="http://www.w3.org/2000/svg" color="currentColor"><path d="M1.312 1.348L10.276 10l-8.964 8.644" fill="none" stroke="currentColor"></path></svg></span></a></div><div class="product-info-message-section"><div class="product-info-message-list"><div class="styled__WhiteBackground-sc-9yzfq2-1 jthPIJ"><svg width="56" height="56" viewBox="0 0 56 56" fill="none" xmlns="http://www.w3.org/2000/svg"><path d="M52.1301 27.8766C52.1301 14.5534 41.3293 3.75308 28.0066 3.75308C14.6834 3.75308 3.88306 14.5534 3.88306 27.8766C3.88306 41.1998 14.6834 52.0002 28.0066 52.0002C41.3293 52.0002 52.1301 41.1998 52.1301 27.8766Z" fill="#EE1C2E"></path><path d="M19.6853 36.5687L31.8169 48.6998L52.6633 27.8998L51.9894 23.0423L31.886 43.1452L22.5438 33.803L19.6853 36.5687Z" fill="white"></path><path d="M24.2699 12.0048L23.5594 9.93467L22.8484 12.0048H24.2699ZM24.6345 13.0711H22.4844L21.9776 14.5375H20.7515L22.9815 8.31722H24.1369L26.3669 14.5375H25.1408L24.6345 13.0711Z" fill="white"></path><path d="M27.8359 14.5375H26.734V8.24609H27.8359V14.5375Z" fill="white"></path><path d="M31.5684 13.2309C31.7849 12.9886 31.8927 12.6597 31.8927 12.2446C31.8927 11.8306 31.7849 11.5016 31.5684 11.2588C31.3524 11.0159 31.0811 10.8942 30.7558 10.8942C30.4299 10.8942 30.1587 11.0159 29.9427 11.2588C29.7267 11.5016 29.6184 11.8306 29.6184 12.2446C29.6184 12.6597 29.7267 12.9886 29.9427 13.2309C30.1587 13.4738 30.4299 13.5955 30.7558 13.5955C31.0811 13.5955 31.3524 13.4738 31.5684 13.2309ZM29.4673 14.3065C29.159 14.1049 28.9177 13.8234 28.7429 13.4619C28.5681 13.101 28.481 12.6952 28.481 12.2446C28.481 11.7888 28.5655 11.3815 28.7341 11.0231C28.9032 10.6648 29.1384 10.3848 29.4405 10.1837C29.7426 9.98212 30.0891 9.88158 30.48 9.88158C30.7883 9.88158 31.0579 9.93624 31.2889 10.0455C31.5199 10.1554 31.6978 10.3106 31.8221 10.5122V8.24609H32.9239V14.5375H31.8221V13.9863C31.6916 14.1704 31.5137 14.3194 31.2889 14.4349C31.0636 14.5504 30.797 14.6086 30.4892 14.6086C30.1159 14.6086 29.7751 14.5076 29.4673 14.3065Z" fill="white"></path><path d="M34.9657 14.5375H33.8638V9.95224H34.9657V14.5375ZM33.9082 8.34408C34.0443 8.20796 34.2129 8.1399 34.4145 8.1399C34.6161 8.1399 34.7847 8.20796 34.9208 8.34408C35.0574 8.48071 35.1255 8.64931 35.1255 8.8504C35.1255 9.052 35.0574 9.22112 34.9208 9.35724C34.7847 9.49336 34.6161 9.56142 34.4145 9.56142C34.2129 9.56142 34.0443 9.49336 33.9082 9.35724C33.7715 9.22112 33.704 9.052 33.704 8.8504C33.704 8.64931 33.7715 8.48071 33.9082 8.34408Z" fill="white"></path><path d="M19.6791 19.3347C19.8894 19.1506 19.9946 18.8779 19.9946 18.5169C19.9946 18.1565 19.8894 17.8838 19.6791 17.6997C19.4682 17.5156 19.183 17.4233 18.8221 17.4233H17.5027V19.6111H18.8221C19.183 19.6111 19.4682 19.5188 19.6791 19.3347ZM17.5027 23.9628H16.0374V16.0704H18.9345C19.461 16.0704 19.9157 16.1776 20.2988 16.3921C20.6824 16.6061 20.9753 16.8995 21.1784 17.2712C21.3816 17.6435 21.4826 18.0586 21.4826 18.5169C21.4826 18.9758 21.3816 19.3909 21.1784 19.7632C20.9753 20.1354 20.6824 20.4283 20.2988 20.6423C19.9157 20.8568 19.461 20.9635 18.9345 20.9635H17.5027V23.9628Z" fill="white"></path><path d="M22.0396 18.1451H23.4379V19.0248C23.6029 18.7087 23.8359 18.4684 24.1365 18.3029C24.4376 18.1374 24.7717 18.0549 25.1404 18.0549C25.5235 18.0549 25.8241 18.1415 26.0422 18.3143L25.5689 19.4981C25.3729 19.3929 25.1662 19.3403 24.9486 19.3403C24.5124 19.3403 24.152 19.528 23.8663 19.9039C23.5802 20.2797 23.4379 20.8582 23.4379 21.6404V23.9627H22.0396V18.1451Z" fill="white"></path><path d="M27.8879 23.9627H26.4896V18.1451H27.8879V23.9627ZM26.5458 16.1044C26.7191 15.9316 26.933 15.845 27.1888 15.845C27.444 15.845 27.658 15.9316 27.8312 16.1044C28.0039 16.2771 28.0906 16.4916 28.0906 16.7468C28.0906 17.0026 28.0039 17.217 27.8312 17.3898C27.658 17.5625 27.444 17.6491 27.1888 17.6491C26.933 17.6491 26.7191 17.5625 26.5458 17.3898C26.3731 17.217 26.287 17.0026 26.287 16.7468C26.287 16.4916 26.3731 16.2771 26.5458 16.1044Z" fill="white"></path><path d="M30.0603 23.6693C29.6168 23.4141 29.2714 23.0588 29.0234 22.6041C28.7754 22.1493 28.6511 21.6327 28.6511 21.0537C28.6511 20.4752 28.7754 19.9585 29.0234 19.5038C29.2714 19.049 29.6168 18.6937 30.0603 18.438C30.5037 18.1828 31.011 18.0549 31.5823 18.0549C32.8749 18.0549 33.751 18.585 34.2093 19.6445L32.9353 20.2199C32.6424 19.6332 32.1913 19.3403 31.5823 19.3403C31.1466 19.3403 30.7857 19.4981 30.5001 19.8136C30.2144 20.1297 30.0716 20.5427 30.0716 21.0537C30.0716 21.5651 30.2144 21.9787 30.5001 22.2942C30.7857 22.6097 31.1466 22.7675 31.5823 22.7675C32.1913 22.7675 32.6424 22.4747 32.9353 21.8884L34.2093 22.4633C33.751 23.5229 32.8749 24.0529 31.5823 24.0529C31.011 24.0529 30.5037 23.9251 30.0603 23.6693Z" fill="white"></path><path d="M38.727 20.3999C38.6744 20.0694 38.5223 19.7987 38.2707 19.5883C38.0186 19.3779 37.7015 19.2728 37.3179 19.2728C36.9946 19.2728 36.7048 19.3723 36.4496 19.5713C36.1939 19.7708 36.0175 20.0467 35.9196 20.3999H38.727ZM40.1588 21.5048H35.8633C35.9381 21.9333 36.115 22.2586 36.3934 22.4803C36.6713 22.702 37.0095 22.8129 37.4081 22.8129C37.7386 22.8129 38.015 22.7433 38.2367 22.6041C38.4584 22.4649 38.6708 22.253 38.874 21.9673L40.0573 22.6097C39.7716 23.0759 39.4092 23.4327 38.9693 23.6812C38.5295 23.9287 37.983 24.0529 37.3292 24.0529C36.7125 24.0529 36.1846 23.9086 35.7453 23.6188C35.3055 23.3295 34.9765 22.9557 34.7584 22.4968C34.5403 22.0385 34.4315 21.5574 34.4315 21.0537C34.4315 20.5504 34.546 20.0694 34.7754 19.611C35.0044 19.1526 35.3374 18.7783 35.7731 18.4891C36.2088 18.1998 36.7239 18.0549 37.3179 18.0549C37.9191 18.0549 38.4341 18.19 38.8626 18.4607C39.2911 18.7314 39.6139 19.0866 39.832 19.5264C40.0501 19.9657 40.1588 20.4339 40.1588 20.9299V21.5048Z" fill="white"></path><path d="M16.3879 25.558H17.7399L19.2454 29.4977L20.751 25.558H22.1029V31.8684H20.9309V28.0282L19.6873 31.2915H18.8035L17.5599 28.0282V31.8684H16.3879V25.558Z" fill="white"></path><path d="M25.4058 30.7146C25.6131 30.5341 25.7167 30.3119 25.7167 30.0474V29.9216H24.8335C24.5746 29.9216 24.3689 29.971 24.2158 30.07C24.0626 30.169 23.9858 30.3057 23.9858 30.48C23.9858 30.6424 24.0415 30.7671 24.1529 30.8543C24.2637 30.9414 24.4277 30.9847 24.6437 30.9847C24.9443 30.9847 25.1985 30.8945 25.4058 30.7146ZM23.6074 31.7782C23.3671 31.67 23.1748 31.5122 23.0304 31.3049C22.886 31.0976 22.8138 30.8496 22.8138 30.5609C22.8138 30.1046 22.9855 29.7364 23.3279 29.457C23.6703 29.1775 24.1333 29.0378 24.7159 29.0378H25.7167V28.8754C25.7167 28.6413 25.6357 28.4531 25.4733 28.3118C25.3109 28.1711 25.0918 28.1004 24.8154 28.1004C24.5927 28.1004 24.3916 28.1592 24.2111 28.2763C24.0312 28.3933 23.8956 28.5299 23.8059 28.6862L22.9494 28.1726C23.1113 27.8782 23.3516 27.6333 23.6703 27.4379C23.9889 27.2425 24.3705 27.145 24.8154 27.145C25.4522 27.145 25.9482 27.2982 26.3024 27.6044C26.6572 27.9112 26.8345 28.3526 26.8345 28.9295V31.8685H25.9152L25.7621 31.2735C25.6115 31.4776 25.4207 31.6401 25.1892 31.7602C24.9582 31.8803 24.686 31.9401 24.3735 31.9401C24.1029 31.9401 23.8476 31.8865 23.6074 31.7782Z" fill="white"></path><path d="M27.8214 30.3V28.1726H27.1182V27.2167H27.8214V26.4417L28.9393 25.7384V27.2167H30.1381V28.1726H28.9393V30.2458C28.9393 30.6903 29.1166 30.9125 29.4709 30.9125C29.6333 30.9125 29.7895 30.8496 29.9395 30.7233L30.4443 31.5797C30.2881 31.706 30.1169 31.7978 29.9308 31.855C29.7446 31.9117 29.5549 31.9401 29.3626 31.9401C28.3355 31.9401 27.8214 31.3936 27.8214 30.3Z" fill="white"></path><path d="M31.5487 31.6339C31.194 31.4297 30.9176 31.1456 30.7196 30.7821C30.5211 30.4186 30.4221 30.0056 30.4221 29.5426C30.4221 29.0801 30.5211 28.6666 30.7196 28.3031C30.9176 27.9396 31.194 27.6555 31.5487 27.4513C31.9034 27.2471 32.3087 27.145 32.7655 27.145C33.7993 27.145 34.4995 27.5683 34.8661 28.416L33.8473 28.8754C33.6132 28.4067 33.2528 28.1726 32.7655 28.1726C32.417 28.1726 32.1288 28.2989 31.9004 28.5511C31.6719 28.8037 31.558 29.1342 31.558 29.5426C31.558 29.9509 31.6719 30.282 31.9004 30.5341C32.1288 30.7867 32.417 30.9125 32.7655 30.9125C33.2528 30.9125 33.6132 30.6785 33.8473 30.2098L34.8661 30.6697C34.4995 31.5168 33.7993 31.9401 32.7655 31.9401C32.3087 31.9401 31.9034 31.8386 31.5487 31.6339Z" fill="white"></path><path d="M35.3998 25.4863H36.5176V27.9473C36.662 27.707 36.8615 27.5132 37.1167 27.3657C37.3725 27.2188 37.6592 27.145 37.9778 27.145C38.4702 27.145 38.8579 27.2909 39.1405 27.5823C39.423 27.8736 39.5643 28.2804 39.5643 28.8037V31.8685H38.4465V29.0285C38.4465 28.7522 38.3758 28.5408 38.2346 28.3933C38.0933 28.2458 37.8907 28.1726 37.6262 28.1726C37.3199 28.1726 37.0585 28.3093 36.8419 28.5825C36.6254 28.8558 36.5176 29.275 36.5176 29.8401V31.8685H35.3998V25.4863Z" fill="white"></path></svg><p class="styled__StyledBodyText-sc-119w3hf-5 ggtTyf styled__DarkGreyBodyText-jk5kya-0 iwRWTH">Aldi Price Match</p></div></div></div></div><div class="styles__StyledBuyBoxWrapper-dvv1wj-4 dSvjUC"><div class="styles__StyledBuyBoxContainer-sc-1wx0qp6-0 erryje" data-auto="buybox-container"><div class="styles__SafeFormWrapper-jtpu2t-0 lcrYKS"><form action="https://www.tesco.com/groceries/en-GB/trolley/items/300808531?_method=PUT" method="POST"><input type="submit" class="hidden"><input name="id" type="hidden" value="300808531"><input name="identifier" type="hidden" value="Page"><input name="anchorId" type="hidden" value="#tile-300808531"><input name="returnUrl" type="hidden" value="/groceries/en-GB/shop/food-cupboard/all?redirectIfUnavailable=true#tile-300808531"><input name="backToUrl" type="hidden" value="#"><input name="oldValue" type="hidden" value="0"><input name="oldUnitChoice" type="hidden" value="pcs"><input name="newUnitChoice" type="hidden" value="pcs"><div class="base-components__RootElement-sc-1mosoyj-1 styled__Container-sc-6nhkzi-0 jptQqM hSNpTb beans-buybox__container"><div class="base-components__BaseElement-sc-1mosoyj-0 styled__PriceAndActions-sc-6nhkzi-3 oznwo eEPLov beans-buybox__price-and-actions"><div class="base-components__RootElement-sc-1mosoyj-1 styled__Container-sc-8qlq5b-0 jptQqM bgZrjw styled__StyledPrice-sc-6nhkzi-5 iYHeik beans-buybox__price beans-price__container"><p class="styled__StyledHeading-sc-119w3hf-2 jWPEtj styled__Text-sc-8qlq5b-1 lnaeiZ beans-price__text">£0.33</p><p class="styled__StyledFootnote-sc-119w3hf-7 icrlVF styled__Subtext-sc-8qlq5b-2 bNJmdc beans-price__subtext">£1.38/kg DR.WT</p></div><div class="base-components__RootElement-sc-1mosoyj-1 styled__Container-vtxwzb-0 jptQqM bDFhXJ beans-buybox__actions beans-quantity-controls__container"><div class="base-components__RootElement-sc-1mosoyj-1 styled__Container-sc-16t2b2a-0 jptQqM PUfgZ styled__StyledFormGroup-vtxwzb-1 kzKuAr beans-quantity-controls__form-group beans-form-group__container"><label class="styled__StyledLabel-sc-1ttuvhr-0 izGEjV beans-form-group__label beans-label" for="quantity-controls-300808531">Quantity controls </label><div class="base-components__BaseElement-sc-1mosoyj-0 styled__Children-sc-16t2b2a-3 oznwo gdJvjO beans-form-group__children"><div class="styled__StyledQuantityControlWrapper-vtxwzb-6 LCxOg"><label id="quantity-controls-300808531-label" class="styled__VisuallyHiddenLabel-vtxwzb-7 gXlLiM">Quantity of Growers Harvest Red Kidney Beans In Water 400G</label><div class="component__Wrapper-sc-1kpmik-3 dReplG input-wrapper"><input class="base-components__RootElement-sc-1mosoyj-1 styled__StyledInput-sc-1jd5f57-0 component__StyledAsInput-sc-1kpmik-4 jptQqM eJLlow styled__StyledInput-vtxwzb-3 lwMHo beans-quantity-controls__input beans-input" data-auto="beans-quantity-controls-input" autocomplete="off" id="quantity-controls-300808531" maxlength="2" name="newValue" type="number" aria-labelledby="quantity-controls-300808531-label" value="1"></div></div><button class="styled__BaseButton-rsekm1-0 styled__PrimaryButton-rsekm1-2 jChbeY geeWOF styled__StyledButton-vtxwzb-5 japAxb beans-quantity-controls__add-button beans-button__container" type="submit" data-auto="beans-quantity-controls-add-button" aria-label="Quantity of Growers Harvest Red Kidney Beans In Water 400G"><span class="base-components__BaseElement-sc-1mosoyj-0 styled__InnerContainer-rsekm1-1 oznwo fuFres beans-button__inner-container"><span class="base-components__BaseElement-sc-1mosoyj-0 styled__TextSpan-rsekm1-4 oznwo GDiMp beans-button__text">Add</span></span></button></div></div></div></div></div><input name="_csrf" type="hidden" value="92xA6FXg-W2XHhQLLDKqjWuqmpStG0svGR_s"></form></div></div></div></div><div class="hidden-medium product-info-section-small"><div class="product-info-message-list"><div class="styled__WhiteBackground-sc-9yzfq2-1 jthPIJ"><svg width="56" height="56" viewBox="0 0 56 56" fill="none" xmlns="http://www.w3.org/2000/svg"><path d="M52.1301 27.8766C52.1301 14.5534 41.3293 3.75308 28.0066 3.75308C14.6834 3.75308 3.88306 14.5534 3.88306 27.8766C3.88306 41.1998 14.6834 52.0002 28.0066 52.0002C41.3293 52.0002 52.1301 41.1998 52.1301 27.8766Z" fill="#EE1C2E"></path><path d="M19.6853 36.5687L31.8169 48.6998L52.6633 27.8998L51.9894 23.0423L31.886 43.1452L22.5438 33.803L19.6853 36.5687Z" fill="white"></path><path d="M24.2699 12.0048L23.5594 9.93467L22.8484 12.0048H24.2699ZM24.6345 13.0711H22.4844L21.9776 14.5375H20.7515L22.9815 8.31722H24.1369L26.3669 14.5375H25.1408L24.6345 13.0711Z" fill="white"></path><path d="M27.8359 14.5375H26.734V8.24609H27.8359V14.5375Z" fill="white"></path><path d="M31.5684 13.2309C31.7849 12.9886 31.8927 12.6597 31.8927 12.2446C31.8927 11.8306 31.7849 11.5016 31.5684 11.2588C31.3524 11.0159 31.0811 10.8942 30.7558 10.8942C30.4299 10.8942 30.1587 11.0159 29.9427 11.2588C29.7267 11.5016 29.6184 11.8306 29.6184 12.2446C29.6184 12.6597 29.7267 12.9886 29.9427 13.2309C30.1587 13.4738 30.4299 13.5955 30.7558 13.5955C31.0811 13.5955 31.3524 13.4738 31.5684 13.2309ZM29.4673 14.3065C29.159 14.1049 28.9177 13.8234 28.7429 13.4619C28.5681 13.101 28.481 12.6952 28.481 12.2446C28.481 11.7888 28.5655 11.3815 28.7341 11.0231C28.9032 10.6648 29.1384 10.3848 29.4405 10.1837C29.7426 9.98212 30.0891 9.88158 30.48 9.88158C30.7883 9.88158 31.0579 9.93624 31.2889 10.0455C31.5199 10.1554 31.6978 10.3106 31.8221 10.5122V8.24609H32.9239V14.5375H31.8221V13.9863C31.6916 14.1704 31.5137 14.3194 31.2889 14.4349C31.0636 14.5504 30.797 14.6086 30.4892 14.6086C30.1159 14.6086 29.7751 14.5076 29.4673 14.3065Z" fill="white"></path><path d="M34.9657 14.5375H33.8638V9.95224H34.9657V14.5375ZM33.9082 8.34408C34.0443 8.20796 34.2129 8.1399 34.4145 8.1399C34.6161 8.1399 34.7847 8.20796 34.9208 8.34408C35.0574 8.48071 35.1255 8.64931 35.1255 8.8504C35.1255 9.052 35.0574 9.22112 34.9208 9.35724C34.7847 9.49336 34.6161 9.56142 34.4145 9.56142C34.2129 9.56142 34.0443 9.49336 33.9082 9.35724C33.7715 9.22112 33.704 9.052 33.704 8.8504C33.704 8.64931 33.7715 8.48071 33.9082 8.34408Z" fill="white"></path><path d="M19.6791 19.3347C19.8894 19.1506 19.9946 18.8779 19.9946 18.5169C19.9946 18.1565 19.8894 17.8838 19.6791 17.6997C19.4682 17.5156 19.183 17.4233 18.8221 17.4233H17.5027V19.6111H18.8221C19.183 19.6111 19.4682 19.5188 19.6791 19.3347ZM17.5027 23.9628H16.0374V16.0704H18.9345C19.461 16.0704 19.9157 16.1776 20.2988 16.3921C20.6824 16.6061 20.9753 16.8995 21.1784 17.2712C21.3816 17.6435 21.4826 18.0586 21.4826 18.5169C21.4826 18.9758 21.3816 19.3909 21.1784 19.7632C20.9753 20.1354 20.6824 20.4283 20.2988 20.6423C19.9157 20.8568 19.461 20.9635 18.9345 20.9635H17.5027V23.9628Z" fill="white"></path><path d="M22.0396 18.1451H23.4379V19.0248C23.6029 18.7087 23.8359 18.4684 24.1365 18.3029C24.4376 18.1374 24.7717 18.0549 25.1404 18.0549C25.5235 18.0549 25.8241 18.1415 26.0422 18.3143L25.5689 19.4981C25.3729 19.3929 25.1662 19.3403 24.9486 19.3403C24.5124 19.3403 24.152 19.528 23.8663 19.9039C23.5802 20.2797 23.4379 20.8582 23.4379 21.6404V23.9627H22.0396V18.1451Z" fill="white"></path><path d="M27.8879 23.9627H26.4896V18.1451H27.8879V23.9627ZM26.5458 16.1044C26.7191 15.9316 26.933 15.845 27.1888 15.845C27.444 15.845 27.658 15.9316 27.8312 16.1044C28.0039 16.2771 28.0906 16.4916 28.0906 16.7468C28.0906 17.0026 28.0039 17.217 27.8312 17.3898C27.658 17.5625 27.444 17.6491 27.1888 17.6491C26.933 17.6491 26.7191 17.5625 26.5458 17.3898C26.3731 17.217 26.287 17.0026 26.287 16.7468C26.287 16.4916 26.3731 16.2771 26.5458 16.1044Z" fill="white"></path><path d="M30.0603 23.6693C29.6168 23.4141 29.2714 23.0588 29.0234 22.6041C28.7754 22.1493 28.6511 21.6327 28.6511 21.0537C28.6511 20.4752 28.7754 19.9585 29.0234 19.5038C29.2714 19.049 29.6168 18.6937 30.0603 18.438C30.5037 18.1828 31.011 18.0549 31.5823 18.0549C32.8749 18.0549 33.751 18.585 34.2093 19.6445L32.9353 20.2199C32.6424 19.6332 32.1913 19.3403 31.5823 19.3403C31.1466 19.3403 30.7857 19.4981 30.5001 19.8136C30.2144 20.1297 30.0716 20.5427 30.0716 21.0537C30.0716 21.5651 30.2144 21.9787 30.5001 22.2942C30.7857 22.6097 31.1466 22.7675 31.5823 22.7675C32.1913 22.7675 32.6424 22.4747 32.9353 21.8884L34.2093 22.4633C33.751 23.5229 32.8749 24.0529 31.5823 24.0529C31.011 24.0529 30.5037 23.9251 30.0603 23.6693Z" fill="white"></path><path d="M38.727 20.3999C38.6744 20.0694 38.5223 19.7987 38.2707 19.5883C38.0186 19.3779 37.7015 19.2728 37.3179 19.2728C36.9946 19.2728 36.7048 19.3723 36.4496 19.5713C36.1939 19.7708 36.0175 20.0467 35.9196 20.3999H38.727ZM40.1588 21.5048H35.8633C35.9381 21.9333 36.115 22.2586 36.3934 22.4803C36.6713 22.702 37.0095 22.8129 37.4081 22.8129C37.7386 22.8129 38.015 22.7433 38.2367 22.6041C38.4584 22.4649 38.6708 22.253 38.874 21.9673L40.0573 22.6097C39.7716 23.0759 39.4092 23.4327 38.9693 23.6812C38.5295 23.9287 37.983 24.0529 37.3292 24.0529C36.7125 24.0529 36.1846 23.9086 35.7453 23.6188C35.3055 23.3295 34.9765 22.9557 34.7584 22.4968C34.5403 22.0385 34.4315 21.5574 34.4315 21.0537C34.4315 20.5504 34.546 20.0694 34.7754 19.611C35.0044 19.1526 35.3374 18.7783 35.7731 18.4891C36.2088 18.1998 36.7239 18.0549 37.3179 18.0549C37.9191 18.0549 38.4341 18.19 38.8626 18.4607C39.2911 18.7314 39.6139 19.0866 39.832 19.5264C40.0501 19.9657 40.1588 20.4339 40.1588 20.9299V21.5048Z" fill="white"></path><path d="M16.3879 25.558H17.7399L19.2454 29.4977L20.751 25.558H22.1029V31.8684H20.9309V28.0282L19.6873 31.2915H18.8035L17.5599 28.0282V31.8684H16.3879V25.558Z" fill="white"></path><path d="M25.4058 30.7146C25.6131 30.5341 25.7167 30.3119 25.7167 30.0474V29.9216H24.8335C24.5746 29.9216 24.3689 29.971 24.2158 30.07C24.0626 30.169 23.9858 30.3057 23.9858 30.48C23.9858 30.6424 24.0415 30.7671 24.1529 30.8543C24.2637 30.9414 24.4277 30.9847 24.6437 30.9847C24.9443 30.9847 25.1985 30.8945 25.4058 30.7146ZM23.6074 31.7782C23.3671 31.67 23.1748 31.5122 23.0304 31.3049C22.886 31.0976 22.8138 30.8496 22.8138 30.5609C22.8138 30.1046 22.9855 29.7364 23.3279 29.457C23.6703 29.1775 24.1333 29.0378 24.7159 29.0378H25.7167V28.8754C25.7167 28.6413 25.6357 28.4531 25.4733 28.3118C25.3109 28.1711 25.0918 28.1004 24.8154 28.1004C24.5927 28.1004 24.3916 28.1592 24.2111 28.2763C24.0312 28.3933 23.8956 28.5299 23.8059 28.6862L22.9494 28.1726C23.1113 27.8782 23.3516 27.6333 23.6703 27.4379C23.9889 27.2425 24.3705 27.145 24.8154 27.145C25.4522 27.145 25.9482 27.2982 26.3024 27.6044C26.6572 27.9112 26.8345 28.3526 26.8345 28.9295V31.8685H25.9152L25.7621 31.2735C25.6115 31.4776 25.4207 31.6401 25.1892 31.7602C24.9582 31.8803 24.686 31.9401 24.3735 31.9401C24.1029 31.9401 23.8476 31.8865 23.6074 31.7782Z" fill="white"></path><path d="M27.8214 30.3V28.1726H27.1182V27.2167H27.8214V26.4417L28.9393 25.7384V27.2167H30.1381V28.1726H28.9393V30.2458C28.9393 30.6903 29.1166 30.9125 29.4709 30.9125C29.6333 30.9125 29.7895 30.8496 29.9395 30.7233L30.4443 31.5797C30.2881 31.706 30.1169 31.7978 29.9308 31.855C29.7446 31.9117 29.5549 31.9401 29.3626 31.9401C28.3355 31.9401 27.8214 31.3936 27.8214 30.3Z" fill="white"></path><path d="M31.5487 31.6339C31.194 31.4297 30.9176 31.1456 30.7196 30.7821C30.5211 30.4186 30.4221 30.0056 30.4221 29.5426C30.4221 29.0801 30.5211 28.6666 30.7196 28.3031C30.9176 27.9396 31.194 27.6555 31.5487 27.4513C31.9034 27.2471 32.3087 27.145 32.7655 27.145C33.7993 27.145 34.4995 27.5683 34.8661 28.416L33.8473 28.8754C33.6132 28.4067 33.2528 28.1726 32.7655 28.1726C32.417 28.1726 32.1288 28.2989 31.9004 28.5511C31.6719 28.8037 31.558 29.1342 31.558 29.5426C31.558 29.9509 31.6719 30.282 31.9004 30.5341C32.1288 30.7867 32.417 30.9125 32.7655 30.9125C33.2528 30.9125 33.6132 30.6785 33.8473 30.2098L34.8661 30.6697C34.4995 31.5168 33.7993 31.9401 32.7655 31.9401C32.3087 31.9401 31.9034 31.8386 31.5487 31.6339Z" fill="white"></path><path d="M35.3998 25.4863H36.5176V27.9473C36.662 27.707 36.8615 27.5132 37.1167 27.3657C37.3725 27.2188 37.6592 27.145 37.9778 27.145C38.4702 27.145 38.8579 27.2909 39.1405 27.5823C39.423 27.8736 39.5643 28.2804 39.5643 28.8037V31.8685H38.4465V29.0285C38.4465 28.7522 38.3758 28.5408 38.2346 28.3933C38.0933 28.2458 37.8907 28.1726 37.6262 28.1726C37.3199 28.1726 37.0585 28.3093 36.8419 28.5825C36.6254 28.8558 36.5176 29.275 36.5176 29.8401V31.8685H35.3998V25.4863Z" fill="white"></path></svg><p class="styled__StyledBodyText-sc-119w3hf-5 ggtTyf styled__DarkGreyBodyText-jk5kya-0 iwRWTH">Aldi Price Match</p></div></div></div></div></div></div></div></li><li class="product-list--list-item"><div class="styles__StyledVerticalTileWrapper-dvv1wj-0 dtCNPH"><div data-auto="product-tile" data-auto-type="Quantity" data-auto-available="true" data-auto-is-restricted-disabled="false" data-auto-is-substitute="false" class="styles__StyledVerticalTile-dvv1wj-1 gSCsYK"><div class="styles__StyledTileContentWrapper-dvv1wj-2 bkNhNP beans"><div id="tile-299768716" data-auto-id="299768716" class="styles__StyledTiledContent-dvv1wj-3 bcglTg"><a href="https://www.tesco.com/groceries/en-GB/products/299768716" aria-hidden="true" class="product-image-wrapper" tabindex="1"><div class="product-image__container"><picture><img class="styled__Image-sjvkdn-0 bJErKA product-image beans-responsive-image__image" src="data:image/gif;base64,R0lGODlhAQABAAAAACH5BAEKAAEALAAAAAABAAEAAAICTAEAOw==" srcset="https://digitalcontent.api.tesco.com/v2/media/ghs/22613281-2bb8-4c49-afc0-c5ba2371bb48/aa30f23d-e04e-4338-be2e-8fcb4c5ee16f_995759123.jpeg?h=225&amp;w=225 768w, data:image/gif;base64,R0lGODlhAQABAAAAACH5BAEKAAEALAAAAAABAAEAAAICTAEAOw== 4000w" alt="Grower&#39;s Harvest Chopped Tomatoes 400G"></picture></div></a><div class="product-details--wrapper"><h3 class="styles__H3-oa5soe-0 bCKNNq"><a href="https://www.tesco.com/groceries/en-GB/products/299768716" class="styled__Anchor-sc-1xbujuz-0 csVOnh beans-link__anchor" data-auto="product-tile--title"><span class="styled__Text-sc-1xbujuz-1 ldbwMG beans-link__text">Grower's Harvest Chopped Tomatoes 400G</span></a></h3><div class="styles__StyledPromotionsAboveMobile-dvv1wj-7 iPTMuo"></div><div class="styles__StyledProductDetailsContent-dvv1wj-5 ddRSrq"><a href="https://www.tesco.com/groceries/en-GB/reviews/submission/299768716?from=%2Fshop%2Ffood-cupboard%2Fall" aria-label="Write a review for Grower&#39;s Harvest Chopped Tomatoes 400G" class="styled__Anchor-sc-1xbujuz-0 jSzuDt write-a-review-link beans-link__anchor" data-auto="review-link"><span class="styled__Text-sc-1xbujuz-1 fyDIEo beans-link__text">Write a review</span><span class="styled__IconContainer-sc-1xbujuz-2 bSauSL beans-link__icon-container"><svg aria-hidden="true" class="styled__SVG-xxa4wh-1 hQMCqc beans-link__icon beans-icon__svg" height="13.33" preserveAspectRatio="xMinYMax meet" viewBox="-1 0 12 20" width="8" xmlns="http://www.w3.org/2000/svg" color="currentColor"><path d="M1.312 1.348L10.276 10l-8.964 8.644" fill="none" stroke="currentColor"></path></svg></span></a><div><a href="https://www.tesco.com/groceries/en-GB/shop/food-cupboard/tins-cans-and-packets/tomatoes-passata-and-puree/chopped-tomatoes" class="styled__Anchor-sc-1xbujuz-0 jSzuDt rest-of-shelf-link beans-link__anchor" data-auto="rest-of-shelf-link"><span class="styled__Text-sc-1xbujuz-1 fyDIEo beans-link__text">Rest of <span class="visually-hidden">Chopped Tomatoes</span> shelf</span><span class="styled__IconContainer-sc-1xbujuz-2 bSauSL beans-link__icon-container"><svg aria-hidden="true" class="styled__SVG-xxa4wh-1 hQMCqc beans-link__icon beans-icon__svg" height="13.33" preserveAspectRatio="xMinYMax meet" viewBox="-1 0 12 20" width="8" xmlns="http://www.w3.org/2000/svg" color="currentColor"><path d="M1.312 1.348L10.276 10l-8.964 8.644" fill="none" stroke="currentColor"></path></svg></span></a></div><div class="product-info-message-section"><div class="product-info-message-list"><div class="styled__WhiteBackground-sc-9yzfq2-1 jthPIJ"><svg width="56" height="56" viewBox="0 0 56 56" fill="none" xmlns="http://www.w3.org/2000/svg"><path d="M52.1301 27.8766C52.1301 14.5534 41.3293 3.75308 28.0066 3.75308C14.6834 3.75308 3.88306 14.5534 3.88306 27.8766C3.88306 41.1998 14.6834 52.0002 28.0066 52.0002C41.3293 52.0002 52.1301 41.1998 52.1301 27.8766Z" fill="#EE1C2E"></path><path d="M19.6853 36.5687L31.8169 48.6998L52.6633 27.8998L51.9894 23.0423L31.886 43.1452L22.5438 33.803L19.6853 36.5687Z" fill="white"></path><path d="M24.2699 12.0048L23.5594 9.93467L22.8484 12.0048H24.2699ZM24.6345 13.0711H22.4844L21.9776 14.5375H20.7515L22.9815 8.31722H24.1369L26.3669 14.5375H25.1408L24.6345 13.0711Z" fill="white"></path><path d="M27.8359 14.5375H26.734V8.24609H27.8359V14.5375Z" fill="white"></path><path d="M31.5684 13.2309C31.7849 12.9886 31.8927 12.6597 31.8927 12.2446C31.8927 11.8306 31.7849 11.5016 31.5684 11.2588C31.3524 11.0159 31.0811 10.8942 30.7558 10.8942C30.4299 10.8942 30.1587 11.0159 29.9427 11.2588C29.7267 11.5016 29.6184 11.8306 29.6184 12.2446C29.6184 12.6597 29.7267 12.9886 29.9427 13.2309C30.1587 13.4738 30.4299 13.5955 30.7558 13.5955C31.0811 13.5955 31.3524 13.4738 31.5684 13.2309ZM29.4673 14.3065C29.159 14.1049 28.9177 13.8234 28.7429 13.4619C28.5681 13.101 28.481 12.6952 28.481 12.2446C28.481 11.7888 28.5655 11.3815 28.7341 11.0231C28.9032 10.6648 29.1384 10.3848 29.4405 10.1837C29.7426 9.98212 30.0891 9.88158 30.48 9.88158C30.7883 9.88158 31.0579 9.93624 31.2889 10.0455C31.5199 10.1554 31.6978 10.3106 31.8221 10.5122V8.24609H32.9239V14.5375H31.8221V13.9863C31.6916 14.1704 31.5137 14.3194 31.2889 14.4349C31.0636 14.5504 30.797 14.6086 30.4892 14.6086C30.1159 14.6086 29.7751 14.5076 29.4673 14.3065Z" fill="white"></path><path d="M34.9657 14.5375H33.8638V9.95224H34.9657V14.5375ZM33.9082 8.34408C34.0443 8.20796 34.2129 8.1399 34.4145 8.1399C34.6161 8.1399 34.7847 8.20796 34.9208 8.34408C35.0574 8.48071 35.1255 8.64931 35.1255 8.8504C35.1255 9.052 35.0574 9.22112 34.9208 9.35724C34.7847 9.49336 34.6161 9.56142 34.4145 9.56142C34.2129 9.56142 34.0443 9.49336 33.9082 9.35724C33.7715 9.22112 33.704 9.052 33.704 8.8504C33.704 8.64931 33.7715 8.48071 33.9082 8.34408Z" fill="white"></path><path d="M19.6791 19.3347C19.8894 19.1506 19.9946 18.8779 19.9946 18.5169C19.9946 18.1565 19.8894 17.8838 19.6791 17.6997C19.4682 17.5156 19.183 17.4233 18.8221 17.4233H17.5027V19.6111H18.8221C19.183 19.6111 19.4682 19.5188 19.6791 19.3347ZM17.5027 23.9628H16.0374V16.0704H18.9345C19.461 16.0704 19.9157 16.1776 20.2988 16.3921C20.6824 16.6061 20.9753 16.8995 21.1784 17.2712C21.3816 17.6435 21.4826 18.0586 21.4826 18.5169C21.4826 18.9758 21.3816 19.3909 21.1784 19.7632C20.9753 20.1354 20.6824 20.4283 20.2988 20.6423C19.9157 20.8568 19.461 20.9635 18.9345 20.9635H17.5027V23.9628Z" fill="white"></path><path d="M22.0396 18.1451H23.4379V19.0248C23.6029 18.7087 23.8359 18.4684 24.1365 18.3029C24.4376 18.1374 24.7717 18.0549 25.1404 18.0549C25.5235 18.0549 25.8241 18.1415 26.0422 18.3143L25.5689 19.4981C25.3729 19.3929 25.1662 19.3403 24.9486 19.3403C24.5124 19.3403 24.152 19.528 23.8663 19.9039C23.5802 20.2797 23.4379 20.8582 23.4379 21.6404V23.9627H22.0396V18.1451Z" fill="white"></path><path d="M27.8879 23.9627H26.4896V18.1451H27.8879V23.9627ZM26.5458 16.1044C26.7191 15.9316 26.933 15.845 27.1888 15.845C27.444 15.845 27.658 15.9316 27.8312 16.1044C28.0039 16.2771 28.0906 16.4916 28.0906 16.7468C28.0906 17.0026 28.0039 17.217 27.8312 17.3898C27.658 17.5625 27.444 17.6491 27.1888 17.6491C26.933 17.6491 26.7191 17.5625 26.5458 17.3898C26.3731 17.217 26.287 17.0026 26.287 16.7468C26.287 16.4916 26.3731 16.2771 26.5458 16.1044Z" fill="white"></path><path d="M30.0603 23.6693C29.6168 23.4141 29.2714 23.0588 29.0234 22.6041C28.7754 22.1493 28.6511 21.6327 28.6511 21.0537C28.6511 20.4752 28.7754 19.9585 29.0234 19.5038C29.2714 19.049 29.6168 18.6937 30.0603 18.438C30.5037 18.1828 31.011 18.0549 31.5823 18.0549C32.8749 18.0549 33.751 18.585 34.2093 19.6445L32.9353 20.2199C32.6424 19.6332 32.1913 19.3403 31.5823 19.3403C31.1466 19.3403 30.7857 19.4981 30.5001 19.8136C30.2144 20.1297 30.0716 20.5427 30.0716 21.0537C30.0716 21.5651 30.2144 21.9787 30.5001 22.2942C30.7857 22.6097 31.1466 22.7675 31.5823 22.7675C32.1913 22.7675 32.6424 22.4747 32.9353 21.8884L34.2093 22.4633C33.751 23.5229 32.8749 24.0529 31.5823 24.0529C31.011 24.0529 30.5037 23.9251 30.0603 23.6693Z" fill="white"></path><path d="M38.727 20.3999C38.6744 20.0694 38.5223 19.7987 38.2707 19.5883C38.0186 19.3779 37.7015 19.2728 37.3179 19.2728C36.9946 19.2728 36.7048 19.3723 36.4496 19.5713C36.1939 19.7708 36.0175 20.0467 35.9196 20.3999H38.727ZM40.1588 21.5048H35.8633C35.9381 21.9333 36.115 22.2586 36.3934 22.4803C36.6713 22.702 37.0095 22.8129 37.4081 22.8129C37.7386 22.8129 38.015 22.7433 38.2367 22.6041C38.4584 22.4649 38.6708 22.253 38.874 21.9673L40.0573 22.6097C39.7716 23.0759 39.4092 23.4327 38.9693 23.6812C38.5295 23.9287 37.983 24.0529 37.3292 24.0529C36.7125 24.0529 36.1846 23.9086 35.7453 23.6188C35.3055 23.3295 34.9765 22.9557 34.7584 22.4968C34.5403 22.0385 34.4315 21.5574 34.4315 21.0537C34.4315 20.5504 34.546 20.0694 34.7754 19.611C35.0044 19.1526 35.3374 18.7783 35.7731 18.4891C36.2088 18.1998 36.7239 18.0549 37.3179 18.0549C37.9191 18.0549 38.4341 18.19 38.8626 18.4607C39.2911 18.7314 39.6139 19.0866 39.832 19.5264C40.0501 19.9657 40.1588 20.4339 40.1588 20.9299V21.5048Z" fill="white"></path><path d="M16.3879 25.558H17.7399L19.2454 29.4977L20.751 25.558H22.1029V31.8684H20.9309V28.0282L19.6873 31.2915H18.8035L17.5599 28.0282V31.8684H16.3879V25.558Z" fill="white"></path><path d="M25.4058 30.7146C25.6131 30.5341 25.7167 30.3119 25.7167 30.0474V29.9216H24.8335C24.5746 29.9216 24.3689 29.971 24.2158 30.07C24.0626 30.169 23.9858 30.3057 23.9858 30.48C23.9858 30.6424 24.0415 30.7671 24.1529 30.8543C24.2637 30.9414 24.4277 30.9847 24.6437 30.9847C24.9443 30.9847 25.1985 30.8945 25.4058 30.7146ZM23.6074 31.7782C23.3671 31.67 23.1748 31.5122 23.0304 31.3049C22.886 31.0976 22.8138 30.8496 22.8138 30.5609C22.8138 30.1046 22.9855 29.7364 23.3279 29.457C23.6703 29.1775 24.1333 29.0378 24.7159 29.0378H25.7167V28.8754C25.7167 28.6413 25.6357 28.4531 25.4733 28.3118C25.3109 28.1711 25.0918 28.1004 24.8154 28.1004C24.5927 28.1004 24.3916 28.1592 24.2111 28.2763C24.0312 28.3933 23.8956 28.5299 23.8059 28.6862L22.9494 28.1726C23.1113 27.8782 23.3516 27.6333 23.6703 27.4379C23.9889 27.2425 24.3705 27.145 24.8154 27.145C25.4522 27.145 25.9482 27.2982 26.3024 27.6044C26.6572 27.9112 26.8345 28.3526 26.8345 28.9295V31.8685H25.9152L25.7621 31.2735C25.6115 31.4776 25.4207 31.6401 25.1892 31.7602C24.9582 31.8803 24.686 31.9401 24.3735 31.9401C24.1029 31.9401 23.8476 31.8865 23.6074 31.7782Z" fill="white"></path><path d="M27.8214 30.3V28.1726H27.1182V27.2167H27.8214V26.4417L28.9393 25.7384V27.2167H30.1381V28.1726H28.9393V30.2458C28.9393 30.6903 29.1166 30.9125 29.4709 30.9125C29.6333 30.9125 29.7895 30.8496 29.9395 30.7233L30.4443 31.5797C30.2881 31.706 30.1169 31.7978 29.9308 31.855C29.7446 31.9117 29.5549 31.9401 29.3626 31.9401C28.3355 31.9401 27.8214 31.3936 27.8214 30.3Z" fill="white"></path><path d="M31.5487 31.6339C31.194 31.4297 30.9176 31.1456 30.7196 30.7821C30.5211 30.4186 30.4221 30.0056 30.4221 29.5426C30.4221 29.0801 30.5211 28.6666 30.7196 28.3031C30.9176 27.9396 31.194 27.6555 31.5487 27.4513C31.9034 27.2471 32.3087 27.145 32.7655 27.145C33.7993 27.145 34.4995 27.5683 34.8661 28.416L33.8473 28.8754C33.6132 28.4067 33.2528 28.1726 32.7655 28.1726C32.417 28.1726 32.1288 28.2989 31.9004 28.5511C31.6719 28.8037 31.558 29.1342 31.558 29.5426C31.558 29.9509 31.6719 30.282 31.9004 30.5341C32.1288 30.7867 32.417 30.9125 32.7655 30.9125C33.2528 30.9125 33.6132 30.6785 33.8473 30.2098L34.8661 30.6697C34.4995 31.5168 33.7993 31.9401 32.7655 31.9401C32.3087 31.9401 31.9034 31.8386 31.5487 31.6339Z" fill="white"></path><path d="M35.3998 25.4863H36.5176V27.9473C36.662 27.707 36.8615 27.5132 37.1167 27.3657C37.3725 27.2188 37.6592 27.145 37.9778 27.145C38.4702 27.145 38.8579 27.2909 39.1405 27.5823C39.423 27.8736 39.5643 28.2804 39.5643 28.8037V31.8685H38.4465V29.0285C38.4465 28.7522 38.3758 28.5408 38.2346 28.3933C38.0933 28.2458 37.8907 28.1726 37.6262 28.1726C37.3199 28.1726 37.0585 28.3093 36.8419 28.5825C36.6254 28.8558 36.5176 29.275 36.5176 29.8401V31.8685H35.3998V25.4863Z" fill="white"></path></svg><p class="styled__StyledBodyText-sc-119w3hf-5 ggtTyf styled__DarkGreyBodyText-jk5kya-0 iwRWTH">Aldi Price Match</p></div></div></div></div><div class="styles__StyledBuyBoxWrapper-dvv1wj-4 dSvjUC"><div class="styles__StyledBuyBoxContainer-sc-1wx0qp6-0 erryje" data-auto="buybox-container"><div class="styles__SafeFormWrapper-jtpu2t-0 lcrYKS"><form action="https://www.tesco.com/groceries/en-GB/trolley/items/299768716?_method=PUT" method="POST"><input type="submit" class="hidden"><input name="id" type="hidden" value="299768716"><input name="identifier" type="hidden" value="Page"><input name="anchorId" type="hidden" value="#tile-299768716"><input name="returnUrl" type="hidden" value="/groceries/en-GB/shop/food-cupboard/all?redirectIfUnavailable=true#tile-299768716"><input name="backToUrl" type="hidden" value="#"><input name="oldValue" type="hidden" value="0"><input name="oldUnitChoice" type="hidden" value="pcs"><input name="newUnitChoice" type="hidden" value="pcs"><div class="base-components__RootElement-sc-1mosoyj-1 styled__Container-sc-6nhkzi-0 jptQqM hSNpTb beans-buybox__container"><div class="base-components__BaseElement-sc-1mosoyj-0 styled__PriceAndActions-sc-6nhkzi-3 oznwo eEPLov beans-buybox__price-and-actions"><div class="base-components__RootElement-sc-1mosoyj-1 styled__Container-sc-8qlq5b-0 jptQqM bgZrjw styled__StyledPrice-sc-6nhkzi-5 iYHeik beans-buybox__price beans-price__container"><p class="styled__StyledHeading-sc-119w3hf-2 jWPEtj styled__Text-sc-8qlq5b-1 lnaeiZ beans-price__text">£0.32</p><p class="styled__StyledFootnote-sc-119w3hf-7 icrlVF styled__Subtext-sc-8qlq5b-2 bNJmdc beans-price__subtext">£0.80/kg</p></div><div class="base-components__RootElement-sc-1mosoyj-1 styled__Container-vtxwzb-0 jptQqM bDFhXJ beans-buybox__actions beans-quantity-controls__container"><div class="base-components__RootElement-sc-1mosoyj-1 styled__Container-sc-16t2b2a-0 jptQqM PUfgZ styled__StyledFormGroup-vtxwzb-1 kzKuAr beans-quantity-controls__form-group beans-form-group__container"><label class="styled__StyledLabel-sc-1ttuvhr-0 izGEjV beans-form-group__label beans-label" for="quantity-controls-299768716">Quantity controls </label><div class="base-components__BaseElement-sc-1mosoyj-0 styled__Children-sc-16t2b2a-3 oznwo gdJvjO beans-form-group__children"><div class="styled__StyledQuantityControlWrapper-vtxwzb-6 LCxOg"><label id="quantity-controls-299768716-label" class="styled__VisuallyHiddenLabel-vtxwzb-7 gXlLiM">Quantity of Grower's Harvest Chopped Tomatoes 400G</label><div class="component__Wrapper-sc-1kpmik-3 dReplG input-wrapper"><input class="base-components__RootElement-sc-1mosoyj-1 styled__StyledInput-sc-1jd5f57-0 component__StyledAsInput-sc-1kpmik-4 jptQqM eJLlow styled__StyledInput-vtxwzb-3 lwMHo beans-quantity-controls__input beans-input" data-auto="beans-quantity-controls-input" autocomplete="off" id="quantity-controls-299768716" maxlength="2" name="newValue" type="number" aria-labelledby="quantity-controls-299768716-label" value="1"></div></div><button class="styled__BaseButton-rsekm1-0 styled__PrimaryButton-rsekm1-2 jChbeY geeWOF styled__StyledButton-vtxwzb-5 japAxb beans-quantity-controls__add-button beans-button__container" type="submit" data-auto="beans-quantity-controls-add-button" aria-label="Quantity of Grower&#39;s Harvest Chopped Tomatoes 400G"><span class="base-components__BaseElement-sc-1mosoyj-0 styled__InnerContainer-rsekm1-1 oznwo fuFres beans-button__inner-container"><span class="base-components__BaseElement-sc-1mosoyj-0 styled__TextSpan-rsekm1-4 oznwo GDiMp beans-button__text">Add</span></span></button></div></div></div></div></div><input name="_csrf" type="hidden" value="92xA6FXg-W2XHhQLLDKqjWuqmpStG0svGR_s"></form></div></div></div></div><div class="hidden-medium product-info-section-small"><div class="product-info-message-list"><div class="styled__WhiteBackground-sc-9yzfq2-1 jthPIJ"><svg width="56" height="56" viewBox="0 0 56 56" fill="none" xmlns="http://www.w3.org/2000/svg"><path d="M52.1301 27.8766C52.1301 14.5534 41.3293 3.75308 28.0066 3.75308C14.6834 3.75308 3.88306 14.5534 3.88306 27.8766C3.88306 41.1998 14.6834 52.0002 28.0066 52.0002C41.3293 52.0002 52.1301 41.1998 52.1301 27.8766Z" fill="#EE1C2E"></path><path d="M19.6853 36.5687L31.8169 48.6998L52.6633 27.8998L51.9894 23.0423L31.886 43.1452L22.5438 33.803L19.6853 36.5687Z" fill="white"></path><path d="M24.2699 12.0048L23.5594 9.93467L22.8484 12.0048H24.2699ZM24.6345 13.0711H22.4844L21.9776 14.5375H20.7515L22.9815 8.31722H24.1369L26.3669 14.5375H25.1408L24.6345 13.0711Z" fill="white"></path><path d="M27.8359 14.5375H26.734V8.24609H27.8359V14.5375Z" fill="white"></path><path d="M31.5684 13.2309C31.7849 12.9886 31.8927 12.6597 31.8927 12.2446C31.8927 11.8306 31.7849 11.5016 31.5684 11.2588C31.3524 11.0159 31.0811 10.8942 30.7558 10.8942C30.4299 10.8942 30.1587 11.0159 29.9427 11.2588C29.7267 11.5016 29.6184 11.8306 29.6184 12.2446C29.6184 12.6597 29.7267 12.9886 29.9427 13.2309C30.1587 13.4738 30.4299 13.5955 30.7558 13.5955C31.0811 13.5955 31.3524 13.4738 31.5684 13.2309ZM29.4673 14.3065C29.159 14.1049 28.9177 13.8234 28.7429 13.4619C28.5681 13.101 28.481 12.6952 28.481 12.2446C28.481 11.7888 28.5655 11.3815 28.7341 11.0231C28.9032 10.6648 29.1384 10.3848 29.4405 10.1837C29.7426 9.98212 30.0891 9.88158 30.48 9.88158C30.7883 9.88158 31.0579 9.93624 31.2889 10.0455C31.5199 10.1554 31.6978 10.3106 31.8221 10.5122V8.24609H32.9239V14.5375H31.8221V13.9863C31.6916 14.1704 31.5137 14.3194 31.2889 14.4349C31.0636 14.5504 30.797 14.6086 30.4892 14.6086C30.1159 14.6086 29.7751 14.5076 29.4673 14.3065Z" fill="white"></path><path d="M34.9657 14.5375H33.8638V9.95224H34.9657V14.5375ZM33.9082 8.34408C34.0443 8.20796 34.2129 8.1399 34.4145 8.1399C34.6161 8.1399 34.7847 8.20796 34.9208 8.34408C35.0574 8.48071 35.1255 8.64931 35.1255 8.8504C35.1255 9.052 35.0574 9.22112 34.9208 9.35724C34.7847 9.49336 34.6161 9.56142 34.4145 9.56142C34.2129 9.56142 34.0443 9.49336 33.9082 9.35724C33.7715 9.22112 33.704 9.052 33.704 8.8504C33.704 8.64931 33.7715 8.48071 33.9082 8.34408Z" fill="white"></path><path d="M19.6791 19.3347C19.8894 19.1506 19.9946 18.8779 19.9946 18.5169C19.9946 18.1565 19.8894 17.8838 19.6791 17.6997C19.4682 17.5156 19.183 17.4233 18.8221 17.4233H17.5027V19.6111H18.8221C19.183 19.6111 19.4682 19.5188 19.6791 19.3347ZM17.5027 23.9628H16.0374V16.0704H18.9345C19.461 16.0704 19.9157 16.1776 20.2988 16.3921C20.6824 16.6061 20.9753 16.8995 21.1784 17.2712C21.3816 17.6435 21.4826 18.0586 21.4826 18.5169C21.4826 18.9758 21.3816 19.3909 21.1784 19.7632C20.9753 20.1354 20.6824 20.4283 20.2988 20.6423C19.9157 20.8568 19.461 20.9635 18.9345 20.9635H17.5027V23.9628Z" fill="white"></path><path d="M22.0396 18.1451H23.4379V19.0248C23.6029 18.7087 23.8359 18.4684 24.1365 18.3029C24.4376 18.1374 24.7717 18.0549 25.1404 18.0549C25.5235 18.0549 25.8241 18.1415 26.0422 18.3143L25.5689 19.4981C25.3729 19.3929 25.1662 19.3403 24.9486 19.3403C24.5124 19.3403 24.152 19.528 23.8663 19.9039C23.5802 20.2797 23.4379 20.8582 23.4379 21.6404V23.9627H22.0396V18.1451Z" fill="white"></path><path d="M27.8879 23.9627H26.4896V18.1451H27.8879V23.9627ZM26.5458 16.1044C26.7191 15.9316 26.933 15.845 27.1888 15.845C27.444 15.845 27.658 15.9316 27.8312 16.1044C28.0039 16.2771 28.0906 16.4916 28.0906 16.7468C28.0906 17.0026 28.0039 17.217 27.8312 17.3898C27.658 17.5625 27.444 17.6491 27.1888 17.6491C26.933 17.6491 26.7191 17.5625 26.5458 17.3898C26.3731 17.217 26.287 17.0026 26.287 16.7468C26.287 16.4916 26.3731 16.2771 26.5458 16.1044Z" fill="white"></path><path d="M30.0603 23.6693C29.6168 23.4141 29.2714 23.0588 29.0234 22.6041C28.7754 22.1493 28.6511 21.6327 28.6511 21.0537C28.6511 20.4752 28.7754 19.9585 29.0234 19.5038C29.2714 19.049 29.6168 18.6937 30.0603 18.438C30.5037 18.1828 31.011 18.0549 31.5823 18.0549C32.8749 18.0549 33.751 18.585 34.2093 19.6445L32.9353 20.2199C32.6424 19.6332 32.1913 19.3403 31.5823 19.3403C31.1466 19.3403 30.7857 19.4981 30.5001 19.8136C30.2144 20.1297 30.0716 20.5427 30.0716 21.0537C30.0716 21.5651 30.2144 21.9787 30.5001 22.2942C30.7857 22.6097 31.1466 22.7675 31.5823 22.7675C32.1913 22.7675 32.6424 22.4747 32.9353 21.8884L34.2093 22.4633C33.751 23.5229 32.8749 24.0529 31.5823 24.0529C31.011 24.0529 30.5037 23.9251 30.0603 23.6693Z" fill="white"></path><path d="M38.727 20.3999C38.6744 20.0694 38.5223 19.7987 38.2707 19.5883C38.0186 19.3779 37.7015 19.2728 37.3179 19.2728C36.9946 19.2728 36.7048 19.3723 36.4496 19.5713C36.1939 19.7708 36.0175 20.0467 35.9196 20.3999H38.727ZM40.1588 21.5048H35.8633C35.9381 21.9333 36.115 22.2586 36.3934 22.4803C36.6713 22.702 37.0095 22.8129 37.4081 22.8129C37.7386 22.8129 38.015 22.7433 38.2367 22.6041C38.4584 22.4649 38.6708 22.253 38.874 21.9673L40.0573 22.6097C39.7716 23.0759 39.4092 23.4327 38.9693 23.6812C38.5295 23.9287 37.983 24.0529 37.3292 24.0529C36.7125 24.0529 36.1846 23.9086 35.7453 23.6188C35.3055 23.3295 34.9765 22.9557 34.7584 22.4968C34.5403 22.0385 34.4315 21.5574 34.4315 21.0537C34.4315 20.5504 34.546 20.0694 34.7754 19.611C35.0044 19.1526 35.3374 18.7783 35.7731 18.4891C36.2088 18.1998 36.7239 18.0549 37.3179 18.0549C37.9191 18.0549 38.4341 18.19 38.8626 18.4607C39.2911 18.7314 39.6139 19.0866 39.832 19.5264C40.0501 19.9657 40.1588 20.4339 40.1588 20.9299V21.5048Z" fill="white"></path><path d="M16.3879 25.558H17.7399L19.2454 29.4977L20.751 25.558H22.1029V31.8684H20.9309V28.0282L19.6873 31.2915H18.8035L17.5599 28.0282V31.8684H16.3879V25.558Z" fill="white"></path><path d="M25.4058 30.7146C25.6131 30.5341 25.7167 30.3119 25.7167 30.0474V29.9216H24.8335C24.5746 29.9216 24.3689 29.971 24.2158 30.07C24.0626 30.169 23.9858 30.3057 23.9858 30.48C23.9858 30.6424 24.0415 30.7671 24.1529 30.8543C24.2637 30.9414 24.4277 30.9847 24.6437 30.9847C24.9443 30.9847 25.1985 30.8945 25.4058 30.7146ZM23.6074 31.7782C23.3671 31.67 23.1748 31.5122 23.0304 31.3049C22.886 31.0976 22.8138 30.8496 22.8138 30.5609C22.8138 30.1046 22.9855 29.7364 23.3279 29.457C23.6703 29.1775 24.1333 29.0378 24.7159 29.0378H25.7167V28.8754C25.7167 28.6413 25.6357 28.4531 25.4733 28.3118C25.3109 28.1711 25.0918 28.1004 24.8154 28.1004C24.5927 28.1004 24.3916 28.1592 24.2111 28.2763C24.0312 28.3933 23.8956 28.5299 23.8059 28.6862L22.9494 28.1726C23.1113 27.8782 23.3516 27.6333 23.6703 27.4379C23.9889 27.2425 24.3705 27.145 24.8154 27.145C25.4522 27.145 25.9482 27.2982 26.3024 27.6044C26.6572 27.9112 26.8345 28.3526 26.8345 28.9295V31.8685H25.9152L25.7621 31.2735C25.6115 31.4776 25.4207 31.6401 25.1892 31.7602C24.9582 31.8803 24.686 31.9401 24.3735 31.9401C24.1029 31.9401 23.8476 31.8865 23.6074 31.7782Z" fill="white"></path><path d="M27.8214 30.3V28.1726H27.1182V27.2167H27.8214V26.4417L28.9393 25.7384V27.2167H30.1381V28.1726H28.9393V30.2458C28.9393 30.6903 29.1166 30.9125 29.4709 30.9125C29.6333 30.9125 29.7895 30.8496 29.9395 30.7233L30.4443 31.5797C30.2881 31.706 30.1169 31.7978 29.9308 31.855C29.7446 31.9117 29.5549 31.9401 29.3626 31.9401C28.3355 31.9401 27.8214 31.3936 27.8214 30.3Z" fill="white"></path><path d="M31.5487 31.6339C31.194 31.4297 30.9176 31.1456 30.7196 30.7821C30.5211 30.4186 30.4221 30.0056 30.4221 29.5426C30.4221 29.0801 30.5211 28.6666 30.7196 28.3031C30.9176 27.9396 31.194 27.6555 31.5487 27.4513C31.9034 27.2471 32.3087 27.145 32.7655 27.145C33.7993 27.145 34.4995 27.5683 34.8661 28.416L33.8473 28.8754C33.6132 28.4067 33.2528 28.1726 32.7655 28.1726C32.417 28.1726 32.1288 28.2989 31.9004 28.5511C31.6719 28.8037 31.558 29.1342 31.558 29.5426C31.558 29.9509 31.6719 30.282 31.9004 30.5341C32.1288 30.7867 32.417 30.9125 32.7655 30.9125C33.2528 30.9125 33.6132 30.6785 33.8473 30.2098L34.8661 30.6697C34.4995 31.5168 33.7993 31.9401 32.7655 31.9401C32.3087 31.9401 31.9034 31.8386 31.5487 31.6339Z" fill="white"></path><path d="M35.3998 25.4863H36.5176V27.9473C36.662 27.707 36.8615 27.5132 37.1167 27.3657C37.3725 27.2188 37.6592 27.145 37.9778 27.145C38.4702 27.145 38.8579 27.2909 39.1405 27.5823C39.423 27.8736 39.5643 28.2804 39.5643 28.8037V31.8685H38.4465V29.0285C38.4465 28.7522 38.3758 28.5408 38.2346 28.3933C38.0933 28.2458 37.8907 28.1726 37.6262 28.1726C37.3199 28.1726 37.0585 28.3093 36.8419 28.5825C36.6254 28.8558 36.5176 29.275 36.5176 29.8401V31.8685H35.3998V25.4863Z" fill="white"></path></svg><p class="styled__StyledBodyText-sc-119w3hf-5 ggtTyf styled__DarkGreyBodyText-jk5kya-0 iwRWTH">Aldi Price Match</p></div></div></div></div></div></div></div></li><li class="product-list--list-item"><div class="styles__StyledVerticalTileWrapper-dvv1wj-0 dtCNPH"><div data-auto="product-tile" data-auto-type="Quantity" data-auto-available="true" data-auto-is-restricted-disabled="false" data-auto-is-substitute="false" class="styles__StyledVerticalTile-dvv1wj-1 gSCsYK"><div class="styles__StyledTileContentWrapper-dvv1wj-2 bkNhNP beans"><div id="tile-309203408" data-auto-id="309203408" class="styles__StyledTiledContent-dvv1wj-3 bcglTg"><a href="https://www.tesco.com/groceries/en-GB/products/309203408" aria-hidden="true" class="product-image-wrapper" tabindex="1"><div class="product-image__container"><picture><img class="styled__Image-sjvkdn-0 bJErKA product-image beans-responsive-image__image" src="data:image/gif;base64,R0lGODlhAQABAAAAACH5BAEKAAEALAAAAAABAAEAAAICTAEAOw==" srcset="https://digitalcontent.api.tesco.com/v2/media/ghs/fb1fea85-704e-4ffc-b7d1-1e7bc60cfd68/ea7b0aa6-3f39-46ff-9c7c-eb026ff50b46_235679258.jpeg?h=225&amp;w=225 768w, data:image/gif;base64,R0lGODlhAQABAAAAACH5BAEKAAEALAAAAAABAAEAAAICTAEAOw== 4000w" alt="Tesco Reduced Sugar And Salt Baked Beans In Tomato Sauce 420G"></picture></div></a><div class="product-details--wrapper"><h3 class="styles__H3-oa5soe-0 bCKNNq"><a href="https://www.tesco.com/groceries/en-GB/products/309203408" class="styled__Anchor-sc-1xbujuz-0 csVOnh beans-link__anchor" data-auto="product-tile--title"><span class="styled__Text-sc-1xbujuz-1 ldbwMG beans-link__text">Tesco Reduced Sugar And Salt Baked Beans In Tomato Sauce 420G</span></a></h3><div class="styles__StyledProductDetailsContent-dvv1wj-5 ddRSrq"><a href="https://www.tesco.com/groceries/en-GB/reviews/submission/309203408?from=%2Fshop%2Ffood-cupboard%2Fall" aria-label="Write a review for Tesco Reduced Sugar And Salt Baked Beans In Tomato Sauce 420G" class="styled__Anchor-sc-1xbujuz-0 jSzuDt write-a-review-link beans-link__anchor" data-auto="review-link"><span class="styled__Text-sc-1xbujuz-1 fyDIEo beans-link__text">Write a review</span><span class="styled__IconContainer-sc-1xbujuz-2 bSauSL beans-link__icon-container"><svg aria-hidden="true" class="styled__SVG-xxa4wh-1 hQMCqc beans-link__icon beans-icon__svg" height="13.33" preserveAspectRatio="xMinYMax meet" viewBox="-1 0 12 20" width="8" xmlns="http://www.w3.org/2000/svg" color="currentColor"><path d="M1.312 1.348L10.276 10l-8.964 8.644" fill="none" stroke="currentColor"></path></svg></span></a><div><a href="https://www.tesco.com/groceries/en-GB/shop/food-cupboard/tins-cans-and-packets/baked-beans/tinned-baked-beans" class="styled__Anchor-sc-1xbujuz-0 jSzuDt rest-of-shelf-link beans-link__anchor" data-auto="rest-of-shelf-link"><span class="styled__Text-sc-1xbujuz-1 fyDIEo beans-link__text">Rest of <span class="visually-hidden">Tinned Baked Beans</span> shelf</span><span class="styled__IconContainer-sc-1xbujuz-2 bSauSL beans-link__icon-container"><svg aria-hidden="true" class="styled__SVG-xxa4wh-1 hQMCqc beans-link__icon beans-icon__svg" height="13.33" preserveAspectRatio="xMinYMax meet" viewBox="-1 0 12 20" width="8" xmlns="http://www.w3.org/2000/svg" color="currentColor"><path d="M1.312 1.348L10.276 10l-8.964 8.644" fill="none" stroke="currentColor"></path></svg></span></a></div><div class="product-info-message-section"><div class="product-info-message-list"></div></div></div><div class="styles__StyledPromotionsWithBuyBoxWrapper-dvv1wj-8 cZskDh"><div class="styles__StyledPromotionsAboveMobile-dvv1wj-7 iPTMuo"><div class="styles__StyledPromotionsWithClubcardPriceContainer-sc-1vdpoop-0 bsPFbn"><div class="styles__StyledClubcardLogo-sc-1vdpoop-2 elOZEB"><div class="styles__Wrapper-sc-1d2phhy-0 hgBuQG undefined special-offer-sash"><span class="styles__CircleWrapper-sc-1d2phhy-2 hCbzjm"><strong class="styles__TextWrapper-sc-1d2phhy-1 bLXNGg">Clubcard Price</strong></span></div></div><a href="https://www.tesco.com/groceries/en-GB/promotions/88576615"><div class="styles__ProductPromotionStyling-sc-1vdpoop-3 WGKAK"><div class="styles__StyledPromotionsOfferContent-sc-1vdpoop-1 cPSekc"><span class="offer-text">Any 4 for £1.30 Clubcard Price - Tesco Baked Beans In Tomato Sauce 420g</span></div><span class="dates">Offer valid for delivery from 26/10/2022 until 06/12/2022</span></div></a></div></div><div class="styles__StyledBuyBoxWrapper-dvv1wj-4 dSvjUC"><div class="styles__StyledBuyBoxContainer-sc-1wx0qp6-0 erryje" data-auto="buybox-container"><div class="styles__SafeFormWrapper-jtpu2t-0 lcrYKS"><form action="https://www.tesco.com/groceries/en-GB/trolley/items/309203408?_method=PUT" method="POST"><input type="submit" class="hidden"><input name="id" type="hidden" value="309203408"><input name="identifier" type="hidden" value="Page"><input name="anchorId" type="hidden" value="#tile-309203408"><input name="returnUrl" type="hidden" value="/groceries/en-GB/shop/food-cupboard/all?redirectIfUnavailable=true#tile-309203408"><input name="backToUrl" type="hidden" value="#"><input name="oldValue" type="hidden" value="0"><input name="oldUnitChoice" type="hidden" value="pcs"><input name="newUnitChoice" type="hidden" value="pcs"><div class="base-components__RootElement-sc-1mosoyj-1 styled__Container-sc-6nhkzi-0 jptQqM hSNpTb beans-buybox__container"><div class="base-components__BaseElement-sc-1mosoyj-0 styled__PriceAndActions-sc-6nhkzi-3 oznwo eEPLov beans-buybox__price-and-actions"><div class="base-components__RootElement-sc-1mosoyj-1 styled__Container-sc-8qlq5b-0 jptQqM bgZrjw styled__StyledPrice-sc-6nhkzi-5 iYHeik beans-buybox__price beans-price__container"><p class="styled__StyledHeading-sc-119w3hf-2 jWPEtj styled__Text-sc-8qlq5b-1 lnaeiZ beans-price__text">£0.45</p><p class="styled__StyledFootnote-sc-119w3hf-7 icrlVF styled__Subtext-sc-8qlq5b-2 bNJmdc beans-price__subtext">£1.08/kg</p></div><div class="base-components__RootElement-sc-1mosoyj-1 styled__Container-vtxwzb-0 jptQqM bDFhXJ beans-buybox__actions beans-quantity-controls__container"><div class="base-components__RootElement-sc-1mosoyj-1 styled__Container-sc-16t2b2a-0 jptQqM PUfgZ styled__StyledFormGroup-vtxwzb-1 kzKuAr beans-quantity-controls__form-group beans-form-group__container"><label class="styled__StyledLabel-sc-1ttuvhr-0 izGEjV beans-form-group__label beans-label" for="quantity-controls-309203408">Quantity controls </label><div class="base-components__BaseElement-sc-1mosoyj-0 styled__Children-sc-16t2b2a-3 oznwo gdJvjO beans-form-group__children"><div class="styled__StyledQuantityControlWrapper-vtxwzb-6 LCxOg"><label id="quantity-controls-309203408-label" class="styled__VisuallyHiddenLabel-vtxwzb-7 gXlLiM">Quantity of Tesco Reduced Sugar And Salt Baked Beans In Tomato Sauce 420G</label><div class="component__Wrapper-sc-1kpmik-3 dReplG input-wrapper"><input class="base-components__RootElement-sc-1mosoyj-1 styled__StyledInput-sc-1jd5f57-0 component__StyledAsInput-sc-1kpmik-4 jptQqM eJLlow styled__StyledInput-vtxwzb-3 lwMHo beans-quantity-controls__input beans-input" data-auto="beans-quantity-controls-input" autocomplete="off" id="quantity-controls-309203408" maxlength="2" name="newValue" type="number" aria-labelledby="quantity-controls-309203408-label" value="1"></div></div><button class="styled__BaseButton-rsekm1-0 styled__PrimaryButton-rsekm1-2 jChbeY geeWOF styled__StyledButton-vtxwzb-5 japAxb beans-quantity-controls__add-button beans-button__container" type="submit" data-auto="beans-quantity-controls-add-button" aria-label="Quantity of Tesco Reduced Sugar And Salt Baked Beans In Tomato Sauce 420G"><span class="base-components__BaseElement-sc-1mosoyj-0 styled__InnerContainer-rsekm1-1 oznwo fuFres beans-button__inner-container"><span class="base-components__BaseElement-sc-1mosoyj-0 styled__TextSpan-rsekm1-4 oznwo GDiMp beans-button__text">Add</span></span></button></div></div></div></div></div><input name="_csrf" type="hidden" value="92xA6FXg-W2XHhQLLDKqjWuqmpStG0svGR_s"></form></div></div></div></div></div><div class="hidden-medium product-info-section-small"><div class="product-info-message-list"></div></div></div><div class="styles__StyledPromotionsMobile-dvv1wj-6 Bxaeb"><div><div class="styles__StyledPromotionsWithClubcardPriceContainer-sc-1vdpoop-0 bsPFbn"><div class="styles__StyledClubcardLogo-sc-1vdpoop-2 elOZEB"><div class="styles__Wrapper-sc-1d2phhy-0 hgBuQG undefined special-offer-sash"><span class="styles__CircleWrapper-sc-1d2phhy-2 hCbzjm"><strong class="styles__TextWrapper-sc-1d2phhy-1 bLXNGg">Clubcard Price</strong></span></div></div><a href="https://www.tesco.com/groceries/en-GB/promotions/88576615"><div class="styles__ProductPromotionStyling-sc-1vdpoop-3 WGKAK"><div class="styles__StyledPromotionsOfferContent-sc-1vdpoop-1 cPSekc"><span class="offer-text">Any 4 for £1.30 Clubcard Price - Tesco Baked Beans In Tomato Sauce 420g</span></div><span class="dates">Offer valid for delivery from 26/10/2022 until 06/12/2022</span></div></a></div></div></div></div></div></div></li><li class="product-list--list-item"><div class="styles__StyledVerticalTileWrapper-dvv1wj-0 dtCNPH"><div data-auto="product-tile" data-auto-type="Quantity" data-auto-available="true" data-auto-is-restricted-disabled="false" data-auto-is-substitute="false" class="styles__StyledVerticalTile-dvv1wj-1 gSCsYK"><div class="styles__StyledTileContentWrapper-dvv1wj-2 bkNhNP beans"><div id="tile-297844134" data-auto-id="297844134" class="styles__StyledTiledContent-dvv1wj-3 bcglTg"><a href="https://www.tesco.com/groceries/en-GB/products/297844134" aria-hidden="true" class="product-image-wrapper" tabindex="1"><div class="product-image__container"><picture><img class="styled__Image-sjvkdn-0 bJErKA product-image beans-responsive-image__image" src="data:image/gif;base64,R0lGODlhAQABAAAAACH5BAEKAAEALAAAAAABAAEAAAICTAEAOw==" srcset="https://digitalcontent.api.tesco.com/v2/media/ghs/0021228a-cda2-4239-a591-aa8985b2ead8/0730a509-b569-4057-a8cf-c563ba0e31b8_135498198.jpeg?h=225&amp;w=225 768w, data:image/gif;base64,R0lGODlhAQABAAAAACH5BAEKAAEALAAAAAABAAEAAAICTAEAOw== 4000w" alt="Hearty Food Co. Spaghetti Pasta 500G"></picture></div></a><div class="product-details--wrapper"><h3 class="styles__H3-oa5soe-0 bCKNNq"><a href="https://www.tesco.com/groceries/en-GB/products/297844134" class="styled__Anchor-sc-1xbujuz-0 csVOnh beans-link__anchor" data-auto="product-tile--title"><span class="styled__Text-sc-1xbujuz-1 ldbwMG beans-link__text">Hearty Food Co. Spaghetti Pasta 500G</span></a></h3><div class="styles__StyledPromotionsAboveMobile-dvv1wj-7 iPTMuo"></div><div class="styles__StyledProductDetailsContent-dvv1wj-5 ddRSrq"><a href="https://www.tesco.com/groceries/en-GB/reviews/submission/297844134?from=%2Fshop%2Ffood-cupboard%2Fall" aria-label="Write a review for Hearty Food Co. Spaghetti Pasta 500G" class="styled__Anchor-sc-1xbujuz-0 jSzuDt write-a-review-link beans-link__anchor" data-auto="review-link"><span class="styled__Text-sc-1xbujuz-1 fyDIEo beans-link__text">Write a review</span><span class="styled__IconContainer-sc-1xbujuz-2 bSauSL beans-link__icon-container"><svg aria-hidden="true" class="styled__SVG-xxa4wh-1 hQMCqc beans-link__icon beans-icon__svg" height="13.33" preserveAspectRatio="xMinYMax meet" viewBox="-1 0 12 20" width="8" xmlns="http://www.w3.org/2000/svg" color="currentColor"><path d="M1.312 1.348L10.276 10l-8.964 8.644" fill="none" stroke="currentColor"></path></svg></span></a><div><a href="https://www.tesco.com/groceries/en-GB/shop/food-cupboard/dried-pasta-rice-noodles-and-cous-cous/pasta-and-spaghetti/pasta-spaghetti-linguine-and-tagliatelle" class="styled__Anchor-sc-1xbujuz-0 jSzuDt rest-of-shelf-link beans-link__anchor" data-auto="rest-of-shelf-link"><span class="styled__Text-sc-1xbujuz-1 fyDIEo beans-link__text">Rest of <span class="visually-hidden">Pasta - Spaghetti, Linguine &amp; Tagliatelle</span> shelf</span><span class="styled__IconContainer-sc-1xbujuz-2 bSauSL beans-link__icon-container"><svg aria-hidden="true" class="styled__SVG-xxa4wh-1 hQMCqc beans-link__icon beans-icon__svg" height="13.33" preserveAspectRatio="xMinYMax meet" viewBox="-1 0 12 20" width="8" xmlns="http://www.w3.org/2000/svg" color="currentColor"><path d="M1.312 1.348L10.276 10l-8.964 8.644" fill="none" stroke="currentColor"></path></svg></span></a></div><div class="product-info-message-section"><div class="product-info-message-list"><div class="styled__WhiteBackground-sc-9yzfq2-1 jthPIJ"><svg width="56" height="56" viewBox="0 0 56 56" fill="none" xmlns="http://www.w3.org/2000/svg"><path d="M52.1301 27.8766C52.1301 14.5534 41.3293 3.75308 28.0066 3.75308C14.6834 3.75308 3.88306 14.5534 3.88306 27.8766C3.88306 41.1998 14.6834 52.0002 28.0066 52.0002C41.3293 52.0002 52.1301 41.1998 52.1301 27.8766Z" fill="#EE1C2E"></path><path d="M19.6853 36.5687L31.8169 48.6998L52.6633 27.8998L51.9894 23.0423L31.886 43.1452L22.5438 33.803L19.6853 36.5687Z" fill="white"></path><path d="M24.2699 12.0048L23.5594 9.93467L22.8484 12.0048H24.2699ZM24.6345 13.0711H22.4844L21.9776 14.5375H20.7515L22.9815 8.31722H24.1369L26.3669 14.5375H25.1408L24.6345 13.0711Z" fill="white"></path><path d="M27.8359 14.5375H26.734V8.24609H27.8359V14.5375Z" fill="white"></path><path d="M31.5684 13.2309C31.7849 12.9886 31.8927 12.6597 31.8927 12.2446C31.8927 11.8306 31.7849 11.5016 31.5684 11.2588C31.3524 11.0159 31.0811 10.8942 30.7558 10.8942C30.4299 10.8942 30.1587 11.0159 29.9427 11.2588C29.7267 11.5016 29.6184 11.8306 29.6184 12.2446C29.6184 12.6597 29.7267 12.9886 29.9427 13.2309C30.1587 13.4738 30.4299 13.5955 30.7558 13.5955C31.0811 13.5955 31.3524 13.4738 31.5684 13.2309ZM29.4673 14.3065C29.159 14.1049 28.9177 13.8234 28.7429 13.4619C28.5681 13.101 28.481 12.6952 28.481 12.2446C28.481 11.7888 28.5655 11.3815 28.7341 11.0231C28.9032 10.6648 29.1384 10.3848 29.4405 10.1837C29.7426 9.98212 30.0891 9.88158 30.48 9.88158C30.7883 9.88158 31.0579 9.93624 31.2889 10.0455C31.5199 10.1554 31.6978 10.3106 31.8221 10.5122V8.24609H32.9239V14.5375H31.8221V13.9863C31.6916 14.1704 31.5137 14.3194 31.2889 14.4349C31.0636 14.5504 30.797 14.6086 30.4892 14.6086C30.1159 14.6086 29.7751 14.5076 29.4673 14.3065Z" fill="white"></path><path d="M34.9657 14.5375H33.8638V9.95224H34.9657V14.5375ZM33.9082 8.34408C34.0443 8.20796 34.2129 8.1399 34.4145 8.1399C34.6161 8.1399 34.7847 8.20796 34.9208 8.34408C35.0574 8.48071 35.1255 8.64931 35.1255 8.8504C35.1255 9.052 35.0574 9.22112 34.9208 9.35724C34.7847 9.49336 34.6161 9.56142 34.4145 9.56142C34.2129 9.56142 34.0443 9.49336 33.9082 9.35724C33.7715 9.22112 33.704 9.052 33.704 8.8504C33.704 8.64931 33.7715 8.48071 33.9082 8.34408Z" fill="white"></path><path d="M19.6791 19.3347C19.8894 19.1506 19.9946 18.8779 19.9946 18.5169C19.9946 18.1565 19.8894 17.8838 19.6791 17.6997C19.4682 17.5156 19.183 17.4233 18.8221 17.4233H17.5027V19.6111H18.8221C19.183 19.6111 19.4682 19.5188 19.6791 19.3347ZM17.5027 23.9628H16.0374V16.0704H18.9345C19.461 16.0704 19.9157 16.1776 20.2988 16.3921C20.6824 16.6061 20.9753 16.8995 21.1784 17.2712C21.3816 17.6435 21.4826 18.0586 21.4826 18.5169C21.4826 18.9758 21.3816 19.3909 21.1784 19.7632C20.9753 20.1354 20.6824 20.4283 20.2988 20.6423C19.9157 20.8568 19.461 20.9635 18.9345 20.9635H17.5027V23.9628Z" fill="white"></path><path d="M22.0396 18.1451H23.4379V19.0248C23.6029 18.7087 23.8359 18.4684 24.1365 18.3029C24.4376 18.1374 24.7717 18.0549 25.1404 18.0549C25.5235 18.0549 25.8241 18.1415 26.0422 18.3143L25.5689 19.4981C25.3729 19.3929 25.1662 19.3403 24.9486 19.3403C24.5124 19.3403 24.152 19.528 23.8663 19.9039C23.5802 20.2797 23.4379 20.8582 23.4379 21.6404V23.9627H22.0396V18.1451Z" fill="white"></path><path d="M27.8879 23.9627H26.4896V18.1451H27.8879V23.9627ZM26.5458 16.1044C26.7191 15.9316 26.933 15.845 27.1888 15.845C27.444 15.845 27.658 15.9316 27.8312 16.1044C28.0039 16.2771 28.0906 16.4916 28.0906 16.7468C28.0906 17.0026 28.0039 17.217 27.8312 17.3898C27.658 17.5625 27.444 17.6491 27.1888 17.6491C26.933 17.6491 26.7191 17.5625 26.5458 17.3898C26.3731 17.217 26.287 17.0026 26.287 16.7468C26.287 16.4916 26.3731 16.2771 26.5458 16.1044Z" fill="white"></path><path d="M30.0603 23.6693C29.6168 23.4141 29.2714 23.0588 29.0234 22.6041C28.7754 22.1493 28.6511 21.6327 28.6511 21.0537C28.6511 20.4752 28.7754 19.9585 29.0234 19.5038C29.2714 19.049 29.6168 18.6937 30.0603 18.438C30.5037 18.1828 31.011 18.0549 31.5823 18.0549C32.8749 18.0549 33.751 18.585 34.2093 19.6445L32.9353 20.2199C32.6424 19.6332 32.1913 19.3403 31.5823 19.3403C31.1466 19.3403 30.7857 19.4981 30.5001 19.8136C30.2144 20.1297 30.0716 20.5427 30.0716 21.0537C30.0716 21.5651 30.2144 21.9787 30.5001 22.2942C30.7857 22.6097 31.1466 22.7675 31.5823 22.7675C32.1913 22.7675 32.6424 22.4747 32.9353 21.8884L34.2093 22.4633C33.751 23.5229 32.8749 24.0529 31.5823 24.0529C31.011 24.0529 30.5037 23.9251 30.0603 23.6693Z" fill="white"></path><path d="M38.727 20.3999C38.6744 20.0694 38.5223 19.7987 38.2707 19.5883C38.0186 19.3779 37.7015 19.2728 37.3179 19.2728C36.9946 19.2728 36.7048 19.3723 36.4496 19.5713C36.1939 19.7708 36.0175 20.0467 35.9196 20.3999H38.727ZM40.1588 21.5048H35.8633C35.9381 21.9333 36.115 22.2586 36.3934 22.4803C36.6713 22.702 37.0095 22.8129 37.4081 22.8129C37.7386 22.8129 38.015 22.7433 38.2367 22.6041C38.4584 22.4649 38.6708 22.253 38.874 21.9673L40.0573 22.6097C39.7716 23.0759 39.4092 23.4327 38.9693 23.6812C38.5295 23.9287 37.983 24.0529 37.3292 24.0529C36.7125 24.0529 36.1846 23.9086 35.7453 23.6188C35.3055 23.3295 34.9765 22.9557 34.7584 22.4968C34.5403 22.0385 34.4315 21.5574 34.4315 21.0537C34.4315 20.5504 34.546 20.0694 34.7754 19.611C35.0044 19.1526 35.3374 18.7783 35.7731 18.4891C36.2088 18.1998 36.7239 18.0549 37.3179 18.0549C37.9191 18.0549 38.4341 18.19 38.8626 18.4607C39.2911 18.7314 39.6139 19.0866 39.832 19.5264C40.0501 19.9657 40.1588 20.4339 40.1588 20.9299V21.5048Z" fill="white"></path><path d="M16.3879 25.558H17.7399L19.2454 29.4977L20.751 25.558H22.1029V31.8684H20.9309V28.0282L19.6873 31.2915H18.8035L17.5599 28.0282V31.8684H16.3879V25.558Z" fill="white"></path><path d="M25.4058 30.7146C25.6131 30.5341 25.7167 30.3119 25.7167 30.0474V29.9216H24.8335C24.5746 29.9216 24.3689 29.971 24.2158 30.07C24.0626 30.169 23.9858 30.3057 23.9858 30.48C23.9858 30.6424 24.0415 30.7671 24.1529 30.8543C24.2637 30.9414 24.4277 30.9847 24.6437 30.9847C24.9443 30.9847 25.1985 30.8945 25.4058 30.7146ZM23.6074 31.7782C23.3671 31.67 23.1748 31.5122 23.0304 31.3049C22.886 31.0976 22.8138 30.8496 22.8138 30.5609C22.8138 30.1046 22.9855 29.7364 23.3279 29.457C23.6703 29.1775 24.1333 29.0378 24.7159 29.0378H25.7167V28.8754C25.7167 28.6413 25.6357 28.4531 25.4733 28.3118C25.3109 28.1711 25.0918 28.1004 24.8154 28.1004C24.5927 28.1004 24.3916 28.1592 24.2111 28.2763C24.0312 28.3933 23.8956 28.5299 23.8059 28.6862L22.9494 28.1726C23.1113 27.8782 23.3516 27.6333 23.6703 27.4379C23.9889 27.2425 24.3705 27.145 24.8154 27.145C25.4522 27.145 25.9482 27.2982 26.3024 27.6044C26.6572 27.9112 26.8345 28.3526 26.8345 28.9295V31.8685H25.9152L25.7621 31.2735C25.6115 31.4776 25.4207 31.6401 25.1892 31.7602C24.9582 31.8803 24.686 31.9401 24.3735 31.9401C24.1029 31.9401 23.8476 31.8865 23.6074 31.7782Z" fill="white"></path><path d="M27.8214 30.3V28.1726H27.1182V27.2167H27.8214V26.4417L28.9393 25.7384V27.2167H30.1381V28.1726H28.9393V30.2458C28.9393 30.6903 29.1166 30.9125 29.4709 30.9125C29.6333 30.9125 29.7895 30.8496 29.9395 30.7233L30.4443 31.5797C30.2881 31.706 30.1169 31.7978 29.9308 31.855C29.7446 31.9117 29.5549 31.9401 29.3626 31.9401C28.3355 31.9401 27.8214 31.3936 27.8214 30.3Z" fill="white"></path><path d="M31.5487 31.6339C31.194 31.4297 30.9176 31.1456 30.7196 30.7821C30.5211 30.4186 30.4221 30.0056 30.4221 29.5426C30.4221 29.0801 30.5211 28.6666 30.7196 28.3031C30.9176 27.9396 31.194 27.6555 31.5487 27.4513C31.9034 27.2471 32.3087 27.145 32.7655 27.145C33.7993 27.145 34.4995 27.5683 34.8661 28.416L33.8473 28.8754C33.6132 28.4067 33.2528 28.1726 32.7655 28.1726C32.417 28.1726 32.1288 28.2989 31.9004 28.5511C31.6719 28.8037 31.558 29.1342 31.558 29.5426C31.558 29.9509 31.6719 30.282 31.9004 30.5341C32.1288 30.7867 32.417 30.9125 32.7655 30.9125C33.2528 30.9125 33.6132 30.6785 33.8473 30.2098L34.8661 30.6697C34.4995 31.5168 33.7993 31.9401 32.7655 31.9401C32.3087 31.9401 31.9034 31.8386 31.5487 31.6339Z" fill="white"></path><path d="M35.3998 25.4863H36.5176V27.9473C36.662 27.707 36.8615 27.5132 37.1167 27.3657C37.3725 27.2188 37.6592 27.145 37.9778 27.145C38.4702 27.145 38.8579 27.2909 39.1405 27.5823C39.423 27.8736 39.5643 28.2804 39.5643 28.8037V31.8685H38.4465V29.0285C38.4465 28.7522 38.3758 28.5408 38.2346 28.3933C38.0933 28.2458 37.8907 28.1726 37.6262 28.1726C37.3199 28.1726 37.0585 28.3093 36.8419 28.5825C36.6254 28.8558 36.5176 29.275 36.5176 29.8401V31.8685H35.3998V25.4863Z" fill="white"></path></svg><p class="styled__StyledBodyText-sc-119w3hf-5 ggtTyf styled__DarkGreyBodyText-jk5kya-0 iwRWTH">Aldi Price Match</p></div></div></div></div><div class="styles__StyledBuyBoxWrapper-dvv1wj-4 dSvjUC"><div class="styles__StyledBuyBoxContainer-sc-1wx0qp6-0 erryje" data-auto="buybox-container"><div class="styles__SafeFormWrapper-jtpu2t-0 lcrYKS"><form action="https://www.tesco.com/groceries/en-GB/trolley/items/297844134?_method=PUT" method="POST"><input type="submit" class="hidden"><input name="id" type="hidden" value="297844134"><input name="identifier" type="hidden" value="Page"><input name="anchorId" type="hidden" value="#tile-297844134"><input name="returnUrl" type="hidden" value="/groceries/en-GB/shop/food-cupboard/all?redirectIfUnavailable=true#tile-297844134"><input name="backToUrl" type="hidden" value="#"><input name="oldValue" type="hidden" value="0"><input name="oldUnitChoice" type="hidden" value="pcs"><input name="newUnitChoice" type="hidden" value="pcs"><div class="base-components__RootElement-sc-1mosoyj-1 styled__Container-sc-6nhkzi-0 jptQqM hSNpTb beans-buybox__container"><div class="base-components__BaseElement-sc-1mosoyj-0 styled__PriceAndActions-sc-6nhkzi-3 oznwo eEPLov beans-buybox__price-and-actions"><div class="base-components__RootElement-sc-1mosoyj-1 styled__Container-sc-8qlq5b-0 jptQqM bgZrjw styled__StyledPrice-sc-6nhkzi-5 iYHeik beans-buybox__price beans-price__container"><p class="styled__StyledHeading-sc-119w3hf-2 jWPEtj styled__Text-sc-8qlq5b-1 lnaeiZ beans-price__text">£0.28</p><p class="styled__StyledFootnote-sc-119w3hf-7 icrlVF styled__Subtext-sc-8qlq5b-2 bNJmdc beans-price__subtext">£0.56/kg</p></div><div class="base-components__RootElement-sc-1mosoyj-1 styled__Container-vtxwzb-0 jptQqM bDFhXJ beans-buybox__actions beans-quantity-controls__container"><div class="base-components__RootElement-sc-1mosoyj-1 styled__Container-sc-16t2b2a-0 jptQqM PUfgZ styled__StyledFormGroup-vtxwzb-1 kzKuAr beans-quantity-controls__form-group beans-form-group__container"><label class="styled__StyledLabel-sc-1ttuvhr-0 izGEjV beans-form-group__label beans-label" for="quantity-controls-297844134">Quantity controls </label><div class="base-components__BaseElement-sc-1mosoyj-0 styled__Children-sc-16t2b2a-3 oznwo gdJvjO beans-form-group__children"><div class="styled__StyledQuantityControlWrapper-vtxwzb-6 LCxOg"><label id="quantity-controls-297844134-label" class="styled__VisuallyHiddenLabel-vtxwzb-7 gXlLiM">Quantity of Hearty Food Co. Spaghetti Pasta 500G</label><div class="component__Wrapper-sc-1kpmik-3 dReplG input-wrapper"><input class="base-components__RootElement-sc-1mosoyj-1 styled__StyledInput-sc-1jd5f57-0 component__StyledAsInput-sc-1kpmik-4 jptQqM eJLlow styled__StyledInput-vtxwzb-3 lwMHo beans-quantity-controls__input beans-input" data-auto="beans-quantity-controls-input" autocomplete="off" id="quantity-controls-297844134" maxlength="2" name="newValue" type="number" aria-labelledby="quantity-controls-297844134-label" value="1"></div></div><button class="styled__BaseButton-rsekm1-0 styled__PrimaryButton-rsekm1-2 jChbeY geeWOF styled__StyledButton-vtxwzb-5 japAxb beans-quantity-controls__add-button beans-button__container" type="submit" data-auto="beans-quantity-controls-add-button" aria-label="Quantity of Hearty Food Co. Spaghetti Pasta 500G"><span class="base-components__BaseElement-sc-1mosoyj-0 styled__InnerContainer-rsekm1-1 oznwo fuFres beans-button__inner-container"><span class="base-components__BaseElement-sc-1mosoyj-0 styled__TextSpan-rsekm1-4 oznwo GDiMp beans-button__text">Add</span></span></button></div></div></div></div></div><input name="_csrf" type="hidden" value="92xA6FXg-W2XHhQLLDKqjWuqmpStG0svGR_s"></form></div></div></div></div><div class="hidden-medium product-info-section-small"><div class="product-info-message-list"><div class="styled__WhiteBackground-sc-9yzfq2-1 jthPIJ"><svg width="56" height="56" viewBox="0 0 56 56" fill="none" xmlns="http://www.w3.org/2000/svg"><path d="M52.1301 27.8766C52.1301 14.5534 41.3293 3.75308 28.0066 3.75308C14.6834 3.75308 3.88306 14.5534 3.88306 27.8766C3.88306 41.1998 14.6834 52.0002 28.0066 52.0002C41.3293 52.0002 52.1301 41.1998 52.1301 27.8766Z" fill="#EE1C2E"></path><path d="M19.6853 36.5687L31.8169 48.6998L52.6633 27.8998L51.9894 23.0423L31.886 43.1452L22.5438 33.803L19.6853 36.5687Z" fill="white"></path><path d="M24.2699 12.0048L23.5594 9.93467L22.8484 12.0048H24.2699ZM24.6345 13.0711H22.4844L21.9776 14.5375H20.7515L22.9815 8.31722H24.1369L26.3669 14.5375H25.1408L24.6345 13.0711Z" fill="white"></path><path d="M27.8359 14.5375H26.734V8.24609H27.8359V14.5375Z" fill="white"></path><path d="M31.5684 13.2309C31.7849 12.9886 31.8927 12.6597 31.8927 12.2446C31.8927 11.8306 31.7849 11.5016 31.5684 11.2588C31.3524 11.0159 31.0811 10.8942 30.7558 10.8942C30.4299 10.8942 30.1587 11.0159 29.9427 11.2588C29.7267 11.5016 29.6184 11.8306 29.6184 12.2446C29.6184 12.6597 29.7267 12.9886 29.9427 13.2309C30.1587 13.4738 30.4299 13.5955 30.7558 13.5955C31.0811 13.5955 31.3524 13.4738 31.5684 13.2309ZM29.4673 14.3065C29.159 14.1049 28.9177 13.8234 28.7429 13.4619C28.5681 13.101 28.481 12.6952 28.481 12.2446C28.481 11.7888 28.5655 11.3815 28.7341 11.0231C28.9032 10.6648 29.1384 10.3848 29.4405 10.1837C29.7426 9.98212 30.0891 9.88158 30.48 9.88158C30.7883 9.88158 31.0579 9.93624 31.2889 10.0455C31.5199 10.1554 31.6978 10.3106 31.8221 10.5122V8.24609H32.9239V14.5375H31.8221V13.9863C31.6916 14.1704 31.5137 14.3194 31.2889 14.4349C31.0636 14.5504 30.797 14.6086 30.4892 14.6086C30.1159 14.6086 29.7751 14.5076 29.4673 14.3065Z" fill="white"></path><path d="M34.9657 14.5375H33.8638V9.95224H34.9657V14.5375ZM33.9082 8.34408C34.0443 8.20796 34.2129 8.1399 34.4145 8.1399C34.6161 8.1399 34.7847 8.20796 34.9208 8.34408C35.0574 8.48071 35.1255 8.64931 35.1255 8.8504C35.1255 9.052 35.0574 9.22112 34.9208 9.35724C34.7847 9.49336 34.6161 9.56142 34.4145 9.56142C34.2129 9.56142 34.0443 9.49336 33.9082 9.35724C33.7715 9.22112 33.704 9.052 33.704 8.8504C33.704 8.64931 33.7715 8.48071 33.9082 8.34408Z" fill="white"></path><path d="M19.6791 19.3347C19.8894 19.1506 19.9946 18.8779 19.9946 18.5169C19.9946 18.1565 19.8894 17.8838 19.6791 17.6997C19.4682 17.5156 19.183 17.4233 18.8221 17.4233H17.5027V19.6111H18.8221C19.183 19.6111 19.4682 19.5188 19.6791 19.3347ZM17.5027 23.9628H16.0374V16.0704H18.9345C19.461 16.0704 19.9157 16.1776 20.2988 16.3921C20.6824 16.6061 20.9753 16.8995 21.1784 17.2712C21.3816 17.6435 21.4826 18.0586 21.4826 18.5169C21.4826 18.9758 21.3816 19.3909 21.1784 19.7632C20.9753 20.1354 20.6824 20.4283 20.2988 20.6423C19.9157 20.8568 19.461 20.9635 18.9345 20.9635H17.5027V23.9628Z" fill="white"></path><path d="M22.0396 18.1451H23.4379V19.0248C23.6029 18.7087 23.8359 18.4684 24.1365 18.3029C24.4376 18.1374 24.7717 18.0549 25.1404 18.0549C25.5235 18.0549 25.8241 18.1415 26.0422 18.3143L25.5689 19.4981C25.3729 19.3929 25.1662 19.3403 24.9486 19.3403C24.5124 19.3403 24.152 19.528 23.8663 19.9039C23.5802 20.2797 23.4379 20.8582 23.4379 21.6404V23.9627H22.0396V18.1451Z" fill="white"></path><path d="M27.8879 23.9627H26.4896V18.1451H27.8879V23.9627ZM26.5458 16.1044C26.7191 15.9316 26.933 15.845 27.1888 15.845C27.444 15.845 27.658 15.9316 27.8312 16.1044C28.0039 16.2771 28.0906 16.4916 28.0906 16.7468C28.0906 17.0026 28.0039 17.217 27.8312 17.3898C27.658 17.5625 27.444 17.6491 27.1888 17.6491C26.933 17.6491 26.7191 17.5625 26.5458 17.3898C26.3731 17.217 26.287 17.0026 26.287 16.7468C26.287 16.4916 26.3731 16.2771 26.5458 16.1044Z" fill="white"></path><path d="M30.0603 23.6693C29.6168 23.4141 29.2714 23.0588 29.0234 22.6041C28.7754 22.1493 28.6511 21.6327 28.6511 21.0537C28.6511 20.4752 28.7754 19.9585 29.0234 19.5038C29.2714 19.049 29.6168 18.6937 30.0603 18.438C30.5037 18.1828 31.011 18.0549 31.5823 18.0549C32.8749 18.0549 33.751 18.585 34.2093 19.6445L32.9353 20.2199C32.6424 19.6332 32.1913 19.3403 31.5823 19.3403C31.1466 19.3403 30.7857 19.4981 30.5001 19.8136C30.2144 20.1297 30.0716 20.5427 30.0716 21.0537C30.0716 21.5651 30.2144 21.9787 30.5001 22.2942C30.7857 22.6097 31.1466 22.7675 31.5823 22.7675C32.1913 22.7675 32.6424 22.4747 32.9353 21.8884L34.2093 22.4633C33.751 23.5229 32.8749 24.0529 31.5823 24.0529C31.011 24.0529 30.5037 23.9251 30.0603 23.6693Z" fill="white"></path><path d="M38.727 20.3999C38.6744 20.0694 38.5223 19.7987 38.2707 19.5883C38.0186 19.3779 37.7015 19.2728 37.3179 19.2728C36.9946 19.2728 36.7048 19.3723 36.4496 19.5713C36.1939 19.7708 36.0175 20.0467 35.9196 20.3999H38.727ZM40.1588 21.5048H35.8633C35.9381 21.9333 36.115 22.2586 36.3934 22.4803C36.6713 22.702 37.0095 22.8129 37.4081 22.8129C37.7386 22.8129 38.015 22.7433 38.2367 22.6041C38.4584 22.4649 38.6708 22.253 38.874 21.9673L40.0573 22.6097C39.7716 23.0759 39.4092 23.4327 38.9693 23.6812C38.5295 23.9287 37.983 24.0529 37.3292 24.0529C36.7125 24.0529 36.1846 23.9086 35.7453 23.6188C35.3055 23.3295 34.9765 22.9557 34.7584 22.4968C34.5403 22.0385 34.4315 21.5574 34.4315 21.0537C34.4315 20.5504 34.546 20.0694 34.7754 19.611C35.0044 19.1526 35.3374 18.7783 35.7731 18.4891C36.2088 18.1998 36.7239 18.0549 37.3179 18.0549C37.9191 18.0549 38.4341 18.19 38.8626 18.4607C39.2911 18.7314 39.6139 19.0866 39.832 19.5264C40.0501 19.9657 40.1588 20.4339 40.1588 20.9299V21.5048Z" fill="white"></path><path d="M16.3879 25.558H17.7399L19.2454 29.4977L20.751 25.558H22.1029V31.8684H20.9309V28.0282L19.6873 31.2915H18.8035L17.5599 28.0282V31.8684H16.3879V25.558Z" fill="white"></path><path d="M25.4058 30.7146C25.6131 30.5341 25.7167 30.3119 25.7167 30.0474V29.9216H24.8335C24.5746 29.9216 24.3689 29.971 24.2158 30.07C24.0626 30.169 23.9858 30.3057 23.9858 30.48C23.9858 30.6424 24.0415 30.7671 24.1529 30.8543C24.2637 30.9414 24.4277 30.9847 24.6437 30.9847C24.9443 30.9847 25.1985 30.8945 25.4058 30.7146ZM23.6074 31.7782C23.3671 31.67 23.1748 31.5122 23.0304 31.3049C22.886 31.0976 22.8138 30.8496 22.8138 30.5609C22.8138 30.1046 22.9855 29.7364 23.3279 29.457C23.6703 29.1775 24.1333 29.0378 24.7159 29.0378H25.7167V28.8754C25.7167 28.6413 25.6357 28.4531 25.4733 28.3118C25.3109 28.1711 25.0918 28.1004 24.8154 28.1004C24.5927 28.1004 24.3916 28.1592 24.2111 28.2763C24.0312 28.3933 23.8956 28.5299 23.8059 28.6862L22.9494 28.1726C23.1113 27.8782 23.3516 27.6333 23.6703 27.4379C23.9889 27.2425 24.3705 27.145 24.8154 27.145C25.4522 27.145 25.9482 27.2982 26.3024 27.6044C26.6572 27.9112 26.8345 28.3526 26.8345 28.9295V31.8685H25.9152L25.7621 31.2735C25.6115 31.4776 25.4207 31.6401 25.1892 31.7602C24.9582 31.8803 24.686 31.9401 24.3735 31.9401C24.1029 31.9401 23.8476 31.8865 23.6074 31.7782Z" fill="white"></path><path d="M27.8214 30.3V28.1726H27.1182V27.2167H27.8214V26.4417L28.9393 25.7384V27.2167H30.1381V28.1726H28.9393V30.2458C28.9393 30.6903 29.1166 30.9125 29.4709 30.9125C29.6333 30.9125 29.7895 30.8496 29.9395 30.7233L30.4443 31.5797C30.2881 31.706 30.1169 31.7978 29.9308 31.855C29.7446 31.9117 29.5549 31.9401 29.3626 31.9401C28.3355 31.9401 27.8214 31.3936 27.8214 30.3Z" fill="white"></path><path d="M31.5487 31.6339C31.194 31.4297 30.9176 31.1456 30.7196 30.7821C30.5211 30.4186 30.4221 30.0056 30.4221 29.5426C30.4221 29.0801 30.5211 28.6666 30.7196 28.3031C30.9176 27.9396 31.194 27.6555 31.5487 27.4513C31.9034 27.2471 32.3087 27.145 32.7655 27.145C33.7993 27.145 34.4995 27.5683 34.8661 28.416L33.8473 28.8754C33.6132 28.4067 33.2528 28.1726 32.7655 28.1726C32.417 28.1726 32.1288 28.2989 31.9004 28.5511C31.6719 28.8037 31.558 29.1342 31.558 29.5426C31.558 29.9509 31.6719 30.282 31.9004 30.5341C32.1288 30.7867 32.417 30.9125 32.7655 30.9125C33.2528 30.9125 33.6132 30.6785 33.8473 30.2098L34.8661 30.6697C34.4995 31.5168 33.7993 31.9401 32.7655 31.9401C32.3087 31.9401 31.9034 31.8386 31.5487 31.6339Z" fill="white"></path><path d="M35.3998 25.4863H36.5176V27.9473C36.662 27.707 36.8615 27.5132 37.1167 27.3657C37.3725 27.2188 37.6592 27.145 37.9778 27.145C38.4702 27.145 38.8579 27.2909 39.1405 27.5823C39.423 27.8736 39.5643 28.2804 39.5643 28.8037V31.8685H38.4465V29.0285C38.4465 28.7522 38.3758 28.5408 38.2346 28.3933C38.0933 28.2458 37.8907 28.1726 37.6262 28.1726C37.3199 28.1726 37.0585 28.3093 36.8419 28.5825C36.6254 28.8558 36.5176 29.275 36.5176 29.8401V31.8685H35.3998V25.4863Z" fill="white"></path></svg><p class="styled__StyledBodyText-sc-119w3hf-5 ggtTyf styled__DarkGreyBodyText-jk5kya-0 iwRWTH">Aldi Price Match</p></div></div></div></div></div></div></div></li><li class="product-list--list-item"><div class="styles__StyledVerticalTileWrapper-dvv1wj-0 dtCNPH"><div data-auto="product-tile" data-auto-type="Quantity" data-auto-available="true" data-auto-is-restricted-disabled="false" data-auto-is-substitute="false" class="styles__StyledVerticalTile-dvv1wj-1 gSCsYK"><div class="styles__StyledTileContentWrapper-dvv1wj-2 bkNhNP beans"><div id="tile-299598986" data-auto-id="299598986" class="styles__StyledTiledContent-dvv1wj-3 bcglTg"><a href="https://www.tesco.com/groceries/en-GB/products/299598986" aria-hidden="true" class="product-image-wrapper" tabindex="1"><div class="product-image__container"><picture><img class="styled__Image-sjvkdn-0 bJErKA product-image beans-responsive-image__image" src="data:image/gif;base64,R0lGODlhAQABAAAAACH5BAEKAAEALAAAAAABAAEAAAICTAEAOw==" srcset="https://digitalcontent.api.tesco.com/v2/media/ghs/134b9032-f16a-49ce-a291-c8b709d3fe8f/959b48fa-3328-4eb5-8d40-d7a21e1d6468_1481081826.jpeg?h=225&amp;w=225 768w, data:image/gif;base64,R0lGODlhAQABAAAAACH5BAEKAAEALAAAAAABAAEAAAICTAEAOw== 4000w" alt="Ms Molly&#39;s Chocolate Digestives Biscuits 300G"></picture></div></a><div class="product-details--wrapper"><h3 class="styles__H3-oa5soe-0 bCKNNq"><a href="https://www.tesco.com/groceries/en-GB/products/299598986" class="styled__Anchor-sc-1xbujuz-0 csVOnh beans-link__anchor" data-auto="product-tile--title"><span class="styled__Text-sc-1xbujuz-1 ldbwMG beans-link__text">Ms Molly's Chocolate Digestives Biscuits 300G</span></a></h3><div class="styles__StyledPromotionsAboveMobile-dvv1wj-7 iPTMuo"></div><div class="styles__StyledProductDetailsContent-dvv1wj-5 ddRSrq"><a href="https://www.tesco.com/groceries/en-GB/reviews/submission/299598986?from=%2Fshop%2Ffood-cupboard%2Fall" aria-label="Write a review for Ms Molly&#39;s Chocolate Digestives Biscuits 300G" class="styled__Anchor-sc-1xbujuz-0 jSzuDt write-a-review-link beans-link__anchor" data-auto="review-link"><span class="styled__Text-sc-1xbujuz-1 fyDIEo beans-link__text">Write a review</span><span class="styled__IconContainer-sc-1xbujuz-2 bSauSL beans-link__icon-container"><svg aria-hidden="true" class="styled__SVG-xxa4wh-1 hQMCqc beans-link__icon beans-icon__svg" height="13.33" preserveAspectRatio="xMinYMax meet" viewBox="-1 0 12 20" width="8" xmlns="http://www.w3.org/2000/svg" color="currentColor"><path d="M1.312 1.348L10.276 10l-8.964 8.644" fill="none" stroke="currentColor"></path></svg></span></a><div><a href="https://www.tesco.com/groceries/en-GB/shop/food-cupboard/biscuits-and-cereal-bars/chocolate-biscuits-and-jaffa-cakes/chocolate-digestives-and-oat-biscuits" class="styled__Anchor-sc-1xbujuz-0 jSzuDt rest-of-shelf-link beans-link__anchor" data-auto="rest-of-shelf-link"><span class="styled__Text-sc-1xbujuz-1 fyDIEo beans-link__text">Rest of <span class="visually-hidden">Chocolate Digestives &amp; Oat Biscuits</span> shelf</span><span class="styled__IconContainer-sc-1xbujuz-2 bSauSL beans-link__icon-container"><svg aria-hidden="true" class="styled__SVG-xxa4wh-1 hQMCqc beans-link__icon beans-icon__svg" height="13.33" preserveAspectRatio="xMinYMax meet" viewBox="-1 0 12 20" width="8" xmlns="http://www.w3.org/2000/svg" color="currentColor"><path d="M1.312 1.348L10.276 10l-8.964 8.644" fill="none" stroke="currentColor"></path></svg></span></a></div><div class="product-info-message-section"><div class="product-info-message-list"><div class="styled__WhiteBackground-sc-9yzfq2-1 jthPIJ"><svg width="56" height="56" viewBox="0 0 56 56" fill="none" xmlns="http://www.w3.org/2000/svg"><path d="M52.1301 27.8766C52.1301 14.5534 41.3293 3.75308 28.0066 3.75308C14.6834 3.75308 3.88306 14.5534 3.88306 27.8766C3.88306 41.1998 14.6834 52.0002 28.0066 52.0002C41.3293 52.0002 52.1301 41.1998 52.1301 27.8766Z" fill="#EE1C2E"></path><path d="M19.6853 36.5687L31.8169 48.6998L52.6633 27.8998L51.9894 23.0423L31.886 43.1452L22.5438 33.803L19.6853 36.5687Z" fill="white"></path><path d="M24.2699 12.0048L23.5594 9.93467L22.8484 12.0048H24.2699ZM24.6345 13.0711H22.4844L21.9776 14.5375H20.7515L22.9815 8.31722H24.1369L26.3669 14.5375H25.1408L24.6345 13.0711Z" fill="white"></path><path d="M27.8359 14.5375H26.734V8.24609H27.8359V14.5375Z" fill="white"></path><path d="M31.5684 13.2309C31.7849 12.9886 31.8927 12.6597 31.8927 12.2446C31.8927 11.8306 31.7849 11.5016 31.5684 11.2588C31.3524 11.0159 31.0811 10.8942 30.7558 10.8942C30.4299 10.8942 30.1587 11.0159 29.9427 11.2588C29.7267 11.5016 29.6184 11.8306 29.6184 12.2446C29.6184 12.6597 29.7267 12.9886 29.9427 13.2309C30.1587 13.4738 30.4299 13.5955 30.7558 13.5955C31.0811 13.5955 31.3524 13.4738 31.5684 13.2309ZM29.4673 14.3065C29.159 14.1049 28.9177 13.8234 28.7429 13.4619C28.5681 13.101 28.481 12.6952 28.481 12.2446C28.481 11.7888 28.5655 11.3815 28.7341 11.0231C28.9032 10.6648 29.1384 10.3848 29.4405 10.1837C29.7426 9.98212 30.0891 9.88158 30.48 9.88158C30.7883 9.88158 31.0579 9.93624 31.2889 10.0455C31.5199 10.1554 31.6978 10.3106 31.8221 10.5122V8.24609H32.9239V14.5375H31.8221V13.9863C31.6916 14.1704 31.5137 14.3194 31.2889 14.4349C31.0636 14.5504 30.797 14.6086 30.4892 14.6086C30.1159 14.6086 29.7751 14.5076 29.4673 14.3065Z" fill="white"></path><path d="M34.9657 14.5375H33.8638V9.95224H34.9657V14.5375ZM33.9082 8.34408C34.0443 8.20796 34.2129 8.1399 34.4145 8.1399C34.6161 8.1399 34.7847 8.20796 34.9208 8.34408C35.0574 8.48071 35.1255 8.64931 35.1255 8.8504C35.1255 9.052 35.0574 9.22112 34.9208 9.35724C34.7847 9.49336 34.6161 9.56142 34.4145 9.56142C34.2129 9.56142 34.0443 9.49336 33.9082 9.35724C33.7715 9.22112 33.704 9.052 33.704 8.8504C33.704 8.64931 33.7715 8.48071 33.9082 8.34408Z" fill="white"></path><path d="M19.6791 19.3347C19.8894 19.1506 19.9946 18.8779 19.9946 18.5169C19.9946 18.1565 19.8894 17.8838 19.6791 17.6997C19.4682 17.5156 19.183 17.4233 18.8221 17.4233H17.5027V19.6111H18.8221C19.183 19.6111 19.4682 19.5188 19.6791 19.3347ZM17.5027 23.9628H16.0374V16.0704H18.9345C19.461 16.0704 19.9157 16.1776 20.2988 16.3921C20.6824 16.6061 20.9753 16.8995 21.1784 17.2712C21.3816 17.6435 21.4826 18.0586 21.4826 18.5169C21.4826 18.9758 21.3816 19.3909 21.1784 19.7632C20.9753 20.1354 20.6824 20.4283 20.2988 20.6423C19.9157 20.8568 19.461 20.9635 18.9345 20.9635H17.5027V23.9628Z" fill="white"></path><path d="M22.0396 18.1451H23.4379V19.0248C23.6029 18.7087 23.8359 18.4684 24.1365 18.3029C24.4376 18.1374 24.7717 18.0549 25.1404 18.0549C25.5235 18.0549 25.8241 18.1415 26.0422 18.3143L25.5689 19.4981C25.3729 19.3929 25.1662 19.3403 24.9486 19.3403C24.5124 19.3403 24.152 19.528 23.8663 19.9039C23.5802 20.2797 23.4379 20.8582 23.4379 21.6404V23.9627H22.0396V18.1451Z" fill="white"></path><path d="M27.8879 23.9627H26.4896V18.1451H27.8879V23.9627ZM26.5458 16.1044C26.7191 15.9316 26.933 15.845 27.1888 15.845C27.444 15.845 27.658 15.9316 27.8312 16.1044C28.0039 16.2771 28.0906 16.4916 28.0906 16.7468C28.0906 17.0026 28.0039 17.217 27.8312 17.3898C27.658 17.5625 27.444 17.6491 27.1888 17.6491C26.933 17.6491 26.7191 17.5625 26.5458 17.3898C26.3731 17.217 26.287 17.0026 26.287 16.7468C26.287 16.4916 26.3731 16.2771 26.5458 16.1044Z" fill="white"></path><path d="M30.0603 23.6693C29.6168 23.4141 29.2714 23.0588 29.0234 22.6041C28.7754 22.1493 28.6511 21.6327 28.6511 21.0537C28.6511 20.4752 28.7754 19.9585 29.0234 19.5038C29.2714 19.049 29.6168 18.6937 30.0603 18.438C30.5037 18.1828 31.011 18.0549 31.5823 18.0549C32.8749 18.0549 33.751 18.585 34.2093 19.6445L32.9353 20.2199C32.6424 19.6332 32.1913 19.3403 31.5823 19.3403C31.1466 19.3403 30.7857 19.4981 30.5001 19.8136C30.2144 20.1297 30.0716 20.5427 30.0716 21.0537C30.0716 21.5651 30.2144 21.9787 30.5001 22.2942C30.7857 22.6097 31.1466 22.7675 31.5823 22.7675C32.1913 22.7675 32.6424 22.4747 32.9353 21.8884L34.2093 22.4633C33.751 23.5229 32.8749 24.0529 31.5823 24.0529C31.011 24.0529 30.5037 23.9251 30.0603 23.6693Z" fill="white"></path><path d="M38.727 20.3999C38.6744 20.0694 38.5223 19.7987 38.2707 19.5883C38.0186 19.3779 37.7015 19.2728 37.3179 19.2728C36.9946 19.2728 36.7048 19.3723 36.4496 19.5713C36.1939 19.7708 36.0175 20.0467 35.9196 20.3999H38.727ZM40.1588 21.5048H35.8633C35.9381 21.9333 36.115 22.2586 36.3934 22.4803C36.6713 22.702 37.0095 22.8129 37.4081 22.8129C37.7386 22.8129 38.015 22.7433 38.2367 22.6041C38.4584 22.4649 38.6708 22.253 38.874 21.9673L40.0573 22.6097C39.7716 23.0759 39.4092 23.4327 38.9693 23.6812C38.5295 23.9287 37.983 24.0529 37.3292 24.0529C36.7125 24.0529 36.1846 23.9086 35.7453 23.6188C35.3055 23.3295 34.9765 22.9557 34.7584 22.4968C34.5403 22.0385 34.4315 21.5574 34.4315 21.0537C34.4315 20.5504 34.546 20.0694 34.7754 19.611C35.0044 19.1526 35.3374 18.7783 35.7731 18.4891C36.2088 18.1998 36.7239 18.0549 37.3179 18.0549C37.9191 18.0549 38.4341 18.19 38.8626 18.4607C39.2911 18.7314 39.6139 19.0866 39.832 19.5264C40.0501 19.9657 40.1588 20.4339 40.1588 20.9299V21.5048Z" fill="white"></path><path d="M16.3879 25.558H17.7399L19.2454 29.4977L20.751 25.558H22.1029V31.8684H20.9309V28.0282L19.6873 31.2915H18.8035L17.5599 28.0282V31.8684H16.3879V25.558Z" fill="white"></path><path d="M25.4058 30.7146C25.6131 30.5341 25.7167 30.3119 25.7167 30.0474V29.9216H24.8335C24.5746 29.9216 24.3689 29.971 24.2158 30.07C24.0626 30.169 23.9858 30.3057 23.9858 30.48C23.9858 30.6424 24.0415 30.7671 24.1529 30.8543C24.2637 30.9414 24.4277 30.9847 24.6437 30.9847C24.9443 30.9847 25.1985 30.8945 25.4058 30.7146ZM23.6074 31.7782C23.3671 31.67 23.1748 31.5122 23.0304 31.3049C22.886 31.0976 22.8138 30.8496 22.8138 30.5609C22.8138 30.1046 22.9855 29.7364 23.3279 29.457C23.6703 29.1775 24.1333 29.0378 24.7159 29.0378H25.7167V28.8754C25.7167 28.6413 25.6357 28.4531 25.4733 28.3118C25.3109 28.1711 25.0918 28.1004 24.8154 28.1004C24.5927 28.1004 24.3916 28.1592 24.2111 28.2763C24.0312 28.3933 23.8956 28.5299 23.8059 28.6862L22.9494 28.1726C23.1113 27.8782 23.3516 27.6333 23.6703 27.4379C23.9889 27.2425 24.3705 27.145 24.8154 27.145C25.4522 27.145 25.9482 27.2982 26.3024 27.6044C26.6572 27.9112 26.8345 28.3526 26.8345 28.9295V31.8685H25.9152L25.7621 31.2735C25.6115 31.4776 25.4207 31.6401 25.1892 31.7602C24.9582 31.8803 24.686 31.9401 24.3735 31.9401C24.1029 31.9401 23.8476 31.8865 23.6074 31.7782Z" fill="white"></path><path d="M27.8214 30.3V28.1726H27.1182V27.2167H27.8214V26.4417L28.9393 25.7384V27.2167H30.1381V28.1726H28.9393V30.2458C28.9393 30.6903 29.1166 30.9125 29.4709 30.9125C29.6333 30.9125 29.7895 30.8496 29.9395 30.7233L30.4443 31.5797C30.2881 31.706 30.1169 31.7978 29.9308 31.855C29.7446 31.9117 29.5549 31.9401 29.3626 31.9401C28.3355 31.9401 27.8214 31.3936 27.8214 30.3Z" fill="white"></path><path d="M31.5487 31.6339C31.194 31.4297 30.9176 31.1456 30.7196 30.7821C30.5211 30.4186 30.4221 30.0056 30.4221 29.5426C30.4221 29.0801 30.5211 28.6666 30.7196 28.3031C30.9176 27.9396 31.194 27.6555 31.5487 27.4513C31.9034 27.2471 32.3087 27.145 32.7655 27.145C33.7993 27.145 34.4995 27.5683 34.8661 28.416L33.8473 28.8754C33.6132 28.4067 33.2528 28.1726 32.7655 28.1726C32.417 28.1726 32.1288 28.2989 31.9004 28.5511C31.6719 28.8037 31.558 29.1342 31.558 29.5426C31.558 29.9509 31.6719 30.282 31.9004 30.5341C32.1288 30.7867 32.417 30.9125 32.7655 30.9125C33.2528 30.9125 33.6132 30.6785 33.8473 30.2098L34.8661 30.6697C34.4995 31.5168 33.7993 31.9401 32.7655 31.9401C32.3087 31.9401 31.9034 31.8386 31.5487 31.6339Z" fill="white"></path><path d="M35.3998 25.4863H36.5176V27.9473C36.662 27.707 36.8615 27.5132 37.1167 27.3657C37.3725 27.2188 37.6592 27.145 37.9778 27.145C38.4702 27.145 38.8579 27.2909 39.1405 27.5823C39.423 27.8736 39.5643 28.2804 39.5643 28.8037V31.8685H38.4465V29.0285C38.4465 28.7522 38.3758 28.5408 38.2346 28.3933C38.0933 28.2458 37.8907 28.1726 37.6262 28.1726C37.3199 28.1726 37.0585 28.3093 36.8419 28.5825C36.6254 28.8558 36.5176 29.275 36.5176 29.8401V31.8685H35.3998V25.4863Z" fill="white"></path></svg><p class="styled__StyledBodyText-sc-119w3hf-5 ggtTyf styled__DarkGreyBodyText-jk5kya-0 iwRWTH">Aldi Price Match</p></div></div></div></div><div class="styles__StyledBuyBoxWrapper-dvv1wj-4 dSvjUC"><div class="styles__StyledBuyBoxContainer-sc-1wx0qp6-0 erryje" data-auto="buybox-container"><div class="styles__SafeFormWrapper-jtpu2t-0 lcrYKS"><form action="https://www.tesco.com/groceries/en-GB/trolley/items/299598986?_method=PUT" method="POST"><input type="submit" class="hidden"><input name="id" type="hidden" value="299598986"><input name="identifier" type="hidden" value="Page"><input name="anchorId" type="hidden" value="#tile-299598986"><input name="returnUrl" type="hidden" value="/groceries/en-GB/shop/food-cupboard/all?redirectIfUnavailable=true#tile-299598986"><input name="backToUrl" type="hidden" value="#"><input name="oldValue" type="hidden" value="0"><input name="oldUnitChoice" type="hidden" value="pcs"><input name="newUnitChoice" type="hidden" value="pcs"><div class="base-components__RootElement-sc-1mosoyj-1 styled__Container-sc-6nhkzi-0 jptQqM hSNpTb beans-buybox__container"><div class="base-components__BaseElement-sc-1mosoyj-0 styled__PriceAndActions-sc-6nhkzi-3 oznwo eEPLov beans-buybox__price-and-actions"><div class="base-components__RootElement-sc-1mosoyj-1 styled__Container-sc-8qlq5b-0 jptQqM bgZrjw styled__StyledPrice-sc-6nhkzi-5 iYHeik beans-buybox__price beans-price__container"><p class="styled__StyledHeading-sc-119w3hf-2 jWPEtj styled__Text-sc-8qlq5b-1 lnaeiZ beans-price__text">£0.55</p><p class="styled__StyledFootnote-sc-119w3hf-7 icrlVF styled__Subtext-sc-8qlq5b-2 bNJmdc beans-price__subtext">£0.18/100g</p></div><div class="base-components__RootElement-sc-1mosoyj-1 styled__Container-vtxwzb-0 jptQqM bDFhXJ beans-buybox__actions beans-quantity-controls__container"><div class="base-components__RootElement-sc-1mosoyj-1 styled__Container-sc-16t2b2a-0 jptQqM PUfgZ styled__StyledFormGroup-vtxwzb-1 kzKuAr beans-quantity-controls__form-group beans-form-group__container"><label class="styled__StyledLabel-sc-1ttuvhr-0 izGEjV beans-form-group__label beans-label" for="quantity-controls-299598986">Quantity controls </label><div class="base-components__BaseElement-sc-1mosoyj-0 styled__Children-sc-16t2b2a-3 oznwo gdJvjO beans-form-group__children"><div class="styled__StyledQuantityControlWrapper-vtxwzb-6 LCxOg"><label id="quantity-controls-299598986-label" class="styled__VisuallyHiddenLabel-vtxwzb-7 gXlLiM">Quantity of Ms Molly's Chocolate Digestives Biscuits 300G</label><div class="component__Wrapper-sc-1kpmik-3 dReplG input-wrapper"><input class="base-components__RootElement-sc-1mosoyj-1 styled__StyledInput-sc-1jd5f57-0 component__StyledAsInput-sc-1kpmik-4 jptQqM eJLlow styled__StyledInput-vtxwzb-3 lwMHo beans-quantity-controls__input beans-input" data-auto="beans-quantity-controls-input" autocomplete="off" id="quantity-controls-299598986" maxlength="2" name="newValue" type="number" aria-labelledby="quantity-controls-299598986-label" value="1"></div></div><button class="styled__BaseButton-rsekm1-0 styled__PrimaryButton-rsekm1-2 jChbeY geeWOF styled__StyledButton-vtxwzb-5 japAxb beans-quantity-controls__add-button beans-button__container" type="submit" data-auto="beans-quantity-controls-add-button" aria-label="Quantity of Ms Molly&#39;s Chocolate Digestives Biscuits 300G"><span class="base-components__BaseElement-sc-1mosoyj-0 styled__InnerContainer-rsekm1-1 oznwo fuFres beans-button__inner-container"><span class="base-components__BaseElement-sc-1mosoyj-0 styled__TextSpan-rsekm1-4 oznwo GDiMp beans-button__text">Add</span></span></button></div></div></div></div></div><input name="_csrf" type="hidden" value="92xA6FXg-W2XHhQLLDKqjWuqmpStG0svGR_s"></form></div></div></div></div><div class="hidden-medium product-info-section-small"><div class="product-info-message-list"><div class="styled__WhiteBackground-sc-9yzfq2-1 jthPIJ"><svg width="56" height="56" viewBox="0 0 56 56" fill="none" xmlns="http://www.w3.org/2000/svg"><path d="M52.1301 27.8766C52.1301 14.5534 41.3293 3.75308 28.0066 3.75308C14.6834 3.75308 3.88306 14.5534 3.88306 27.8766C3.88306 41.1998 14.6834 52.0002 28.0066 52.0002C41.3293 52.0002 52.1301 41.1998 52.1301 27.8766Z" fill="#EE1C2E"></path><path d="M19.6853 36.5687L31.8169 48.6998L52.6633 27.8998L51.9894 23.0423L31.886 43.1452L22.5438 33.803L19.6853 36.5687Z" fill="white"></path><path d="M24.2699 12.0048L23.5594 9.93467L22.8484 12.0048H24.2699ZM24.6345 13.0711H22.4844L21.9776 14.5375H20.7515L22.9815 8.31722H24.1369L26.3669 14.5375H25.1408L24.6345 13.0711Z" fill="white"></path><path d="M27.8359 14.5375H26.734V8.24609H27.8359V14.5375Z" fill="white"></path><path d="M31.5684 13.2309C31.7849 12.9886 31.8927 12.6597 31.8927 12.2446C31.8927 11.8306 31.7849 11.5016 31.5684 11.2588C31.3524 11.0159 31.0811 10.8942 30.7558 10.8942C30.4299 10.8942 30.1587 11.0159 29.9427 11.2588C29.7267 11.5016 29.6184 11.8306 29.6184 12.2446C29.6184 12.6597 29.7267 12.9886 29.9427 13.2309C30.1587 13.4738 30.4299 13.5955 30.7558 13.5955C31.0811 13.5955 31.3524 13.4738 31.5684 13.2309ZM29.4673 14.3065C29.159 14.1049 28.9177 13.8234 28.7429 13.4619C28.5681 13.101 28.481 12.6952 28.481 12.2446C28.481 11.7888 28.5655 11.3815 28.7341 11.0231C28.9032 10.6648 29.1384 10.3848 29.4405 10.1837C29.7426 9.98212 30.0891 9.88158 30.48 9.88158C30.7883 9.88158 31.0579 9.93624 31.2889 10.0455C31.5199 10.1554 31.6978 10.3106 31.8221 10.5122V8.24609H32.9239V14.5375H31.8221V13.9863C31.6916 14.1704 31.5137 14.3194 31.2889 14.4349C31.0636 14.5504 30.797 14.6086 30.4892 14.6086C30.1159 14.6086 29.7751 14.5076 29.4673 14.3065Z" fill="white"></path><path d="M34.9657 14.5375H33.8638V9.95224H34.9657V14.5375ZM33.9082 8.34408C34.0443 8.20796 34.2129 8.1399 34.4145 8.1399C34.6161 8.1399 34.7847 8.20796 34.9208 8.34408C35.0574 8.48071 35.1255 8.64931 35.1255 8.8504C35.1255 9.052 35.0574 9.22112 34.9208 9.35724C34.7847 9.49336 34.6161 9.56142 34.4145 9.56142C34.2129 9.56142 34.0443 9.49336 33.9082 9.35724C33.7715 9.22112 33.704 9.052 33.704 8.8504C33.704 8.64931 33.7715 8.48071 33.9082 8.34408Z" fill="white"></path><path d="M19.6791 19.3347C19.8894 19.1506 19.9946 18.8779 19.9946 18.5169C19.9946 18.1565 19.8894 17.8838 19.6791 17.6997C19.4682 17.5156 19.183 17.4233 18.8221 17.4233H17.5027V19.6111H18.8221C19.183 19.6111 19.4682 19.5188 19.6791 19.3347ZM17.5027 23.9628H16.0374V16.0704H18.9345C19.461 16.0704 19.9157 16.1776 20.2988 16.3921C20.6824 16.6061 20.9753 16.8995 21.1784 17.2712C21.3816 17.6435 21.4826 18.0586 21.4826 18.5169C21.4826 18.9758 21.3816 19.3909 21.1784 19.7632C20.9753 20.1354 20.6824 20.4283 20.2988 20.6423C19.9157 20.8568 19.461 20.9635 18.9345 20.9635H17.5027V23.9628Z" fill="white"></path><path d="M22.0396 18.1451H23.4379V19.0248C23.6029 18.7087 23.8359 18.4684 24.1365 18.3029C24.4376 18.1374 24.7717 18.0549 25.1404 18.0549C25.5235 18.0549 25.8241 18.1415 26.0422 18.3143L25.5689 19.4981C25.3729 19.3929 25.1662 19.3403 24.9486 19.3403C24.5124 19.3403 24.152 19.528 23.8663 19.9039C23.5802 20.2797 23.4379 20.8582 23.4379 21.6404V23.9627H22.0396V18.1451Z" fill="white"></path><path d="M27.8879 23.9627H26.4896V18.1451H27.8879V23.9627ZM26.5458 16.1044C26.7191 15.9316 26.933 15.845 27.1888 15.845C27.444 15.845 27.658 15.9316 27.8312 16.1044C28.0039 16.2771 28.0906 16.4916 28.0906 16.7468C28.0906 17.0026 28.0039 17.217 27.8312 17.3898C27.658 17.5625 27.444 17.6491 27.1888 17.6491C26.933 17.6491 26.7191 17.5625 26.5458 17.3898C26.3731 17.217 26.287 17.0026 26.287 16.7468C26.287 16.4916 26.3731 16.2771 26.5458 16.1044Z" fill="white"></path><path d="M30.0603 23.6693C29.6168 23.4141 29.2714 23.0588 29.0234 22.6041C28.7754 22.1493 28.6511 21.6327 28.6511 21.0537C28.6511 20.4752 28.7754 19.9585 29.0234 19.5038C29.2714 19.049 29.6168 18.6937 30.0603 18.438C30.5037 18.1828 31.011 18.0549 31.5823 18.0549C32.8749 18.0549 33.751 18.585 34.2093 19.6445L32.9353 20.2199C32.6424 19.6332 32.1913 19.3403 31.5823 19.3403C31.1466 19.3403 30.7857 19.4981 30.5001 19.8136C30.2144 20.1297 30.0716 20.5427 30.0716 21.0537C30.0716 21.5651 30.2144 21.9787 30.5001 22.2942C30.7857 22.6097 31.1466 22.7675 31.5823 22.7675C32.1913 22.7675 32.6424 22.4747 32.9353 21.8884L34.2093 22.4633C33.751 23.5229 32.8749 24.0529 31.5823 24.0529C31.011 24.0529 30.5037 23.9251 30.0603 23.6693Z" fill="white"></path><path d="M38.727 20.3999C38.6744 20.0694 38.5223 19.7987 38.2707 19.5883C38.0186 19.3779 37.7015 19.2728 37.3179 19.2728C36.9946 19.2728 36.7048 19.3723 36.4496 19.5713C36.1939 19.7708 36.0175 20.0467 35.9196 20.3999H38.727ZM40.1588 21.5048H35.8633C35.9381 21.9333 36.115 22.2586 36.3934 22.4803C36.6713 22.702 37.0095 22.8129 37.4081 22.8129C37.7386 22.8129 38.015 22.7433 38.2367 22.6041C38.4584 22.4649 38.6708 22.253 38.874 21.9673L40.0573 22.6097C39.7716 23.0759 39.4092 23.4327 38.9693 23.6812C38.5295 23.9287 37.983 24.0529 37.3292 24.0529C36.7125 24.0529 36.1846 23.9086 35.7453 23.6188C35.3055 23.3295 34.9765 22.9557 34.7584 22.4968C34.5403 22.0385 34.4315 21.5574 34.4315 21.0537C34.4315 20.5504 34.546 20.0694 34.7754 19.611C35.0044 19.1526 35.3374 18.7783 35.7731 18.4891C36.2088 18.1998 36.7239 18.0549 37.3179 18.0549C37.9191 18.0549 38.4341 18.19 38.8626 18.4607C39.2911 18.7314 39.6139 19.0866 39.832 19.5264C40.0501 19.9657 40.1588 20.4339 40.1588 20.9299V21.5048Z" fill="white"></path><path d="M16.3879 25.558H17.7399L19.2454 29.4977L20.751 25.558H22.1029V31.8684H20.9309V28.0282L19.6873 31.2915H18.8035L17.5599 28.0282V31.8684H16.3879V25.558Z" fill="white"></path><path d="M25.4058 30.7146C25.6131 30.5341 25.7167 30.3119 25.7167 30.0474V29.9216H24.8335C24.5746 29.9216 24.3689 29.971 24.2158 30.07C24.0626 30.169 23.9858 30.3057 23.9858 30.48C23.9858 30.6424 24.0415 30.7671 24.1529 30.8543C24.2637 30.9414 24.4277 30.9847 24.6437 30.9847C24.9443 30.9847 25.1985 30.8945 25.4058 30.7146ZM23.6074 31.7782C23.3671 31.67 23.1748 31.5122 23.0304 31.3049C22.886 31.0976 22.8138 30.8496 22.8138 30.5609C22.8138 30.1046 22.9855 29.7364 23.3279 29.457C23.6703 29.1775 24.1333 29.0378 24.7159 29.0378H25.7167V28.8754C25.7167 28.6413 25.6357 28.4531 25.4733 28.3118C25.3109 28.1711 25.0918 28.1004 24.8154 28.1004C24.5927 28.1004 24.3916 28.1592 24.2111 28.2763C24.0312 28.3933 23.8956 28.5299 23.8059 28.6862L22.9494 28.1726C23.1113 27.8782 23.3516 27.6333 23.6703 27.4379C23.9889 27.2425 24.3705 27.145 24.8154 27.145C25.4522 27.145 25.9482 27.2982 26.3024 27.6044C26.6572 27.9112 26.8345 28.3526 26.8345 28.9295V31.8685H25.9152L25.7621 31.2735C25.6115 31.4776 25.4207 31.6401 25.1892 31.7602C24.9582 31.8803 24.686 31.9401 24.3735 31.9401C24.1029 31.9401 23.8476 31.8865 23.6074 31.7782Z" fill="white"></path><path d="M27.8214 30.3V28.1726H27.1182V27.2167H27.8214V26.4417L28.9393 25.7384V27.2167H30.1381V28.1726H28.9393V30.2458C28.9393 30.6903 29.1166 30.9125 29.4709 30.9125C29.6333 30.9125 29.7895 30.8496 29.9395 30.7233L30.4443 31.5797C30.2881 31.706 30.1169 31.7978 29.9308 31.855C29.7446 31.9117 29.5549 31.9401 29.3626 31.9401C28.3355 31.9401 27.8214 31.3936 27.8214 30.3Z" fill="white"></path><path d="M31.5487 31.6339C31.194 31.4297 30.9176 31.1456 30.7196 30.7821C30.5211 30.4186 30.4221 30.0056 30.4221 29.5426C30.4221 29.0801 30.5211 28.6666 30.7196 28.3031C30.9176 27.9396 31.194 27.6555 31.5487 27.4513C31.9034 27.2471 32.3087 27.145 32.7655 27.145C33.7993 27.145 34.4995 27.5683 34.8661 28.416L33.8473 28.8754C33.6132 28.4067 33.2528 28.1726 32.7655 28.1726C32.417 28.1726 32.1288 28.2989 31.9004 28.5511C31.6719 28.8037 31.558 29.1342 31.558 29.5426C31.558 29.9509 31.6719 30.282 31.9004 30.5341C32.1288 30.7867 32.417 30.9125 32.7655 30.9125C33.2528 30.9125 33.6132 30.6785 33.8473 30.2098L34.8661 30.6697C34.4995 31.5168 33.7993 31.9401 32.7655 31.9401C32.3087 31.9401 31.9034 31.8386 31.5487 31.6339Z" fill="white"></path><path d="M35.3998 25.4863H36.5176V27.9473C36.662 27.707 36.8615 27.5132 37.1167 27.3657C37.3725 27.2188 37.6592 27.145 37.9778 27.145C38.4702 27.145 38.8579 27.2909 39.1405 27.5823C39.423 27.8736 39.5643 28.2804 39.5643 28.8037V31.8685H38.4465V29.0285C38.4465 28.7522 38.3758 28.5408 38.2346 28.3933C38.0933 28.2458 37.8907 28.1726 37.6262 28.1726C37.3199 28.1726 37.0585 28.3093 36.8419 28.5825C36.6254 28.8558 36.5176 29.275 36.5176 29.8401V31.8685H35.3998V25.4863Z" fill="white"></path></svg><p class="styled__StyledBodyText-sc-119w3hf-5 ggtTyf styled__DarkGreyBodyText-jk5kya-0 iwRWTH">Aldi Price Match</p></div></div></div></div></div></div></div></li><li class="product-list--list-item"><div class="styles__StyledVerticalTileWrapper-dvv1wj-0 dtCNPH"><div data-auto="product-tile" data-auto-type="Quantity" data-auto-available="true" data-auto-is-restricted-disabled="false" data-auto-is-substitute="false" class="styles__StyledVerticalTile-dvv1wj-1 gSCsYK"><div class="styles__StyledTileContentWrapper-dvv1wj-2 bkNhNP beans"><div id="tile-282512389" data-auto-id="282512389" class="styles__StyledTiledContent-dvv1wj-3 bcglTg"><a href="https://www.tesco.com/groceries/en-GB/products/282512389" aria-hidden="true" class="product-image-wrapper" tabindex="1"><div class="product-image__container"><picture><img class="styled__Image-sjvkdn-0 bJErKA product-image beans-responsive-image__image" src="data:image/gif;base64,R0lGODlhAQABAAAAACH5BAEKAAEALAAAAAABAAEAAAICTAEAOw==" srcset="https://digitalcontent.api.tesco.com/v2/media/ghs/f0a86a44-a176-4c5f-b637-2b0e2b268671/04eda130-aa89-4aa2-833d-1025ddcdd02e_1483634856.jpeg?h=225&amp;w=225 768w, data:image/gif;base64,R0lGODlhAQABAAAAACH5BAEKAAEALAAAAAABAAEAAAICTAEAOw== 4000w" alt="Tesco Pilau Rice 250G"></picture></div></a><div class="product-details--wrapper"><h3 class="styles__H3-oa5soe-0 bCKNNq"><a href="https://www.tesco.com/groceries/en-GB/products/282512389" class="styled__Anchor-sc-1xbujuz-0 csVOnh beans-link__anchor" data-auto="product-tile--title"><span class="styled__Text-sc-1xbujuz-1 ldbwMG beans-link__text">Tesco Pilau Rice 250G</span></a></h3><div class="styles__StyledPromotionsAboveMobile-dvv1wj-7 iPTMuo"></div><div class="styles__StyledProductDetailsContent-dvv1wj-5 ddRSrq"><a href="https://www.tesco.com/groceries/en-GB/reviews/submission/282512389?from=%2Fshop%2Ffood-cupboard%2Fall" aria-label="Write a review for Tesco Pilau Rice 250G" class="styled__Anchor-sc-1xbujuz-0 jSzuDt write-a-review-link beans-link__anchor" data-auto="review-link"><span class="styled__Text-sc-1xbujuz-1 fyDIEo beans-link__text">Write a review</span><span class="styled__IconContainer-sc-1xbujuz-2 bSauSL beans-link__icon-container"><svg aria-hidden="true" class="styled__SVG-xxa4wh-1 hQMCqc beans-link__icon beans-icon__svg" height="13.33" preserveAspectRatio="xMinYMax meet" viewBox="-1 0 12 20" width="8" xmlns="http://www.w3.org/2000/svg" color="currentColor"><path d="M1.312 1.348L10.276 10l-8.964 8.644" fill="none" stroke="currentColor"></path></svg></span></a><div><a href="https://www.tesco.com/groceries/en-GB/shop/food-cupboard/dried-pasta-rice-noodles-and-cous-cous/plain-microwave-rice/pilau-microwave-rice" class="styled__Anchor-sc-1xbujuz-0 jSzuDt rest-of-shelf-link beans-link__anchor" data-auto="rest-of-shelf-link"><span class="styled__Text-sc-1xbujuz-1 fyDIEo beans-link__text">Rest of <span class="visually-hidden">Pilau Microwave Rice</span> shelf</span><span class="styled__IconContainer-sc-1xbujuz-2 bSauSL beans-link__icon-container"><svg aria-hidden="true" class="styled__SVG-xxa4wh-1 hQMCqc beans-link__icon beans-icon__svg" height="13.33" preserveAspectRatio="xMinYMax meet" viewBox="-1 0 12 20" width="8" xmlns="http://www.w3.org/2000/svg" color="currentColor"><path d="M1.312 1.348L10.276 10l-8.964 8.644" fill="none" stroke="currentColor"></path></svg></span></a></div><div class="product-info-message-section"><div class="product-info-message-list"><div class="styled__WhiteBackground-sc-9yzfq2-1 jthPIJ"><svg width="56" height="56" viewBox="0 0 56 56" fill="none" xmlns="http://www.w3.org/2000/svg"><path d="M52.1301 27.8766C52.1301 14.5534 41.3293 3.75308 28.0066 3.75308C14.6834 3.75308 3.88306 14.5534 3.88306 27.8766C3.88306 41.1998 14.6834 52.0002 28.0066 52.0002C41.3293 52.0002 52.1301 41.1998 52.1301 27.8766Z" fill="#EE1C2E"></path><path d="M19.6853 36.5687L31.8169 48.6998L52.6633 27.8998L51.9894 23.0423L31.886 43.1452L22.5438 33.803L19.6853 36.5687Z" fill="white"></path><path d="M24.2699 12.0048L23.5594 9.93467L22.8484 12.0048H24.2699ZM24.6345 13.0711H22.4844L21.9776 14.5375H20.7515L22.9815 8.31722H24.1369L26.3669 14.5375H25.1408L24.6345 13.0711Z" fill="white"></path><path d="M27.8359 14.5375H26.734V8.24609H27.8359V14.5375Z" fill="white"></path><path d="M31.5684 13.2309C31.7849 12.9886 31.8927 12.6597 31.8927 12.2446C31.8927 11.8306 31.7849 11.5016 31.5684 11.2588C31.3524 11.0159 31.0811 10.8942 30.7558 10.8942C30.4299 10.8942 30.1587 11.0159 29.9427 11.2588C29.7267 11.5016 29.6184 11.8306 29.6184 12.2446C29.6184 12.6597 29.7267 12.9886 29.9427 13.2309C30.1587 13.4738 30.4299 13.5955 30.7558 13.5955C31.0811 13.5955 31.3524 13.4738 31.5684 13.2309ZM29.4673 14.3065C29.159 14.1049 28.9177 13.8234 28.7429 13.4619C28.5681 13.101 28.481 12.6952 28.481 12.2446C28.481 11.7888 28.5655 11.3815 28.7341 11.0231C28.9032 10.6648 29.1384 10.3848 29.4405 10.1837C29.7426 9.98212 30.0891 9.88158 30.48 9.88158C30.7883 9.88158 31.0579 9.93624 31.2889 10.0455C31.5199 10.1554 31.6978 10.3106 31.8221 10.5122V8.24609H32.9239V14.5375H31.8221V13.9863C31.6916 14.1704 31.5137 14.3194 31.2889 14.4349C31.0636 14.5504 30.797 14.6086 30.4892 14.6086C30.1159 14.6086 29.7751 14.5076 29.4673 14.3065Z" fill="white"></path><path d="M34.9657 14.5375H33.8638V9.95224H34.9657V14.5375ZM33.9082 8.34408C34.0443 8.20796 34.2129 8.1399 34.4145 8.1399C34.6161 8.1399 34.7847 8.20796 34.9208 8.34408C35.0574 8.48071 35.1255 8.64931 35.1255 8.8504C35.1255 9.052 35.0574 9.22112 34.9208 9.35724C34.7847 9.49336 34.6161 9.56142 34.4145 9.56142C34.2129 9.56142 34.0443 9.49336 33.9082 9.35724C33.7715 9.22112 33.704 9.052 33.704 8.8504C33.704 8.64931 33.7715 8.48071 33.9082 8.34408Z" fill="white"></path><path d="M19.6791 19.3347C19.8894 19.1506 19.9946 18.8779 19.9946 18.5169C19.9946 18.1565 19.8894 17.8838 19.6791 17.6997C19.4682 17.5156 19.183 17.4233 18.8221 17.4233H17.5027V19.6111H18.8221C19.183 19.6111 19.4682 19.5188 19.6791 19.3347ZM17.5027 23.9628H16.0374V16.0704H18.9345C19.461 16.0704 19.9157 16.1776 20.2988 16.3921C20.6824 16.6061 20.9753 16.8995 21.1784 17.2712C21.3816 17.6435 21.4826 18.0586 21.4826 18.5169C21.4826 18.9758 21.3816 19.3909 21.1784 19.7632C20.9753 20.1354 20.6824 20.4283 20.2988 20.6423C19.9157 20.8568 19.461 20.9635 18.9345 20.9635H17.5027V23.9628Z" fill="white"></path><path d="M22.0396 18.1451H23.4379V19.0248C23.6029 18.7087 23.8359 18.4684 24.1365 18.3029C24.4376 18.1374 24.7717 18.0549 25.1404 18.0549C25.5235 18.0549 25.8241 18.1415 26.0422 18.3143L25.5689 19.4981C25.3729 19.3929 25.1662 19.3403 24.9486 19.3403C24.5124 19.3403 24.152 19.528 23.8663 19.9039C23.5802 20.2797 23.4379 20.8582 23.4379 21.6404V23.9627H22.0396V18.1451Z" fill="white"></path><path d="M27.8879 23.9627H26.4896V18.1451H27.8879V23.9627ZM26.5458 16.1044C26.7191 15.9316 26.933 15.845 27.1888 15.845C27.444 15.845 27.658 15.9316 27.8312 16.1044C28.0039 16.2771 28.0906 16.4916 28.0906 16.7468C28.0906 17.0026 28.0039 17.217 27.8312 17.3898C27.658 17.5625 27.444 17.6491 27.1888 17.6491C26.933 17.6491 26.7191 17.5625 26.5458 17.3898C26.3731 17.217 26.287 17.0026 26.287 16.7468C26.287 16.4916 26.3731 16.2771 26.5458 16.1044Z" fill="white"></path><path d="M30.0603 23.6693C29.6168 23.4141 29.2714 23.0588 29.0234 22.6041C28.7754 22.1493 28.6511 21.6327 28.6511 21.0537C28.6511 20.4752 28.7754 19.9585 29.0234 19.5038C29.2714 19.049 29.6168 18.6937 30.0603 18.438C30.5037 18.1828 31.011 18.0549 31.5823 18.0549C32.8749 18.0549 33.751 18.585 34.2093 19.6445L32.9353 20.2199C32.6424 19.6332 32.1913 19.3403 31.5823 19.3403C31.1466 19.3403 30.7857 19.4981 30.5001 19.8136C30.2144 20.1297 30.0716 20.5427 30.0716 21.0537C30.0716 21.5651 30.2144 21.9787 30.5001 22.2942C30.7857 22.6097 31.1466 22.7675 31.5823 22.7675C32.1913 22.7675 32.6424 22.4747 32.9353 21.8884L34.2093 22.4633C33.751 23.5229 32.8749 24.0529 31.5823 24.0529C31.011 24.0529 30.5037 23.9251 30.0603 23.6693Z" fill="white"></path><path d="M38.727 20.3999C38.6744 20.0694 38.5223 19.7987 38.2707 19.5883C38.0186 19.3779 37.7015 19.2728 37.3179 19.2728C36.9946 19.2728 36.7048 19.3723 36.4496 19.5713C36.1939 19.7708 36.0175 20.0467 35.9196 20.3999H38.727ZM40.1588 21.5048H35.8633C35.9381 21.9333 36.115 22.2586 36.3934 22.4803C36.6713 22.702 37.0095 22.8129 37.4081 22.8129C37.7386 22.8129 38.015 22.7433 38.2367 22.6041C38.4584 22.4649 38.6708 22.253 38.874 21.9673L40.0573 22.6097C39.7716 23.0759 39.4092 23.4327 38.9693 23.6812C38.5295 23.9287 37.983 24.0529 37.3292 24.0529C36.7125 24.0529 36.1846 23.9086 35.7453 23.6188C35.3055 23.3295 34.9765 22.9557 34.7584 22.4968C34.5403 22.0385 34.4315 21.5574 34.4315 21.0537C34.4315 20.5504 34.546 20.0694 34.7754 19.611C35.0044 19.1526 35.3374 18.7783 35.7731 18.4891C36.2088 18.1998 36.7239 18.0549 37.3179 18.0549C37.9191 18.0549 38.4341 18.19 38.8626 18.4607C39.2911 18.7314 39.6139 19.0866 39.832 19.5264C40.0501 19.9657 40.1588 20.4339 40.1588 20.9299V21.5048Z" fill="white"></path><path d="M16.3879 25.558H17.7399L19.2454 29.4977L20.751 25.558H22.1029V31.8684H20.9309V28.0282L19.6873 31.2915H18.8035L17.5599 28.0282V31.8684H16.3879V25.558Z" fill="white"></path><path d="M25.4058 30.7146C25.6131 30.5341 25.7167 30.3119 25.7167 30.0474V29.9216H24.8335C24.5746 29.9216 24.3689 29.971 24.2158 30.07C24.0626 30.169 23.9858 30.3057 23.9858 30.48C23.9858 30.6424 24.0415 30.7671 24.1529 30.8543C24.2637 30.9414 24.4277 30.9847 24.6437 30.9847C24.9443 30.9847 25.1985 30.8945 25.4058 30.7146ZM23.6074 31.7782C23.3671 31.67 23.1748 31.5122 23.0304 31.3049C22.886 31.0976 22.8138 30.8496 22.8138 30.5609C22.8138 30.1046 22.9855 29.7364 23.3279 29.457C23.6703 29.1775 24.1333 29.0378 24.7159 29.0378H25.7167V28.8754C25.7167 28.6413 25.6357 28.4531 25.4733 28.3118C25.3109 28.1711 25.0918 28.1004 24.8154 28.1004C24.5927 28.1004 24.3916 28.1592 24.2111 28.2763C24.0312 28.3933 23.8956 28.5299 23.8059 28.6862L22.9494 28.1726C23.1113 27.8782 23.3516 27.6333 23.6703 27.4379C23.9889 27.2425 24.3705 27.145 24.8154 27.145C25.4522 27.145 25.9482 27.2982 26.3024 27.6044C26.6572 27.9112 26.8345 28.3526 26.8345 28.9295V31.8685H25.9152L25.7621 31.2735C25.6115 31.4776 25.4207 31.6401 25.1892 31.7602C24.9582 31.8803 24.686 31.9401 24.3735 31.9401C24.1029 31.9401 23.8476 31.8865 23.6074 31.7782Z" fill="white"></path><path d="M27.8214 30.3V28.1726H27.1182V27.2167H27.8214V26.4417L28.9393 25.7384V27.2167H30.1381V28.1726H28.9393V30.2458C28.9393 30.6903 29.1166 30.9125 29.4709 30.9125C29.6333 30.9125 29.7895 30.8496 29.9395 30.7233L30.4443 31.5797C30.2881 31.706 30.1169 31.7978 29.9308 31.855C29.7446 31.9117 29.5549 31.9401 29.3626 31.9401C28.3355 31.9401 27.8214 31.3936 27.8214 30.3Z" fill="white"></path><path d="M31.5487 31.6339C31.194 31.4297 30.9176 31.1456 30.7196 30.7821C30.5211 30.4186 30.4221 30.0056 30.4221 29.5426C30.4221 29.0801 30.5211 28.6666 30.7196 28.3031C30.9176 27.9396 31.194 27.6555 31.5487 27.4513C31.9034 27.2471 32.3087 27.145 32.7655 27.145C33.7993 27.145 34.4995 27.5683 34.8661 28.416L33.8473 28.8754C33.6132 28.4067 33.2528 28.1726 32.7655 28.1726C32.417 28.1726 32.1288 28.2989 31.9004 28.5511C31.6719 28.8037 31.558 29.1342 31.558 29.5426C31.558 29.9509 31.6719 30.282 31.9004 30.5341C32.1288 30.7867 32.417 30.9125 32.7655 30.9125C33.2528 30.9125 33.6132 30.6785 33.8473 30.2098L34.8661 30.6697C34.4995 31.5168 33.7993 31.9401 32.7655 31.9401C32.3087 31.9401 31.9034 31.8386 31.5487 31.6339Z" fill="white"></path><path d="M35.3998 25.4863H36.5176V27.9473C36.662 27.707 36.8615 27.5132 37.1167 27.3657C37.3725 27.2188 37.6592 27.145 37.9778 27.145C38.4702 27.145 38.8579 27.2909 39.1405 27.5823C39.423 27.8736 39.5643 28.2804 39.5643 28.8037V31.8685H38.4465V29.0285C38.4465 28.7522 38.3758 28.5408 38.2346 28.3933C38.0933 28.2458 37.8907 28.1726 37.6262 28.1726C37.3199 28.1726 37.0585 28.3093 36.8419 28.5825C36.6254 28.8558 36.5176 29.275 36.5176 29.8401V31.8685H35.3998V25.4863Z" fill="white"></path></svg><p class="styled__StyledBodyText-sc-119w3hf-5 ggtTyf styled__DarkGreyBodyText-jk5kya-0 iwRWTH">Aldi Price Match</p></div></div></div></div><div class="styles__StyledBuyBoxWrapper-dvv1wj-4 dSvjUC"><div class="styles__StyledBuyBoxContainer-sc-1wx0qp6-0 erryje" data-auto="buybox-container"><div class="styles__SafeFormWrapper-jtpu2t-0 lcrYKS"><form action="https://www.tesco.com/groceries/en-GB/trolley/items/282512389?_method=PUT" method="POST"><input type="submit" class="hidden"><input name="id" type="hidden" value="282512389"><input name="identifier" type="hidden" value="Page"><input name="anchorId" type="hidden" value="#tile-282512389"><input name="returnUrl" type="hidden" value="/groceries/en-GB/shop/food-cupboard/all?redirectIfUnavailable=true#tile-282512389"><input name="backToUrl" type="hidden" value="#"><input name="oldValue" type="hidden" value="0"><input name="oldUnitChoice" type="hidden" value="pcs"><input name="newUnitChoice" type="hidden" value="pcs"><div class="base-components__RootElement-sc-1mosoyj-1 styled__Container-sc-6nhkzi-0 jptQqM hSNpTb beans-buybox__container"><div class="base-components__BaseElement-sc-1mosoyj-0 styled__PriceAndActions-sc-6nhkzi-3 oznwo eEPLov beans-buybox__price-and-actions"><div class="base-components__RootElement-sc-1mosoyj-1 styled__Container-sc-8qlq5b-0 jptQqM bgZrjw styled__StyledPrice-sc-6nhkzi-5 iYHeik beans-buybox__price beans-price__container"><p class="styled__StyledHeading-sc-119w3hf-2 jWPEtj styled__Text-sc-8qlq5b-1 lnaeiZ beans-price__text">£0.35</p><p class="styled__StyledFootnote-sc-119w3hf-7 icrlVF styled__Subtext-sc-8qlq5b-2 bNJmdc beans-price__subtext">£1.40/kg</p></div><div class="base-components__RootElement-sc-1mosoyj-1 styled__Container-vtxwzb-0 jptQqM bDFhXJ beans-buybox__actions beans-quantity-controls__container"><div class="base-components__RootElement-sc-1mosoyj-1 styled__Container-sc-16t2b2a-0 jptQqM PUfgZ styled__StyledFormGroup-vtxwzb-1 kzKuAr beans-quantity-controls__form-group beans-form-group__container"><label class="styled__StyledLabel-sc-1ttuvhr-0 izGEjV beans-form-group__label beans-label" for="quantity-controls-282512389">Quantity controls </label><div class="base-components__BaseElement-sc-1mosoyj-0 styled__Children-sc-16t2b2a-3 oznwo gdJvjO beans-form-group__children"><div class="styled__StyledQuantityControlWrapper-vtxwzb-6 LCxOg"><label id="quantity-controls-282512389-label" class="styled__VisuallyHiddenLabel-vtxwzb-7 gXlLiM">Quantity of Tesco Pilau Rice 250G</label><div class="component__Wrapper-sc-1kpmik-3 dReplG input-wrapper"><input class="base-components__RootElement-sc-1mosoyj-1 styled__StyledInput-sc-1jd5f57-0 component__StyledAsInput-sc-1kpmik-4 jptQqM eJLlow styled__StyledInput-vtxwzb-3 lwMHo beans-quantity-controls__input beans-input" data-auto="beans-quantity-controls-input" autocomplete="off" id="quantity-controls-282512389" maxlength="2" name="newValue" type="number" aria-labelledby="quantity-controls-282512389-label" value="1"></div></div><button class="styled__BaseButton-rsekm1-0 styled__PrimaryButton-rsekm1-2 jChbeY geeWOF styled__StyledButton-vtxwzb-5 japAxb beans-quantity-controls__add-button beans-button__container" type="submit" data-auto="beans-quantity-controls-add-button" aria-label="Quantity of Tesco Pilau Rice 250G"><span class="base-components__BaseElement-sc-1mosoyj-0 styled__InnerContainer-rsekm1-1 oznwo fuFres beans-button__inner-container"><span class="base-components__BaseElement-sc-1mosoyj-0 styled__TextSpan-rsekm1-4 oznwo GDiMp beans-button__text">Add</span></span></button></div></div></div></div></div><input name="_csrf" type="hidden" value="92xA6FXg-W2XHhQLLDKqjWuqmpStG0svGR_s"></form></div></div></div></div><div class="hidden-medium product-info-section-small"><div class="product-info-message-list"><div class="styled__WhiteBackground-sc-9yzfq2-1 jthPIJ"><svg width="56" height="56" viewBox="0 0 56 56" fill="none" xmlns="http://www.w3.org/2000/svg"><path d="M52.1301 27.8766C52.1301 14.5534 41.3293 3.75308 28.0066 3.75308C14.6834 3.75308 3.88306 14.5534 3.88306 27.8766C3.88306 41.1998 14.6834 52.0002 28.0066 52.0002C41.3293 52.0002 52.1301 41.1998 52.1301 27.8766Z" fill="#EE1C2E"></path><path d="M19.6853 36.5687L31.8169 48.6998L52.6633 27.8998L51.9894 23.0423L31.886 43.1452L22.5438 33.803L19.6853 36.5687Z" fill="white"></path><path d="M24.2699 12.0048L23.5594 9.93467L22.8484 12.0048H24.2699ZM24.6345 13.0711H22.4844L21.9776 14.5375H20.7515L22.9815 8.31722H24.1369L26.3669 14.5375H25.1408L24.6345 13.0711Z" fill="white"></path><path d="M27.8359 14.5375H26.734V8.24609H27.8359V14.5375Z" fill="white"></path><path d="M31.5684 13.2309C31.7849 12.9886 31.8927 12.6597 31.8927 12.2446C31.8927 11.8306 31.7849 11.5016 31.5684 11.2588C31.3524 11.0159 31.0811 10.8942 30.7558 10.8942C30.4299 10.8942 30.1587 11.0159 29.9427 11.2588C29.7267 11.5016 29.6184 11.8306 29.6184 12.2446C29.6184 12.6597 29.7267 12.9886 29.9427 13.2309C30.1587 13.4738 30.4299 13.5955 30.7558 13.5955C31.0811 13.5955 31.3524 13.4738 31.5684 13.2309ZM29.4673 14.3065C29.159 14.1049 28.9177 13.8234 28.7429 13.4619C28.5681 13.101 28.481 12.6952 28.481 12.2446C28.481 11.7888 28.5655 11.3815 28.7341 11.0231C28.9032 10.6648 29.1384 10.3848 29.4405 10.1837C29.7426 9.98212 30.0891 9.88158 30.48 9.88158C30.7883 9.88158 31.0579 9.93624 31.2889 10.0455C31.5199 10.1554 31.6978 10.3106 31.8221 10.5122V8.24609H32.9239V14.5375H31.8221V13.9863C31.6916 14.1704 31.5137 14.3194 31.2889 14.4349C31.0636 14.5504 30.797 14.6086 30.4892 14.6086C30.1159 14.6086 29.7751 14.5076 29.4673 14.3065Z" fill="white"></path><path d="M34.9657 14.5375H33.8638V9.95224H34.9657V14.5375ZM33.9082 8.34408C34.0443 8.20796 34.2129 8.1399 34.4145 8.1399C34.6161 8.1399 34.7847 8.20796 34.9208 8.34408C35.0574 8.48071 35.1255 8.64931 35.1255 8.8504C35.1255 9.052 35.0574 9.22112 34.9208 9.35724C34.7847 9.49336 34.6161 9.56142 34.4145 9.56142C34.2129 9.56142 34.0443 9.49336 33.9082 9.35724C33.7715 9.22112 33.704 9.052 33.704 8.8504C33.704 8.64931 33.7715 8.48071 33.9082 8.34408Z" fill="white"></path><path d="M19.6791 19.3347C19.8894 19.1506 19.9946 18.8779 19.9946 18.5169C19.9946 18.1565 19.8894 17.8838 19.6791 17.6997C19.4682 17.5156 19.183 17.4233 18.8221 17.4233H17.5027V19.6111H18.8221C19.183 19.6111 19.4682 19.5188 19.6791 19.3347ZM17.5027 23.9628H16.0374V16.0704H18.9345C19.461 16.0704 19.9157 16.1776 20.2988 16.3921C20.6824 16.6061 20.9753 16.8995 21.1784 17.2712C21.3816 17.6435 21.4826 18.0586 21.4826 18.5169C21.4826 18.9758 21.3816 19.3909 21.1784 19.7632C20.9753 20.1354 20.6824 20.4283 20.2988 20.6423C19.9157 20.8568 19.461 20.9635 18.9345 20.9635H17.5027V23.9628Z" fill="white"></path><path d="M22.0396 18.1451H23.4379V19.0248C23.6029 18.7087 23.8359 18.4684 24.1365 18.3029C24.4376 18.1374 24.7717 18.0549 25.1404 18.0549C25.5235 18.0549 25.8241 18.1415 26.0422 18.3143L25.5689 19.4981C25.3729 19.3929 25.1662 19.3403 24.9486 19.3403C24.5124 19.3403 24.152 19.528 23.8663 19.9039C23.5802 20.2797 23.4379 20.8582 23.4379 21.6404V23.9627H22.0396V18.1451Z" fill="white"></path><path d="M27.8879 23.9627H26.4896V18.1451H27.8879V23.9627ZM26.5458 16.1044C26.7191 15.9316 26.933 15.845 27.1888 15.845C27.444 15.845 27.658 15.9316 27.8312 16.1044C28.0039 16.2771 28.0906 16.4916 28.0906 16.7468C28.0906 17.0026 28.0039 17.217 27.8312 17.3898C27.658 17.5625 27.444 17.6491 27.1888 17.6491C26.933 17.6491 26.7191 17.5625 26.5458 17.3898C26.3731 17.217 26.287 17.0026 26.287 16.7468C26.287 16.4916 26.3731 16.2771 26.5458 16.1044Z" fill="white"></path><path d="M30.0603 23.6693C29.6168 23.4141 29.2714 23.0588 29.0234 22.6041C28.7754 22.1493 28.6511 21.6327 28.6511 21.0537C28.6511 20.4752 28.7754 19.9585 29.0234 19.5038C29.2714 19.049 29.6168 18.6937 30.0603 18.438C30.5037 18.1828 31.011 18.0549 31.5823 18.0549C32.8749 18.0549 33.751 18.585 34.2093 19.6445L32.9353 20.2199C32.6424 19.6332 32.1913 19.3403 31.5823 19.3403C31.1466 19.3403 30.7857 19.4981 30.5001 19.8136C30.2144 20.1297 30.0716 20.5427 30.0716 21.0537C30.0716 21.5651 30.2144 21.9787 30.5001 22.2942C30.7857 22.6097 31.1466 22.7675 31.5823 22.7675C32.1913 22.7675 32.6424 22.4747 32.9353 21.8884L34.2093 22.4633C33.751 23.5229 32.8749 24.0529 31.5823 24.0529C31.011 24.0529 30.5037 23.9251 30.0603 23.6693Z" fill="white"></path><path d="M38.727 20.3999C38.6744 20.0694 38.5223 19.7987 38.2707 19.5883C38.0186 19.3779 37.7015 19.2728 37.3179 19.2728C36.9946 19.2728 36.7048 19.3723 36.4496 19.5713C36.1939 19.7708 36.0175 20.0467 35.9196 20.3999H38.727ZM40.1588 21.5048H35.8633C35.9381 21.9333 36.115 22.2586 36.3934 22.4803C36.6713 22.702 37.0095 22.8129 37.4081 22.8129C37.7386 22.8129 38.015 22.7433 38.2367 22.6041C38.4584 22.4649 38.6708 22.253 38.874 21.9673L40.0573 22.6097C39.7716 23.0759 39.4092 23.4327 38.9693 23.6812C38.5295 23.9287 37.983 24.0529 37.3292 24.0529C36.7125 24.0529 36.1846 23.9086 35.7453 23.6188C35.3055 23.3295 34.9765 22.9557 34.7584 22.4968C34.5403 22.0385 34.4315 21.5574 34.4315 21.0537C34.4315 20.5504 34.546 20.0694 34.7754 19.611C35.0044 19.1526 35.3374 18.7783 35.7731 18.4891C36.2088 18.1998 36.7239 18.0549 37.3179 18.0549C37.9191 18.0549 38.4341 18.19 38.8626 18.4607C39.2911 18.7314 39.6139 19.0866 39.832 19.5264C40.0501 19.9657 40.1588 20.4339 40.1588 20.9299V21.5048Z" fill="white"></path><path d="M16.3879 25.558H17.7399L19.2454 29.4977L20.751 25.558H22.1029V31.8684H20.9309V28.0282L19.6873 31.2915H18.8035L17.5599 28.0282V31.8684H16.3879V25.558Z" fill="white"></path><path d="M25.4058 30.7146C25.6131 30.5341 25.7167 30.3119 25.7167 30.0474V29.9216H24.8335C24.5746 29.9216 24.3689 29.971 24.2158 30.07C24.0626 30.169 23.9858 30.3057 23.9858 30.48C23.9858 30.6424 24.0415 30.7671 24.1529 30.8543C24.2637 30.9414 24.4277 30.9847 24.6437 30.9847C24.9443 30.9847 25.1985 30.8945 25.4058 30.7146ZM23.6074 31.7782C23.3671 31.67 23.1748 31.5122 23.0304 31.3049C22.886 31.0976 22.8138 30.8496 22.8138 30.5609C22.8138 30.1046 22.9855 29.7364 23.3279 29.457C23.6703 29.1775 24.1333 29.0378 24.7159 29.0378H25.7167V28.8754C25.7167 28.6413 25.6357 28.4531 25.4733 28.3118C25.3109 28.1711 25.0918 28.1004 24.8154 28.1004C24.5927 28.1004 24.3916 28.1592 24.2111 28.2763C24.0312 28.3933 23.8956 28.5299 23.8059 28.6862L22.9494 28.1726C23.1113 27.8782 23.3516 27.6333 23.6703 27.4379C23.9889 27.2425 24.3705 27.145 24.8154 27.145C25.4522 27.145 25.9482 27.2982 26.3024 27.6044C26.6572 27.9112 26.8345 28.3526 26.8345 28.9295V31.8685H25.9152L25.7621 31.2735C25.6115 31.4776 25.4207 31.6401 25.1892 31.7602C24.9582 31.8803 24.686 31.9401 24.3735 31.9401C24.1029 31.9401 23.8476 31.8865 23.6074 31.7782Z" fill="white"></path><path d="M27.8214 30.3V28.1726H27.1182V27.2167H27.8214V26.4417L28.9393 25.7384V27.2167H30.1381V28.1726H28.9393V30.2458C28.9393 30.6903 29.1166 30.9125 29.4709 30.9125C29.6333 30.9125 29.7895 30.8496 29.9395 30.7233L30.4443 31.5797C30.2881 31.706 30.1169 31.7978 29.9308 31.855C29.7446 31.9117 29.5549 31.9401 29.3626 31.9401C28.3355 31.9401 27.8214 31.3936 27.8214 30.3Z" fill="white"></path><path d="M31.5487 31.6339C31.194 31.4297 30.9176 31.1456 30.7196 30.7821C30.5211 30.4186 30.4221 30.0056 30.4221 29.5426C30.4221 29.0801 30.5211 28.6666 30.7196 28.3031C30.9176 27.9396 31.194 27.6555 31.5487 27.4513C31.9034 27.2471 32.3087 27.145 32.7655 27.145C33.7993 27.145 34.4995 27.5683 34.8661 28.416L33.8473 28.8754C33.6132 28.4067 33.2528 28.1726 32.7655 28.1726C32.417 28.1726 32.1288 28.2989 31.9004 28.5511C31.6719 28.8037 31.558 29.1342 31.558 29.5426C31.558 29.9509 31.6719 30.282 31.9004 30.5341C32.1288 30.7867 32.417 30.9125 32.7655 30.9125C33.2528 30.9125 33.6132 30.6785 33.8473 30.2098L34.8661 30.6697C34.4995 31.5168 33.7993 31.9401 32.7655 31.9401C32.3087 31.9401 31.9034 31.8386 31.5487 31.6339Z" fill="white"></path><path d="M35.3998 25.4863H36.5176V27.9473C36.662 27.707 36.8615 27.5132 37.1167 27.3657C37.3725 27.2188 37.6592 27.145 37.9778 27.145C38.4702 27.145 38.8579 27.2909 39.1405 27.5823C39.423 27.8736 39.5643 28.2804 39.5643 28.8037V31.8685H38.4465V29.0285C38.4465 28.7522 38.3758 28.5408 38.2346 28.3933C38.0933 28.2458 37.8907 28.1726 37.6262 28.1726C37.3199 28.1726 37.0585 28.3093 36.8419 28.5825C36.6254 28.8558 36.5176 29.275 36.5176 29.8401V31.8685H35.3998V25.4863Z" fill="white"></path></svg><p class="styled__StyledBodyText-sc-119w3hf-5 ggtTyf styled__DarkGreyBodyText-jk5kya-0 iwRWTH">Aldi Price Match</p></div></div></div></div></div></div></div></li><li class="product-list--list-item"><div class="styles__StyledVerticalTileWrapper-dvv1wj-0 dtCNPH"><div data-auto="product-tile" data-auto-type="Quantity" data-auto-available="true" data-auto-is-restricted-disabled="false" data-auto-is-substitute="false" class="styles__StyledVerticalTile-dvv1wj-1 gSCsYK"><div class="styles__StyledTileContentWrapper-dvv1wj-2 bkNhNP beans"><div id="tile-251680648" data-auto-id="251680648" class="styles__StyledTiledContent-dvv1wj-3 bcglTg"><a href="https://www.tesco.com/groceries/en-GB/products/251680648" aria-hidden="true" class="product-image-wrapper" tabindex="1"><div class="product-image__container"><picture><img class="styled__Image-sjvkdn-0 bJErKA product-image beans-responsive-image__image" src="data:image/gif;base64,R0lGODlhAQABAAAAACH5BAEKAAEALAAAAAABAAEAAAICTAEAOw==" srcset="https://digitalcontent.api.tesco.com/v2/media/ghs/75a4862f-01d2-4699-a5de-d42ddb9896de/731e32f9-f16a-4b5b-bcc8-9b3d3af017c9_73786565.jpeg?h=225&amp;w=225 768w, data:image/gif;base64,R0lGODlhAQABAAAAACH5BAEKAAEALAAAAAABAAEAAAICTAEAOw== 4000w" alt="Tesco Microwave Basmati Rice 250G"></picture></div></a><div class="product-details--wrapper"><h3 class="styles__H3-oa5soe-0 bCKNNq"><a href="https://www.tesco.com/groceries/en-GB/products/251680648" class="styled__Anchor-sc-1xbujuz-0 csVOnh beans-link__anchor" data-auto="product-tile--title"><span class="styled__Text-sc-1xbujuz-1 ldbwMG beans-link__text">Tesco Microwave Basmati Rice 250G</span></a></h3><div class="styles__StyledPromotionsAboveMobile-dvv1wj-7 iPTMuo"></div><div class="styles__StyledProductDetailsContent-dvv1wj-5 ddRSrq"><a href="https://www.tesco.com/groceries/en-GB/reviews/submission/251680648?from=%2Fshop%2Ffood-cupboard%2Fall" aria-label="Write a review for Tesco Microwave Basmati Rice 250G" class="styled__Anchor-sc-1xbujuz-0 jSzuDt write-a-review-link beans-link__anchor" data-auto="review-link"><span class="styled__Text-sc-1xbujuz-1 fyDIEo beans-link__text">Write a review</span><span class="styled__IconContainer-sc-1xbujuz-2 bSauSL beans-link__icon-container"><svg aria-hidden="true" class="styled__SVG-xxa4wh-1 hQMCqc beans-link__icon beans-icon__svg" height="13.33" preserveAspectRatio="xMinYMax meet" viewBox="-1 0 12 20" width="8" xmlns="http://www.w3.org/2000/svg" color="currentColor"><path d="M1.312 1.348L10.276 10l-8.964 8.644" fill="none" stroke="currentColor"></path></svg></span></a><div><a href="https://www.tesco.com/groceries/en-GB/shop/food-cupboard/dried-pasta-rice-noodles-and-cous-cous/plain-microwave-rice/basmati-microwave-rice" class="styled__Anchor-sc-1xbujuz-0 jSzuDt rest-of-shelf-link beans-link__anchor" data-auto="rest-of-shelf-link"><span class="styled__Text-sc-1xbujuz-1 fyDIEo beans-link__text">Rest of <span class="visually-hidden">Basmati Microwave Rice</span> shelf</span><span class="styled__IconContainer-sc-1xbujuz-2 bSauSL beans-link__icon-container"><svg aria-hidden="true" class="styled__SVG-xxa4wh-1 hQMCqc beans-link__icon beans-icon__svg" height="13.33" preserveAspectRatio="xMinYMax meet" viewBox="-1 0 12 20" width="8" xmlns="http://www.w3.org/2000/svg" color="currentColor"><path d="M1.312 1.348L10.276 10l-8.964 8.644" fill="none" stroke="currentColor"></path></svg></span></a></div><div class="product-info-message-section"><div class="product-info-message-list"><div class="styled__WhiteBackground-sc-9yzfq2-1 jthPIJ"><svg width="56" height="56" viewBox="0 0 56 56" fill="none" xmlns="http://www.w3.org/2000/svg"><path d="M52.1301 27.8766C52.1301 14.5534 41.3293 3.75308 28.0066 3.75308C14.6834 3.75308 3.88306 14.5534 3.88306 27.8766C3.88306 41.1998 14.6834 52.0002 28.0066 52.0002C41.3293 52.0002 52.1301 41.1998 52.1301 27.8766Z" fill="#EE1C2E"></path><path d="M19.6853 36.5687L31.8169 48.6998L52.6633 27.8998L51.9894 23.0423L31.886 43.1452L22.5438 33.803L19.6853 36.5687Z" fill="white"></path><path d="M24.2699 12.0048L23.5594 9.93467L22.8484 12.0048H24.2699ZM24.6345 13.0711H22.4844L21.9776 14.5375H20.7515L22.9815 8.31722H24.1369L26.3669 14.5375H25.1408L24.6345 13.0711Z" fill="white"></path><path d="M27.8359 14.5375H26.734V8.24609H27.8359V14.5375Z" fill="white"></path><path d="M31.5684 13.2309C31.7849 12.9886 31.8927 12.6597 31.8927 12.2446C31.8927 11.8306 31.7849 11.5016 31.5684 11.2588C31.3524 11.0159 31.0811 10.8942 30.7558 10.8942C30.4299 10.8942 30.1587 11.0159 29.9427 11.2588C29.7267 11.5016 29.6184 11.8306 29.6184 12.2446C29.6184 12.6597 29.7267 12.9886 29.9427 13.2309C30.1587 13.4738 30.4299 13.5955 30.7558 13.5955C31.0811 13.5955 31.3524 13.4738 31.5684 13.2309ZM29.4673 14.3065C29.159 14.1049 28.9177 13.8234 28.7429 13.4619C28.5681 13.101 28.481 12.6952 28.481 12.2446C28.481 11.7888 28.5655 11.3815 28.7341 11.0231C28.9032 10.6648 29.1384 10.3848 29.4405 10.1837C29.7426 9.98212 30.0891 9.88158 30.48 9.88158C30.7883 9.88158 31.0579 9.93624 31.2889 10.0455C31.5199 10.1554 31.6978 10.3106 31.8221 10.5122V8.24609H32.9239V14.5375H31.8221V13.9863C31.6916 14.1704 31.5137 14.3194 31.2889 14.4349C31.0636 14.5504 30.797 14.6086 30.4892 14.6086C30.1159 14.6086 29.7751 14.5076 29.4673 14.3065Z" fill="white"></path><path d="M34.9657 14.5375H33.8638V9.95224H34.9657V14.5375ZM33.9082 8.34408C34.0443 8.20796 34.2129 8.1399 34.4145 8.1399C34.6161 8.1399 34.7847 8.20796 34.9208 8.34408C35.0574 8.48071 35.1255 8.64931 35.1255 8.8504C35.1255 9.052 35.0574 9.22112 34.9208 9.35724C34.7847 9.49336 34.6161 9.56142 34.4145 9.56142C34.2129 9.56142 34.0443 9.49336 33.9082 9.35724C33.7715 9.22112 33.704 9.052 33.704 8.8504C33.704 8.64931 33.7715 8.48071 33.9082 8.34408Z" fill="white"></path><path d="M19.6791 19.3347C19.8894 19.1506 19.9946 18.8779 19.9946 18.5169C19.9946 18.1565 19.8894 17.8838 19.6791 17.6997C19.4682 17.5156 19.183 17.4233 18.8221 17.4233H17.5027V19.6111H18.8221C19.183 19.6111 19.4682 19.5188 19.6791 19.3347ZM17.5027 23.9628H16.0374V16.0704H18.9345C19.461 16.0704 19.9157 16.1776 20.2988 16.3921C20.6824 16.6061 20.9753 16.8995 21.1784 17.2712C21.3816 17.6435 21.4826 18.0586 21.4826 18.5169C21.4826 18.9758 21.3816 19.3909 21.1784 19.7632C20.9753 20.1354 20.6824 20.4283 20.2988 20.6423C19.9157 20.8568 19.461 20.9635 18.9345 20.9635H17.5027V23.9628Z" fill="white"></path><path d="M22.0396 18.1451H23.4379V19.0248C23.6029 18.7087 23.8359 18.4684 24.1365 18.3029C24.4376 18.1374 24.7717 18.0549 25.1404 18.0549C25.5235 18.0549 25.8241 18.1415 26.0422 18.3143L25.5689 19.4981C25.3729 19.3929 25.1662 19.3403 24.9486 19.3403C24.5124 19.3403 24.152 19.528 23.8663 19.9039C23.5802 20.2797 23.4379 20.8582 23.4379 21.6404V23.9627H22.0396V18.1451Z" fill="white"></path><path d="M27.8879 23.9627H26.4896V18.1451H27.8879V23.9627ZM26.5458 16.1044C26.7191 15.9316 26.933 15.845 27.1888 15.845C27.444 15.845 27.658 15.9316 27.8312 16.1044C28.0039 16.2771 28.0906 16.4916 28.0906 16.7468C28.0906 17.0026 28.0039 17.217 27.8312 17.3898C27.658 17.5625 27.444 17.6491 27.1888 17.6491C26.933 17.6491 26.7191 17.5625 26.5458 17.3898C26.3731 17.217 26.287 17.0026 26.287 16.7468C26.287 16.4916 26.3731 16.2771 26.5458 16.1044Z" fill="white"></path><path d="M30.0603 23.6693C29.6168 23.4141 29.2714 23.0588 29.0234 22.6041C28.7754 22.1493 28.6511 21.6327 28.6511 21.0537C28.6511 20.4752 28.7754 19.9585 29.0234 19.5038C29.2714 19.049 29.6168 18.6937 30.0603 18.438C30.5037 18.1828 31.011 18.0549 31.5823 18.0549C32.8749 18.0549 33.751 18.585 34.2093 19.6445L32.9353 20.2199C32.6424 19.6332 32.1913 19.3403 31.5823 19.3403C31.1466 19.3403 30.7857 19.4981 30.5001 19.8136C30.2144 20.1297 30.0716 20.5427 30.0716 21.0537C30.0716 21.5651 30.2144 21.9787 30.5001 22.2942C30.7857 22.6097 31.1466 22.7675 31.5823 22.7675C32.1913 22.7675 32.6424 22.4747 32.9353 21.8884L34.2093 22.4633C33.751 23.5229 32.8749 24.0529 31.5823 24.0529C31.011 24.0529 30.5037 23.9251 30.0603 23.6693Z" fill="white"></path><path d="M38.727 20.3999C38.6744 20.0694 38.5223 19.7987 38.2707 19.5883C38.0186 19.3779 37.7015 19.2728 37.3179 19.2728C36.9946 19.2728 36.7048 19.3723 36.4496 19.5713C36.1939 19.7708 36.0175 20.0467 35.9196 20.3999H38.727ZM40.1588 21.5048H35.8633C35.9381 21.9333 36.115 22.2586 36.3934 22.4803C36.6713 22.702 37.0095 22.8129 37.4081 22.8129C37.7386 22.8129 38.015 22.7433 38.2367 22.6041C38.4584 22.4649 38.6708 22.253 38.874 21.9673L40.0573 22.6097C39.7716 23.0759 39.4092 23.4327 38.9693 23.6812C38.5295 23.9287 37.983 24.0529 37.3292 24.0529C36.7125 24.0529 36.1846 23.9086 35.7453 23.6188C35.3055 23.3295 34.9765 22.9557 34.7584 22.4968C34.5403 22.0385 34.4315 21.5574 34.4315 21.0537C34.4315 20.5504 34.546 20.0694 34.7754 19.611C35.0044 19.1526 35.3374 18.7783 35.7731 18.4891C36.2088 18.1998 36.7239 18.0549 37.3179 18.0549C37.9191 18.0549 38.4341 18.19 38.8626 18.4607C39.2911 18.7314 39.6139 19.0866 39.832 19.5264C40.0501 19.9657 40.1588 20.4339 40.1588 20.9299V21.5048Z" fill="white"></path><path d="M16.3879 25.558H17.7399L19.2454 29.4977L20.751 25.558H22.1029V31.8684H20.9309V28.0282L19.6873 31.2915H18.8035L17.5599 28.0282V31.8684H16.3879V25.558Z" fill="white"></path><path d="M25.4058 30.7146C25.6131 30.5341 25.7167 30.3119 25.7167 30.0474V29.9216H24.8335C24.5746 29.9216 24.3689 29.971 24.2158 30.07C24.0626 30.169 23.9858 30.3057 23.9858 30.48C23.9858 30.6424 24.0415 30.7671 24.1529 30.8543C24.2637 30.9414 24.4277 30.9847 24.6437 30.9847C24.9443 30.9847 25.1985 30.8945 25.4058 30.7146ZM23.6074 31.7782C23.3671 31.67 23.1748 31.5122 23.0304 31.3049C22.886 31.0976 22.8138 30.8496 22.8138 30.5609C22.8138 30.1046 22.9855 29.7364 23.3279 29.457C23.6703 29.1775 24.1333 29.0378 24.7159 29.0378H25.7167V28.8754C25.7167 28.6413 25.6357 28.4531 25.4733 28.3118C25.3109 28.1711 25.0918 28.1004 24.8154 28.1004C24.5927 28.1004 24.3916 28.1592 24.2111 28.2763C24.0312 28.3933 23.8956 28.5299 23.8059 28.6862L22.9494 28.1726C23.1113 27.8782 23.3516 27.6333 23.6703 27.4379C23.9889 27.2425 24.3705 27.145 24.8154 27.145C25.4522 27.145 25.9482 27.2982 26.3024 27.6044C26.6572 27.9112 26.8345 28.3526 26.8345 28.9295V31.8685H25.9152L25.7621 31.2735C25.6115 31.4776 25.4207 31.6401 25.1892 31.7602C24.9582 31.8803 24.686 31.9401 24.3735 31.9401C24.1029 31.9401 23.8476 31.8865 23.6074 31.7782Z" fill="white"></path><path d="M27.8214 30.3V28.1726H27.1182V27.2167H27.8214V26.4417L28.9393 25.7384V27.2167H30.1381V28.1726H28.9393V30.2458C28.9393 30.6903 29.1166 30.9125 29.4709 30.9125C29.6333 30.9125 29.7895 30.8496 29.9395 30.7233L30.4443 31.5797C30.2881 31.706 30.1169 31.7978 29.9308 31.855C29.7446 31.9117 29.5549 31.9401 29.3626 31.9401C28.3355 31.9401 27.8214 31.3936 27.8214 30.3Z" fill="white"></path><path d="M31.5487 31.6339C31.194 31.4297 30.9176 31.1456 30.7196 30.7821C30.5211 30.4186 30.4221 30.0056 30.4221 29.5426C30.4221 29.0801 30.5211 28.6666 30.7196 28.3031C30.9176 27.9396 31.194 27.6555 31.5487 27.4513C31.9034 27.2471 32.3087 27.145 32.7655 27.145C33.7993 27.145 34.4995 27.5683 34.8661 28.416L33.8473 28.8754C33.6132 28.4067 33.2528 28.1726 32.7655 28.1726C32.417 28.1726 32.1288 28.2989 31.9004 28.5511C31.6719 28.8037 31.558 29.1342 31.558 29.5426C31.558 29.9509 31.6719 30.282 31.9004 30.5341C32.1288 30.7867 32.417 30.9125 32.7655 30.9125C33.2528 30.9125 33.6132 30.6785 33.8473 30.2098L34.8661 30.6697C34.4995 31.5168 33.7993 31.9401 32.7655 31.9401C32.3087 31.9401 31.9034 31.8386 31.5487 31.6339Z" fill="white"></path><path d="M35.3998 25.4863H36.5176V27.9473C36.662 27.707 36.8615 27.5132 37.1167 27.3657C37.3725 27.2188 37.6592 27.145 37.9778 27.145C38.4702 27.145 38.8579 27.2909 39.1405 27.5823C39.423 27.8736 39.5643 28.2804 39.5643 28.8037V31.8685H38.4465V29.0285C38.4465 28.7522 38.3758 28.5408 38.2346 28.3933C38.0933 28.2458 37.8907 28.1726 37.6262 28.1726C37.3199 28.1726 37.0585 28.3093 36.8419 28.5825C36.6254 28.8558 36.5176 29.275 36.5176 29.8401V31.8685H35.3998V25.4863Z" fill="white"></path></svg><p class="styled__StyledBodyText-sc-119w3hf-5 ggtTyf styled__DarkGreyBodyText-jk5kya-0 iwRWTH">Aldi Price Match</p></div></div></div></div><div class="styles__StyledBuyBoxWrapper-dvv1wj-4 dSvjUC"><div class="styles__StyledBuyBoxContainer-sc-1wx0qp6-0 erryje" data-auto="buybox-container"><div class="styles__SafeFormWrapper-jtpu2t-0 lcrYKS"><form action="https://www.tesco.com/groceries/en-GB/trolley/items/251680648?_method=PUT" method="POST"><input type="submit" class="hidden"><input name="id" type="hidden" value="251680648"><input name="identifier" type="hidden" value="Page"><input name="anchorId" type="hidden" value="#tile-251680648"><input name="returnUrl" type="hidden" value="/groceries/en-GB/shop/food-cupboard/all?redirectIfUnavailable=true#tile-251680648"><input name="backToUrl" type="hidden" value="#"><input name="oldValue" type="hidden" value="0"><input name="oldUnitChoice" type="hidden" value="pcs"><input name="newUnitChoice" type="hidden" value="pcs"><div class="base-components__RootElement-sc-1mosoyj-1 styled__Container-sc-6nhkzi-0 jptQqM hSNpTb beans-buybox__container"><div class="base-components__BaseElement-sc-1mosoyj-0 styled__PriceAndActions-sc-6nhkzi-3 oznwo eEPLov beans-buybox__price-and-actions"><div class="base-components__RootElement-sc-1mosoyj-1 styled__Container-sc-8qlq5b-0 jptQqM bgZrjw styled__StyledPrice-sc-6nhkzi-5 iYHeik beans-buybox__price beans-price__container"><p class="styled__StyledHeading-sc-119w3hf-2 jWPEtj styled__Text-sc-8qlq5b-1 lnaeiZ beans-price__text">£0.35</p><p class="styled__StyledFootnote-sc-119w3hf-7 icrlVF styled__Subtext-sc-8qlq5b-2 bNJmdc beans-price__subtext">£1.40/kg</p></div><div class="base-components__RootElement-sc-1mosoyj-1 styled__Container-vtxwzb-0 jptQqM bDFhXJ beans-buybox__actions beans-quantity-controls__container"><div class="base-components__RootElement-sc-1mosoyj-1 styled__Container-sc-16t2b2a-0 jptQqM PUfgZ styled__StyledFormGroup-vtxwzb-1 kzKuAr beans-quantity-controls__form-group beans-form-group__container"><label class="styled__StyledLabel-sc-1ttuvhr-0 izGEjV beans-form-group__label beans-label" for="quantity-controls-251680648">Quantity controls </label><div class="base-components__BaseElement-sc-1mosoyj-0 styled__Children-sc-16t2b2a-3 oznwo gdJvjO beans-form-group__children"><div class="styled__StyledQuantityControlWrapper-vtxwzb-6 LCxOg"><label id="quantity-controls-251680648-label" class="styled__VisuallyHiddenLabel-vtxwzb-7 gXlLiM">Quantity of Tesco Microwave Basmati Rice 250G</label><div class="component__Wrapper-sc-1kpmik-3 dReplG input-wrapper"><input class="base-components__RootElement-sc-1mosoyj-1 styled__StyledInput-sc-1jd5f57-0 component__StyledAsInput-sc-1kpmik-4 jptQqM eJLlow styled__StyledInput-vtxwzb-3 lwMHo beans-quantity-controls__input beans-input" data-auto="beans-quantity-controls-input" autocomplete="off" id="quantity-controls-251680648" maxlength="2" name="newValue" type="number" aria-labelledby="quantity-controls-251680648-label" value="1"></div></div><button class="styled__BaseButton-rsekm1-0 styled__PrimaryButton-rsekm1-2 jChbeY geeWOF styled__StyledButton-vtxwzb-5 japAxb beans-quantity-controls__add-button beans-button__container" type="submit" data-auto="beans-quantity-controls-add-button" aria-label="Quantity of Tesco Microwave Basmati Rice 250G"><span class="base-components__BaseElement-sc-1mosoyj-0 styled__InnerContainer-rsekm1-1 oznwo fuFres beans-button__inner-container"><span class="base-components__BaseElement-sc-1mosoyj-0 styled__TextSpan-rsekm1-4 oznwo GDiMp beans-button__text">Add</span></span></button></div></div></div></div></div><input name="_csrf" type="hidden" value="92xA6FXg-W2XHhQLLDKqjWuqmpStG0svGR_s"></form></div></div></div></div><div class="hidden-medium product-info-section-small"><div class="product-info-message-list"><div class="styled__WhiteBackground-sc-9yzfq2-1 jthPIJ"><svg width="56" height="56" viewBox="0 0 56 56" fill="none" xmlns="http://www.w3.org/2000/svg"><path d="M52.1301 27.8766C52.1301 14.5534 41.3293 3.75308 28.0066 3.75308C14.6834 3.75308 3.88306 14.5534 3.88306 27.8766C3.88306 41.1998 14.6834 52.0002 28.0066 52.0002C41.3293 52.0002 52.1301 41.1998 52.1301 27.8766Z" fill="#EE1C2E"></path><path d="M19.6853 36.5687L31.8169 48.6998L52.6633 27.8998L51.9894 23.0423L31.886 43.1452L22.5438 33.803L19.6853 36.5687Z" fill="white"></path><path d="M24.2699 12.0048L23.5594 9.93467L22.8484 12.0048H24.2699ZM24.6345 13.0711H22.4844L21.9776 14.5375H20.7515L22.9815 8.31722H24.1369L26.3669 14.5375H25.1408L24.6345 13.0711Z" fill="white"></path><path d="M27.8359 14.5375H26.734V8.24609H27.8359V14.5375Z" fill="white"></path><path d="M31.5684 13.2309C31.7849 12.9886 31.8927 12.6597 31.8927 12.2446C31.8927 11.8306 31.7849 11.5016 31.5684 11.2588C31.3524 11.0159 31.0811 10.8942 30.7558 10.8942C30.4299 10.8942 30.1587 11.0159 29.9427 11.2588C29.7267 11.5016 29.6184 11.8306 29.6184 12.2446C29.6184 12.6597 29.7267 12.9886 29.9427 13.2309C30.1587 13.4738 30.4299 13.5955 30.7558 13.5955C31.0811 13.5955 31.3524 13.4738 31.5684 13.2309ZM29.4673 14.3065C29.159 14.1049 28.9177 13.8234 28.7429 13.4619C28.5681 13.101 28.481 12.6952 28.481 12.2446C28.481 11.7888 28.5655 11.3815 28.7341 11.0231C28.9032 10.6648 29.1384 10.3848 29.4405 10.1837C29.7426 9.98212 30.0891 9.88158 30.48 9.88158C30.7883 9.88158 31.0579 9.93624 31.2889 10.0455C31.5199 10.1554 31.6978 10.3106 31.8221 10.5122V8.24609H32.9239V14.5375H31.8221V13.9863C31.6916 14.1704 31.5137 14.3194 31.2889 14.4349C31.0636 14.5504 30.797 14.6086 30.4892 14.6086C30.1159 14.6086 29.7751 14.5076 29.4673 14.3065Z" fill="white"></path><path d="M34.9657 14.5375H33.8638V9.95224H34.9657V14.5375ZM33.9082 8.34408C34.0443 8.20796 34.2129 8.1399 34.4145 8.1399C34.6161 8.1399 34.7847 8.20796 34.9208 8.34408C35.0574 8.48071 35.1255 8.64931 35.1255 8.8504C35.1255 9.052 35.0574 9.22112 34.9208 9.35724C34.7847 9.49336 34.6161 9.56142 34.4145 9.56142C34.2129 9.56142 34.0443 9.49336 33.9082 9.35724C33.7715 9.22112 33.704 9.052 33.704 8.8504C33.704 8.64931 33.7715 8.48071 33.9082 8.34408Z" fill="white"></path><path d="M19.6791 19.3347C19.8894 19.1506 19.9946 18.8779 19.9946 18.5169C19.9946 18.1565 19.8894 17.8838 19.6791 17.6997C19.4682 17.5156 19.183 17.4233 18.8221 17.4233H17.5027V19.6111H18.8221C19.183 19.6111 19.4682 19.5188 19.6791 19.3347ZM17.5027 23.9628H16.0374V16.0704H18.9345C19.461 16.0704 19.9157 16.1776 20.2988 16.3921C20.6824 16.6061 20.9753 16.8995 21.1784 17.2712C21.3816 17.6435 21.4826 18.0586 21.4826 18.5169C21.4826 18.9758 21.3816 19.3909 21.1784 19.7632C20.9753 20.1354 20.6824 20.4283 20.2988 20.6423C19.9157 20.8568 19.461 20.9635 18.9345 20.9635H17.5027V23.9628Z" fill="white"></path><path d="M22.0396 18.1451H23.4379V19.0248C23.6029 18.7087 23.8359 18.4684 24.1365 18.3029C24.4376 18.1374 24.7717 18.0549 25.1404 18.0549C25.5235 18.0549 25.8241 18.1415 26.0422 18.3143L25.5689 19.4981C25.3729 19.3929 25.1662 19.3403 24.9486 19.3403C24.5124 19.3403 24.152 19.528 23.8663 19.9039C23.5802 20.2797 23.4379 20.8582 23.4379 21.6404V23.9627H22.0396V18.1451Z" fill="white"></path><path d="M27.8879 23.9627H26.4896V18.1451H27.8879V23.9627ZM26.5458 16.1044C26.7191 15.9316 26.933 15.845 27.1888 15.845C27.444 15.845 27.658 15.9316 27.8312 16.1044C28.0039 16.2771 28.0906 16.4916 28.0906 16.7468C28.0906 17.0026 28.0039 17.217 27.8312 17.3898C27.658 17.5625 27.444 17.6491 27.1888 17.6491C26.933 17.6491 26.7191 17.5625 26.5458 17.3898C26.3731 17.217 26.287 17.0026 26.287 16.7468C26.287 16.4916 26.3731 16.2771 26.5458 16.1044Z" fill="white"></path><path d="M30.0603 23.6693C29.6168 23.4141 29.2714 23.0588 29.0234 22.6041C28.7754 22.1493 28.6511 21.6327 28.6511 21.0537C28.6511 20.4752 28.7754 19.9585 29.0234 19.5038C29.2714 19.049 29.6168 18.6937 30.0603 18.438C30.5037 18.1828 31.011 18.0549 31.5823 18.0549C32.8749 18.0549 33.751 18.585 34.2093 19.6445L32.9353 20.2199C32.6424 19.6332 32.1913 19.3403 31.5823 19.3403C31.1466 19.3403 30.7857 19.4981 30.5001 19.8136C30.2144 20.1297 30.0716 20.5427 30.0716 21.0537C30.0716 21.5651 30.2144 21.9787 30.5001 22.2942C30.7857 22.6097 31.1466 22.7675 31.5823 22.7675C32.1913 22.7675 32.6424 22.4747 32.9353 21.8884L34.2093 22.4633C33.751 23.5229 32.8749 24.0529 31.5823 24.0529C31.011 24.0529 30.5037 23.9251 30.0603 23.6693Z" fill="white"></path><path d="M38.727 20.3999C38.6744 20.0694 38.5223 19.7987 38.2707 19.5883C38.0186 19.3779 37.7015 19.2728 37.3179 19.2728C36.9946 19.2728 36.7048 19.3723 36.4496 19.5713C36.1939 19.7708 36.0175 20.0467 35.9196 20.3999H38.727ZM40.1588 21.5048H35.8633C35.9381 21.9333 36.115 22.2586 36.3934 22.4803C36.6713 22.702 37.0095 22.8129 37.4081 22.8129C37.7386 22.8129 38.015 22.7433 38.2367 22.6041C38.4584 22.4649 38.6708 22.253 38.874 21.9673L40.0573 22.6097C39.7716 23.0759 39.4092 23.4327 38.9693 23.6812C38.5295 23.9287 37.983 24.0529 37.3292 24.0529C36.7125 24.0529 36.1846 23.9086 35.7453 23.6188C35.3055 23.3295 34.9765 22.9557 34.7584 22.4968C34.5403 22.0385 34.4315 21.5574 34.4315 21.0537C34.4315 20.5504 34.546 20.0694 34.7754 19.611C35.0044 19.1526 35.3374 18.7783 35.7731 18.4891C36.2088 18.1998 36.7239 18.0549 37.3179 18.0549C37.9191 18.0549 38.4341 18.19 38.8626 18.4607C39.2911 18.7314 39.6139 19.0866 39.832 19.5264C40.0501 19.9657 40.1588 20.4339 40.1588 20.9299V21.5048Z" fill="white"></path><path d="M16.3879 25.558H17.7399L19.2454 29.4977L20.751 25.558H22.1029V31.8684H20.9309V28.0282L19.6873 31.2915H18.8035L17.5599 28.0282V31.8684H16.3879V25.558Z" fill="white"></path><path d="M25.4058 30.7146C25.6131 30.5341 25.7167 30.3119 25.7167 30.0474V29.9216H24.8335C24.5746 29.9216 24.3689 29.971 24.2158 30.07C24.0626 30.169 23.9858 30.3057 23.9858 30.48C23.9858 30.6424 24.0415 30.7671 24.1529 30.8543C24.2637 30.9414 24.4277 30.9847 24.6437 30.9847C24.9443 30.9847 25.1985 30.8945 25.4058 30.7146ZM23.6074 31.7782C23.3671 31.67 23.1748 31.5122 23.0304 31.3049C22.886 31.0976 22.8138 30.8496 22.8138 30.5609C22.8138 30.1046 22.9855 29.7364 23.3279 29.457C23.6703 29.1775 24.1333 29.0378 24.7159 29.0378H25.7167V28.8754C25.7167 28.6413 25.6357 28.4531 25.4733 28.3118C25.3109 28.1711 25.0918 28.1004 24.8154 28.1004C24.5927 28.1004 24.3916 28.1592 24.2111 28.2763C24.0312 28.3933 23.8956 28.5299 23.8059 28.6862L22.9494 28.1726C23.1113 27.8782 23.3516 27.6333 23.6703 27.4379C23.9889 27.2425 24.3705 27.145 24.8154 27.145C25.4522 27.145 25.9482 27.2982 26.3024 27.6044C26.6572 27.9112 26.8345 28.3526 26.8345 28.9295V31.8685H25.9152L25.7621 31.2735C25.6115 31.4776 25.4207 31.6401 25.1892 31.7602C24.9582 31.8803 24.686 31.9401 24.3735 31.9401C24.1029 31.9401 23.8476 31.8865 23.6074 31.7782Z" fill="white"></path><path d="M27.8214 30.3V28.1726H27.1182V27.2167H27.8214V26.4417L28.9393 25.7384V27.2167H30.1381V28.1726H28.9393V30.2458C28.9393 30.6903 29.1166 30.9125 29.4709 30.9125C29.6333 30.9125 29.7895 30.8496 29.9395 30.7233L30.4443 31.5797C30.2881 31.706 30.1169 31.7978 29.9308 31.855C29.7446 31.9117 29.5549 31.9401 29.3626 31.9401C28.3355 31.9401 27.8214 31.3936 27.8214 30.3Z" fill="white"></path><path d="M31.5487 31.6339C31.194 31.4297 30.9176 31.1456 30.7196 30.7821C30.5211 30.4186 30.4221 30.0056 30.4221 29.5426C30.4221 29.0801 30.5211 28.6666 30.7196 28.3031C30.9176 27.9396 31.194 27.6555 31.5487 27.4513C31.9034 27.2471 32.3087 27.145 32.7655 27.145C33.7993 27.145 34.4995 27.5683 34.8661 28.416L33.8473 28.8754C33.6132 28.4067 33.2528 28.1726 32.7655 28.1726C32.417 28.1726 32.1288 28.2989 31.9004 28.5511C31.6719 28.8037 31.558 29.1342 31.558 29.5426C31.558 29.9509 31.6719 30.282 31.9004 30.5341C32.1288 30.7867 32.417 30.9125 32.7655 30.9125C33.2528 30.9125 33.6132 30.6785 33.8473 30.2098L34.8661 30.6697C34.4995 31.5168 33.7993 31.9401 32.7655 31.9401C32.3087 31.9401 31.9034 31.8386 31.5487 31.6339Z" fill="white"></path><path d="M35.3998 25.4863H36.5176V27.9473C36.662 27.707 36.8615 27.5132 37.1167 27.3657C37.3725 27.2188 37.6592 27.145 37.9778 27.145C38.4702 27.145 38.8579 27.2909 39.1405 27.5823C39.423 27.8736 39.5643 28.2804 39.5643 28.8037V31.8685H38.4465V29.0285C38.4465 28.7522 38.3758 28.5408 38.2346 28.3933C38.0933 28.2458 37.8907 28.1726 37.6262 28.1726C37.3199 28.1726 37.0585 28.3093 36.8419 28.5825C36.6254 28.8558 36.5176 29.275 36.5176 29.8401V31.8685H35.3998V25.4863Z" fill="white"></path></svg><p class="styled__StyledBodyText-sc-119w3hf-5 ggtTyf styled__DarkGreyBodyText-jk5kya-0 iwRWTH">Aldi Price Match</p></div></div></div></div></div></div></div></li><li class="product-list--list-item"><div class="styles__StyledVerticalTileWrapper-dvv1wj-0 dtCNPH"><div data-auto="product-tile" data-auto-type="Quantity" data-auto-available="true" data-auto-is-restricted-disabled="false" data-auto-is-substitute="false" class="styles__StyledVerticalTile-dvv1wj-1 gSCsYK"><div class="styles__StyledTileContentWrapper-dvv1wj-2 bkNhNP beans"><div id="tile-293749766" data-auto-id="293749766" class="styles__StyledTiledContent-dvv1wj-3 bcglTg"><a href="https://www.tesco.com/groceries/en-GB/products/293749766" aria-hidden="true" class="product-image-wrapper" tabindex="1"><div class="product-image__container"><picture><img class="styled__Image-sjvkdn-0 bJErKA product-image beans-responsive-image__image" src="data:image/gif;base64,R0lGODlhAQABAAAAACH5BAEKAAEALAAAAAABAAEAAAICTAEAOw==" srcset="https://digitalcontent.api.tesco.com/v2/media/ghs/47f52de1-a341-428b-bdf8-87a421669e33/5c518445-f65c-48fe-b209-7e4d611ae253_88259723.jpeg?h=225&amp;w=225 768w, data:image/gif;base64,R0lGODlhAQABAAAAACH5BAEKAAEALAAAAAABAAEAAAICTAEAOw== 4000w" alt="Terry&#39;s Chocolate Orange Milk Chocolate Box 157G"></picture></div></a><div class="product-details--wrapper"><h3 class="styles__H3-oa5soe-0 bCKNNq"><a href="https://www.tesco.com/groceries/en-GB/products/293749766" class="styled__Anchor-sc-1xbujuz-0 csVOnh beans-link__anchor" data-auto="product-tile--title"><span class="styled__Text-sc-1xbujuz-1 ldbwMG beans-link__text">Terry's Chocolate Orange Milk Chocolate Box 157G</span></a></h3><div class="styles__StyledPromotionsAboveMobile-dvv1wj-7 iPTMuo"></div><div class="styles__StyledProductDetailsContent-dvv1wj-5 ddRSrq"><a href="https://www.tesco.com/groceries/en-GB/reviews/submission/293749766?from=%2Fshop%2Ffood-cupboard%2Fall" aria-label="Write a review for Terry&#39;s Chocolate Orange Milk Chocolate Box 157G" class="styled__Anchor-sc-1xbujuz-0 jSzuDt write-a-review-link beans-link__anchor" data-auto="review-link"><span class="styled__Text-sc-1xbujuz-1 fyDIEo beans-link__text">Write a review</span><span class="styled__IconContainer-sc-1xbujuz-2 bSauSL beans-link__icon-container"><svg aria-hidden="true" class="styled__SVG-xxa4wh-1 hQMCqc beans-link__icon beans-icon__svg" height="13.33" preserveAspectRatio="xMinYMax meet" viewBox="-1 0 12 20" width="8" xmlns="http://www.w3.org/2000/svg" color="currentColor"><path d="M1.312 1.348L10.276 10l-8.964 8.644" fill="none" stroke="currentColor"></path></svg></span></a><div><a href="https://www.tesco.com/groceries/en-GB/shop/food-cupboard/chocolate-sweets-mints-and-chewing-gum/chocolate-boxes-and-gifts/sharing-boxed-chocolate-and-sweets" class="styled__Anchor-sc-1xbujuz-0 jSzuDt rest-of-shelf-link beans-link__anchor" data-auto="rest-of-shelf-link"><span class="styled__Text-sc-1xbujuz-1 fyDIEo beans-link__text">Rest of <span class="visually-hidden">Sharing Boxed Chocolate &amp; Sweets</span> shelf</span><span class="styled__IconContainer-sc-1xbujuz-2 bSauSL beans-link__icon-container"><svg aria-hidden="true" class="styled__SVG-xxa4wh-1 hQMCqc beans-link__icon beans-icon__svg" height="13.33" preserveAspectRatio="xMinYMax meet" viewBox="-1 0 12 20" width="8" xmlns="http://www.w3.org/2000/svg" color="currentColor"><path d="M1.312 1.348L10.276 10l-8.964 8.644" fill="none" stroke="currentColor"></path></svg></span></a></div><div class="product-info-message-section"><div class="product-info-message-list"><div class="styled__WhiteBackground-sc-9yzfq2-1 jthPIJ"><svg width="56" height="61" viewBox="0 0 56 61" fill="none" xmlns="http://www.w3.org/2000/svg"><path d="M30.8759 45.8182C40.0086 42.7996 46.6572 34.3312 46.9801 24.2629H47V23.502V22.7397H46.9801C46.5765 10.112 36.2237 0 23.4993 0C10.5209 0 0 10.5209 0 23.4993C0 33.8972 6.75323 42.7162 16.1109 45.8142L16.1294 42.8684C13.3741 41.8189 10.9007 40.1978 8.8508 38.1492C5.099 34.3961 2.78308 29.2256 2.78308 23.4993C2.78308 17.7744 5.10032 12.6039 8.8508 8.84947C12.6039 5.09768 17.7744 2.78175 23.5007 2.78175C29.2256 2.78175 34.3961 5.09768 38.1505 8.84947C41.9023 12.6026 44.2182 17.7731 44.2182 23.4993C44.2182 29.2256 41.901 34.3948 38.1505 38.1492C36.1033 40.1952 33.6338 41.815 30.8838 42.8644L30.8772 45.8182H30.8759Z" fill="#EE1C2E"></path><path d="M9.82217 16.0368C10.5434 14.6962 11.4566 13.472 12.5245 12.4041C15.3354 9.59453 19.2116 7.85825 23.4994 7.85825C27.7871 7.85825 31.6633 9.59453 34.4742 12.4041C35.5435 13.4734 36.4553 14.6962 37.1765 16.0368H38.6256C35.8995 10.4309 30.1507 6.56662 23.498 6.56662C16.8454 6.56662 11.0966 10.4309 8.37042 16.0368H9.81952H9.82217Z" fill="black"></path><path d="M38.2419 28.245C37.4743 30.5728 36.1694 32.6571 34.4742 34.3537C32.8385 35.9881 30.8428 37.2599 28.6142 38.038C28.605 38.0407 28.5825 38.0394 28.5878 38.0473C28.773 38.3278 28.7836 39.3429 28.7836 39.3429C33.9567 37.6318 38.0142 33.4763 39.593 28.245H38.2419Z" fill="black"></path><path d="M12.5245 34.3537C10.4322 32.2601 8.9355 29.5763 8.30822 26.5722H6.99409C8.14941 32.5791 12.4994 37.4491 18.2085 39.3416C18.2111 39.3416 18.2177 39.3482 18.2177 39.3442C18.2627 38.2286 18.3898 38.0394 18.3898 38.0394C18.3818 38.0367 18.3726 38.0341 18.3646 38.0301C16.144 37.2519 14.1536 35.9828 12.5232 34.3524L12.5245 34.3537Z" fill="black"></path><path d="M17.6645 15.8727H20.1062V16.8335H16.623V11.2289H17.6645V15.8727Z" fill="black"></path><path d="M20.527 13.6745C20.7031 13.3516 20.9532 13.0975 21.2761 12.9136C21.599 12.7296 21.9682 12.637 22.3851 12.637C22.8019 12.637 23.1712 12.7296 23.4941 12.9136C23.817 13.0975 24.0658 13.3516 24.2431 13.6745C24.4191 13.9974 24.5065 14.3614 24.5065 14.7676C24.5065 15.1739 24.4191 15.5379 24.2431 15.8608C24.0671 16.1837 23.817 16.4364 23.4941 16.6217C23.1712 16.8057 22.8019 16.897 22.3851 16.897C21.9682 16.897 21.599 16.8057 21.2761 16.6217C20.9532 16.4378 20.7031 16.1837 20.527 15.8608C20.351 15.5379 20.2637 15.1739 20.2637 14.7676C20.2637 14.3614 20.351 13.9974 20.527 13.6745ZM21.5805 15.6477C21.7856 15.8727 22.0542 15.9838 22.3851 15.9838C22.7159 15.9838 22.9846 15.8713 23.1897 15.6477C23.3948 15.424 23.498 15.1303 23.498 14.7676C23.498 14.405 23.3948 14.1112 23.1897 13.8876C22.9846 13.6639 22.7159 13.5515 22.3851 13.5515C22.0542 13.5515 21.7856 13.6639 21.5805 13.8876C21.3753 14.1112 21.2721 14.405 21.2721 14.7676C21.2721 15.1303 21.3753 15.424 21.5805 15.6477Z" fill="black"></path><path d="M29.1687 16.8334H28.208L27.5119 14.1271L26.8158 16.8334H25.855L24.566 12.7018H25.5347L26.3182 15.4082L27.0315 12.7018H27.9923L28.7056 15.4082L29.489 12.7018H30.4577L29.1687 16.8334Z" fill="black"></path><path d="M8.61654 18.931H5.58202V20.4026H8.01572V21.6042H5.58202V23.5377H8.71579V24.738H4.27981V17.7294H8.61654V18.931Z" fill="black"></path><path d="M8.73168 19.5715H9.9836L11.2051 23.0269L12.4266 19.5715H13.6785L11.7662 24.738H10.644L8.73168 19.5715Z" fill="black"></path><path d="M18.7126 22.5558H14.8973C14.9635 22.9369 15.121 23.2254 15.3684 23.4226C15.6159 23.6198 15.9163 23.7177 16.2697 23.7177C16.5635 23.7177 16.8083 23.6555 17.0055 23.5324C17.2027 23.4093 17.3906 23.2201 17.5719 22.966L18.6226 23.5377C18.3686 23.9519 18.047 24.2682 17.6566 24.4892C17.2662 24.7089 16.7805 24.8201 16.1995 24.8201C15.6517 24.8201 15.1832 24.6917 14.7928 24.435C14.4024 24.1782 14.1099 23.8461 13.9167 23.4385C13.7235 23.0322 13.6269 22.6047 13.6269 22.1574C13.6269 21.7101 13.7288 21.2827 13.9326 20.8764C14.1364 20.4688 14.4315 20.1366 14.8192 19.8799C15.207 19.6231 15.6636 19.4948 16.1916 19.4948C16.7196 19.4948 17.1828 19.6152 17.5626 19.8547C17.9438 20.0956 18.2296 20.4106 18.4241 20.801C18.6174 21.1914 18.714 21.6069 18.714 22.0476V22.5584L18.7126 22.5558ZM17.4409 21.5751C17.3945 21.2813 17.2582 21.0418 17.0346 20.8539C16.8109 20.6673 16.5291 20.5733 16.1889 20.5733C15.9018 20.5733 15.645 20.662 15.4174 20.838C15.1911 21.0153 15.0336 21.2602 14.9463 21.5738H17.4395L17.4409 21.5751Z" fill="black"></path><path d="M19.3849 19.5715H20.6263V20.3523C20.7732 20.0718 20.9809 19.8587 21.2469 19.7118C21.5142 19.5649 21.8107 19.4921 22.1376 19.4921C22.4644 19.4921 22.745 19.5689 22.9382 19.7224L22.5174 20.7732C22.344 20.6805 22.1601 20.6329 21.9668 20.6329C21.5791 20.6329 21.2588 20.7996 21.0061 21.1331C20.752 21.4666 20.6249 21.9814 20.6249 22.6749V24.738H19.3836V19.5715H19.3849Z" fill="black"></path><path d="M24.8518 24.4178L22.9792 19.5715H24.2312L25.4434 22.8562L26.5841 19.5715H27.8255L25.1827 26.7813H23.981L24.8518 24.4178Z" fill="black"></path><path d="M28.8074 24.4786C28.4607 24.251 28.1881 23.9347 27.9909 23.5271C27.7937 23.1195 27.6958 22.663 27.6958 22.1548C27.6958 21.6466 27.7911 21.1821 27.9816 20.7785C28.1722 20.3748 28.4369 20.0585 28.7783 19.8322C29.1184 19.6059 29.5088 19.4921 29.9495 19.4921C30.2962 19.4921 30.6006 19.5543 30.86 19.6774C31.1207 19.8005 31.3205 19.9765 31.4608 20.2028V17.65H32.7021V24.7393H31.4608V24.1187C31.3139 24.3251 31.1141 24.4945 30.86 24.6242C30.6059 24.7539 30.3055 24.8201 29.9588 24.8201C29.5379 24.8201 29.1541 24.7063 28.8074 24.48V24.4786ZM31.1763 23.2664C31.4198 22.9925 31.5415 22.6219 31.5415 22.1548C31.5415 21.6876 31.4198 21.3171 31.1763 21.0431C30.9328 20.7692 30.6271 20.6329 30.2605 20.6329C29.8939 20.6329 29.5882 20.7705 29.3447 21.0431C29.1012 21.3171 28.9795 21.6876 28.9795 22.1548C28.9795 22.6219 29.1012 22.9925 29.3447 23.2664C29.5882 23.5404 29.8939 23.6767 30.2605 23.6767C30.6271 23.6767 30.9328 23.5404 31.1763 23.2664Z" fill="black"></path><path d="M34.2624 24.6388C33.9951 24.5183 33.782 24.3437 33.6219 24.1134C33.4618 23.8831 33.3824 23.6079 33.3824 23.2876C33.3824 22.7807 33.5729 22.3718 33.9527 22.0608C34.3339 21.7511 34.8473 21.595 35.4945 21.595H36.6061V21.415C36.6061 21.1543 36.5161 20.9465 36.3361 20.789C36.1562 20.6329 35.9127 20.5535 35.6056 20.5535C35.3582 20.5535 35.1345 20.6183 34.9347 20.7493C34.7349 20.879 34.584 21.0312 34.4834 21.2046L33.5319 20.6342C33.7119 20.3073 33.9792 20.0347 34.3325 19.8177C34.6859 19.6006 35.1094 19.4921 35.6043 19.4921C36.3123 19.4921 36.8629 19.6615 37.2559 20.003C37.6503 20.3431 37.8461 20.834 37.8461 21.4746V24.7393H36.8245L36.6538 24.079C36.487 24.3066 36.2753 24.4866 36.0172 24.6189C35.7605 24.7526 35.4574 24.8187 35.1107 24.8187C34.8103 24.8187 34.5271 24.7592 34.2598 24.6388H34.2624ZM36.2607 23.457C36.491 23.2572 36.6061 23.0097 36.6061 22.7159V22.5756H35.6255C35.3383 22.5756 35.1094 22.6312 34.94 22.741C34.7693 22.8509 34.6846 23.0031 34.6846 23.1963C34.6846 23.3763 34.7468 23.5152 34.8698 23.6118C34.9929 23.7084 35.1755 23.7574 35.4151 23.7574C35.7486 23.7574 36.0304 23.6568 36.2607 23.457V23.457Z" fill="black"></path><path d="M39.7571 24.4178L37.8845 19.5715H39.1364L40.3473 22.8562L41.4894 19.5715H42.7308L40.088 26.7813H38.8863L39.7571 24.4178Z" fill="black"></path><path d="M13.652 33.1164H12.6185V27.5515H14.6618C15.7985 27.5515 16.4589 28.3072 16.4589 29.2772C16.4589 30.2473 15.7985 31.0029 14.6618 31.0029H13.652V33.1177V33.1164ZM15.4095 29.2759C15.4095 28.7505 15.076 28.5044 14.5824 28.5044H13.652V30.0461H14.5824C15.0747 30.0461 15.4095 29.8 15.4095 29.2746V29.2759Z" fill="black"></path><path d="M17.0981 29.0139H18.084V29.6345C18.3222 29.1899 18.7682 28.9503 19.2843 28.9503C19.5464 28.9503 19.7687 29.0139 19.9209 29.133L19.5874 29.968C19.4524 29.8966 19.3095 29.8569 19.1507 29.8569C18.5856 29.8569 18.0854 30.3015 18.0854 31.4793V33.1177H17.0994V29.0152L17.0981 29.0139Z" fill="black"></path><path d="M20.9703 27.312C21.3356 27.312 21.6069 27.5899 21.6069 27.9485C21.6069 28.3072 21.3369 28.5851 20.9703 28.5851C20.6038 28.5851 20.3338 28.3072 20.3338 27.9485C20.3338 27.5899 20.6038 27.312 20.9703 27.312ZM21.4626 33.1164H20.4767V29.0139H21.4626V33.1164Z" fill="black"></path><path d="M22.2355 31.0651C22.2355 29.8251 23.0785 28.9503 24.3026 28.9503C25.1774 28.9503 25.8205 29.2997 26.1553 30.0713L25.2568 30.4762C25.0583 30.0792 24.7565 29.8555 24.3026 29.8555C23.6899 29.8555 23.2373 30.3399 23.2373 31.0638C23.2373 31.7877 23.6899 32.272 24.3026 32.272C24.7552 32.272 25.0583 32.0497 25.2568 31.6514L26.1553 32.0563C25.8219 32.8279 25.1774 33.1772 24.3026 33.1772C23.0785 33.1772 22.2355 32.3025 22.2355 31.0625V31.0651Z" fill="black"></path><path d="M30.5874 31.3827H27.5581C27.6693 32.0113 28.1153 32.3051 28.6473 32.3051C29.1316 32.3051 29.4109 32.0907 29.6808 31.7083L30.5159 32.1609C30.1348 32.7736 29.5617 33.1786 28.5917 33.1786C27.2167 33.1786 26.5484 32.0894 26.5484 31.0638C26.5484 30.0382 27.2723 28.949 28.5838 28.949C29.8952 28.949 30.5874 29.9667 30.5874 30.9765V31.3814V31.3827ZM29.5776 30.6033C29.5062 30.1586 29.1409 29.8079 28.5838 29.8079C28.1391 29.8079 27.7408 30.0938 27.5978 30.6033H29.5776V30.6033Z" fill="black"></path><path d="M31.0294 32.2416L31.7374 31.6448C31.9677 32.0577 32.2866 32.3051 32.7551 32.3051C33.0965 32.3051 33.3281 32.1463 33.3281 31.8922C33.3281 31.6381 33.0105 31.4952 32.4613 31.343C31.785 31.1604 31.253 30.7713 31.253 30.1507C31.253 29.4665 31.8975 28.9503 32.7154 28.9503C33.4472 28.9503 33.876 29.3156 34.1142 29.7139L33.4776 30.2631C33.2553 29.9058 32.9602 29.7933 32.7061 29.7933C32.3726 29.7933 32.1728 29.9442 32.1728 30.1189C32.1728 30.365 32.3951 30.4762 33.0634 30.6522C33.7397 30.8269 34.2796 31.1855 34.2796 31.8922C34.2796 32.5989 33.7225 33.1799 32.6902 33.1799C31.9028 33.1799 31.3311 32.8464 31.0281 32.2416H31.0294Z" fill="black"></path><path d="M23.5046 47.8549H24.2007C24.3979 47.8549 24.4045 47.8443 24.3609 47.6498C24.2643 47.2263 24.1796 46.8015 24.0724 46.382C24.0155 46.161 24.0287 46.0207 24.2391 45.8579C24.7473 45.4675 24.7658 44.7013 24.3212 44.2315C23.8792 43.7643 23.1288 43.763 22.6855 44.2275C22.2395 44.696 22.2514 45.4636 22.7609 45.854C22.9898 46.0286 22.9925 46.1822 22.9237 46.4018C22.9171 46.423 22.9118 46.4429 22.9078 46.464C22.8165 46.8743 22.7238 47.2859 22.6339 47.6961C22.6021 47.8443 22.614 47.8562 22.7715 47.8562C23.0163 47.8562 23.2611 47.8562 23.506 47.8562M23.4954 41.1361C24.2179 41.1361 24.9392 41.1334 25.6604 41.1374C25.7689 41.1374 25.8166 41.1096 25.8139 40.9932C25.8086 40.62 25.8139 40.2454 25.81 39.8723C25.806 39.5771 25.7517 39.29 25.634 39.0187C25.1602 37.9229 24.0406 37.3803 22.88 37.6807C22.0357 37.8991 21.329 38.668 21.2337 39.5374C21.1808 40.0139 21.2072 40.4982 21.1914 40.9786C21.1874 41.1056 21.235 41.1387 21.3568 41.1387C22.0701 41.1334 22.7834 41.1361 23.4967 41.1361M23.4967 50.6023C22.217 50.6023 20.9359 50.6023 19.6562 50.6023C18.6849 50.6023 17.9186 50.0041 17.699 49.0592C17.6619 48.903 17.654 48.735 17.654 48.5735C17.6513 46.7856 17.6566 44.9977 17.65 43.2112C17.6473 42.4899 17.9028 41.9037 18.4943 41.4815C18.8132 41.2539 19.1758 41.1427 19.5689 41.1374C19.7396 41.1348 19.7383 41.1321 19.7396 40.9627C19.7436 40.5035 19.7198 40.0403 19.7595 39.5851C19.9408 37.4822 21.7631 35.9683 23.862 36.1549C25.7584 36.3243 27.2578 37.96 27.2617 39.867C27.2617 40.2282 27.2617 40.5895 27.2617 40.9495C27.2617 41.1321 27.2617 41.1308 27.4457 41.1387C28.2159 41.1731 28.7796 41.5357 29.1436 42.212C29.3024 42.5071 29.3513 42.8274 29.3513 43.1595C29.3513 44.9779 29.3553 46.7949 29.3513 48.6132C29.3487 49.5965 28.732 50.3601 27.7845 50.5639C27.6429 50.5943 27.4946 50.6023 27.3491 50.6023C26.0641 50.6049 24.7804 50.6036 23.4954 50.6036" fill="black"></path></svg><p class="styled__StyledBodyText-sc-119w3hf-5 ggtTyf styled__DarkGreyBodyText-sc-9yzfq2-2 lmkdDf">Low Everyday Price</p></div></div></div></div><div class="styles__StyledBuyBoxWrapper-dvv1wj-4 dSvjUC"><div class="styles__StyledBuyBoxContainer-sc-1wx0qp6-0 erryje" data-auto="buybox-container"><div class="styles__SafeFormWrapper-jtpu2t-0 lcrYKS"><form action="https://www.tesco.com/groceries/en-GB/trolley/items/293749766?_method=PUT" method="POST"><input type="submit" class="hidden"><input name="id" type="hidden" value="293749766"><input name="identifier" type="hidden" value="Page"><input name="anchorId" type="hidden" value="#tile-293749766"><input name="returnUrl" type="hidden" value="/groceries/en-GB/shop/food-cupboard/all?redirectIfUnavailable=true#tile-293749766"><input name="backToUrl" type="hidden" value="#"><input name="oldValue" type="hidden" value="0"><input name="oldUnitChoice" type="hidden" value="pcs"><input name="newUnitChoice" type="hidden" value="pcs"><div class="base-components__RootElement-sc-1mosoyj-1 styled__Container-sc-6nhkzi-0 jptQqM hSNpTb beans-buybox__container"><div class="base-components__BaseElement-sc-1mosoyj-0 styled__PriceAndActions-sc-6nhkzi-3 oznwo eEPLov beans-buybox__price-and-actions"><div class="base-components__RootElement-sc-1mosoyj-1 styled__Container-sc-8qlq5b-0 jptQqM bgZrjw styled__StyledPrice-sc-6nhkzi-5 iYHeik beans-buybox__price beans-price__container"><p class="styled__StyledHeading-sc-119w3hf-2 jWPEtj styled__Text-sc-8qlq5b-1 lnaeiZ beans-price__text">£1.00</p><p class="styled__StyledFootnote-sc-119w3hf-7 icrlVF styled__Subtext-sc-8qlq5b-2 bNJmdc beans-price__subtext">£0.64/100g</p></div><div class="base-components__RootElement-sc-1mosoyj-1 styled__Container-vtxwzb-0 jptQqM bDFhXJ beans-buybox__actions beans-quantity-controls__container"><div class="base-components__RootElement-sc-1mosoyj-1 styled__Container-sc-16t2b2a-0 jptQqM PUfgZ styled__StyledFormGroup-vtxwzb-1 kzKuAr beans-quantity-controls__form-group beans-form-group__container"><label class="styled__StyledLabel-sc-1ttuvhr-0 izGEjV beans-form-group__label beans-label" for="quantity-controls-293749766">Quantity controls </label><div class="base-components__BaseElement-sc-1mosoyj-0 styled__Children-sc-16t2b2a-3 oznwo gdJvjO beans-form-group__children"><div class="styled__StyledQuantityControlWrapper-vtxwzb-6 LCxOg"><label id="quantity-controls-293749766-label" class="styled__VisuallyHiddenLabel-vtxwzb-7 gXlLiM">Quantity of Terry's Chocolate Orange Milk Chocolate Box 157G</label><div class="component__Wrapper-sc-1kpmik-3 dReplG input-wrapper"><input class="base-components__RootElement-sc-1mosoyj-1 styled__StyledInput-sc-1jd5f57-0 component__StyledAsInput-sc-1kpmik-4 jptQqM eJLlow styled__StyledInput-vtxwzb-3 lwMHo beans-quantity-controls__input beans-input" data-auto="beans-quantity-controls-input" autocomplete="off" id="quantity-controls-293749766" maxlength="2" name="newValue" type="number" aria-labelledby="quantity-controls-293749766-label" value="1"></div></div><button class="styled__BaseButton-rsekm1-0 styled__PrimaryButton-rsekm1-2 jChbeY geeWOF styled__StyledButton-vtxwzb-5 japAxb beans-quantity-controls__add-button beans-button__container" type="submit" data-auto="beans-quantity-controls-add-button" aria-label="Quantity of Terry&#39;s Chocolate Orange Milk Chocolate Box 157G"><span class="base-components__BaseElement-sc-1mosoyj-0 styled__InnerContainer-rsekm1-1 oznwo fuFres beans-button__inner-container"><span class="base-components__BaseElement-sc-1mosoyj-0 styled__TextSpan-rsekm1-4 oznwo GDiMp beans-button__text">Add</span></span></button></div></div></div></div></div><input name="_csrf" type="hidden" value="92xA6FXg-W2XHhQLLDKqjWuqmpStG0svGR_s"></form></div></div></div></div><div class="hidden-medium product-info-section-small"><div class="product-info-message-list"><div class="styled__WhiteBackground-sc-9yzfq2-1 jthPIJ"><svg width="56" height="61" viewBox="0 0 56 61" fill="none" xmlns="http://www.w3.org/2000/svg"><path d="M30.8759 45.8182C40.0086 42.7996 46.6572 34.3312 46.9801 24.2629H47V23.502V22.7397H46.9801C46.5765 10.112 36.2237 0 23.4993 0C10.5209 0 0 10.5209 0 23.4993C0 33.8972 6.75323 42.7162 16.1109 45.8142L16.1294 42.8684C13.3741 41.8189 10.9007 40.1978 8.8508 38.1492C5.099 34.3961 2.78308 29.2256 2.78308 23.4993C2.78308 17.7744 5.10032 12.6039 8.8508 8.84947C12.6039 5.09768 17.7744 2.78175 23.5007 2.78175C29.2256 2.78175 34.3961 5.09768 38.1505 8.84947C41.9023 12.6026 44.2182 17.7731 44.2182 23.4993C44.2182 29.2256 41.901 34.3948 38.1505 38.1492C36.1033 40.1952 33.6338 41.815 30.8838 42.8644L30.8772 45.8182H30.8759Z" fill="#EE1C2E"></path><path d="M9.82217 16.0368C10.5434 14.6962 11.4566 13.472 12.5245 12.4041C15.3354 9.59453 19.2116 7.85825 23.4994 7.85825C27.7871 7.85825 31.6633 9.59453 34.4742 12.4041C35.5435 13.4734 36.4553 14.6962 37.1765 16.0368H38.6256C35.8995 10.4309 30.1507 6.56662 23.498 6.56662C16.8454 6.56662 11.0966 10.4309 8.37042 16.0368H9.81952H9.82217Z" fill="black"></path><path d="M38.2419 28.245C37.4743 30.5728 36.1694 32.6571 34.4742 34.3537C32.8385 35.9881 30.8428 37.2599 28.6142 38.038C28.605 38.0407 28.5825 38.0394 28.5878 38.0473C28.773 38.3278 28.7836 39.3429 28.7836 39.3429C33.9567 37.6318 38.0142 33.4763 39.593 28.245H38.2419Z" fill="black"></path><path d="M12.5245 34.3537C10.4322 32.2601 8.9355 29.5763 8.30822 26.5722H6.99409C8.14941 32.5791 12.4994 37.4491 18.2085 39.3416C18.2111 39.3416 18.2177 39.3482 18.2177 39.3442C18.2627 38.2286 18.3898 38.0394 18.3898 38.0394C18.3818 38.0367 18.3726 38.0341 18.3646 38.0301C16.144 37.2519 14.1536 35.9828 12.5232 34.3524L12.5245 34.3537Z" fill="black"></path><path d="M17.6645 15.8727H20.1062V16.8335H16.623V11.2289H17.6645V15.8727Z" fill="black"></path><path d="M20.527 13.6745C20.7031 13.3516 20.9532 13.0975 21.2761 12.9136C21.599 12.7296 21.9682 12.637 22.3851 12.637C22.8019 12.637 23.1712 12.7296 23.4941 12.9136C23.817 13.0975 24.0658 13.3516 24.2431 13.6745C24.4191 13.9974 24.5065 14.3614 24.5065 14.7676C24.5065 15.1739 24.4191 15.5379 24.2431 15.8608C24.0671 16.1837 23.817 16.4364 23.4941 16.6217C23.1712 16.8057 22.8019 16.897 22.3851 16.897C21.9682 16.897 21.599 16.8057 21.2761 16.6217C20.9532 16.4378 20.7031 16.1837 20.527 15.8608C20.351 15.5379 20.2637 15.1739 20.2637 14.7676C20.2637 14.3614 20.351 13.9974 20.527 13.6745ZM21.5805 15.6477C21.7856 15.8727 22.0542 15.9838 22.3851 15.9838C22.7159 15.9838 22.9846 15.8713 23.1897 15.6477C23.3948 15.424 23.498 15.1303 23.498 14.7676C23.498 14.405 23.3948 14.1112 23.1897 13.8876C22.9846 13.6639 22.7159 13.5515 22.3851 13.5515C22.0542 13.5515 21.7856 13.6639 21.5805 13.8876C21.3753 14.1112 21.2721 14.405 21.2721 14.7676C21.2721 15.1303 21.3753 15.424 21.5805 15.6477Z" fill="black"></path><path d="M29.1687 16.8334H28.208L27.5119 14.1271L26.8158 16.8334H25.855L24.566 12.7018H25.5347L26.3182 15.4082L27.0315 12.7018H27.9923L28.7056 15.4082L29.489 12.7018H30.4577L29.1687 16.8334Z" fill="black"></path><path d="M8.61654 18.931H5.58202V20.4026H8.01572V21.6042H5.58202V23.5377H8.71579V24.738H4.27981V17.7294H8.61654V18.931Z" fill="black"></path><path d="M8.73168 19.5715H9.9836L11.2051 23.0269L12.4266 19.5715H13.6785L11.7662 24.738H10.644L8.73168 19.5715Z" fill="black"></path><path d="M18.7126 22.5558H14.8973C14.9635 22.9369 15.121 23.2254 15.3684 23.4226C15.6159 23.6198 15.9163 23.7177 16.2697 23.7177C16.5635 23.7177 16.8083 23.6555 17.0055 23.5324C17.2027 23.4093 17.3906 23.2201 17.5719 22.966L18.6226 23.5377C18.3686 23.9519 18.047 24.2682 17.6566 24.4892C17.2662 24.7089 16.7805 24.8201 16.1995 24.8201C15.6517 24.8201 15.1832 24.6917 14.7928 24.435C14.4024 24.1782 14.1099 23.8461 13.9167 23.4385C13.7235 23.0322 13.6269 22.6047 13.6269 22.1574C13.6269 21.7101 13.7288 21.2827 13.9326 20.8764C14.1364 20.4688 14.4315 20.1366 14.8192 19.8799C15.207 19.6231 15.6636 19.4948 16.1916 19.4948C16.7196 19.4948 17.1828 19.6152 17.5626 19.8547C17.9438 20.0956 18.2296 20.4106 18.4241 20.801C18.6174 21.1914 18.714 21.6069 18.714 22.0476V22.5584L18.7126 22.5558ZM17.4409 21.5751C17.3945 21.2813 17.2582 21.0418 17.0346 20.8539C16.8109 20.6673 16.5291 20.5733 16.1889 20.5733C15.9018 20.5733 15.645 20.662 15.4174 20.838C15.1911 21.0153 15.0336 21.2602 14.9463 21.5738H17.4395L17.4409 21.5751Z" fill="black"></path><path d="M19.3849 19.5715H20.6263V20.3523C20.7732 20.0718 20.9809 19.8587 21.2469 19.7118C21.5142 19.5649 21.8107 19.4921 22.1376 19.4921C22.4644 19.4921 22.745 19.5689 22.9382 19.7224L22.5174 20.7732C22.344 20.6805 22.1601 20.6329 21.9668 20.6329C21.5791 20.6329 21.2588 20.7996 21.0061 21.1331C20.752 21.4666 20.6249 21.9814 20.6249 22.6749V24.738H19.3836V19.5715H19.3849Z" fill="black"></path><path d="M24.8518 24.4178L22.9792 19.5715H24.2312L25.4434 22.8562L26.5841 19.5715H27.8255L25.1827 26.7813H23.981L24.8518 24.4178Z" fill="black"></path><path d="M28.8074 24.4786C28.4607 24.251 28.1881 23.9347 27.9909 23.5271C27.7937 23.1195 27.6958 22.663 27.6958 22.1548C27.6958 21.6466 27.7911 21.1821 27.9816 20.7785C28.1722 20.3748 28.4369 20.0585 28.7783 19.8322C29.1184 19.6059 29.5088 19.4921 29.9495 19.4921C30.2962 19.4921 30.6006 19.5543 30.86 19.6774C31.1207 19.8005 31.3205 19.9765 31.4608 20.2028V17.65H32.7021V24.7393H31.4608V24.1187C31.3139 24.3251 31.1141 24.4945 30.86 24.6242C30.6059 24.7539 30.3055 24.8201 29.9588 24.8201C29.5379 24.8201 29.1541 24.7063 28.8074 24.48V24.4786ZM31.1763 23.2664C31.4198 22.9925 31.5415 22.6219 31.5415 22.1548C31.5415 21.6876 31.4198 21.3171 31.1763 21.0431C30.9328 20.7692 30.6271 20.6329 30.2605 20.6329C29.8939 20.6329 29.5882 20.7705 29.3447 21.0431C29.1012 21.3171 28.9795 21.6876 28.9795 22.1548C28.9795 22.6219 29.1012 22.9925 29.3447 23.2664C29.5882 23.5404 29.8939 23.6767 30.2605 23.6767C30.6271 23.6767 30.9328 23.5404 31.1763 23.2664Z" fill="black"></path><path d="M34.2624 24.6388C33.9951 24.5183 33.782 24.3437 33.6219 24.1134C33.4618 23.8831 33.3824 23.6079 33.3824 23.2876C33.3824 22.7807 33.5729 22.3718 33.9527 22.0608C34.3339 21.7511 34.8473 21.595 35.4945 21.595H36.6061V21.415C36.6061 21.1543 36.5161 20.9465 36.3361 20.789C36.1562 20.6329 35.9127 20.5535 35.6056 20.5535C35.3582 20.5535 35.1345 20.6183 34.9347 20.7493C34.7349 20.879 34.584 21.0312 34.4834 21.2046L33.5319 20.6342C33.7119 20.3073 33.9792 20.0347 34.3325 19.8177C34.6859 19.6006 35.1094 19.4921 35.6043 19.4921C36.3123 19.4921 36.8629 19.6615 37.2559 20.003C37.6503 20.3431 37.8461 20.834 37.8461 21.4746V24.7393H36.8245L36.6538 24.079C36.487 24.3066 36.2753 24.4866 36.0172 24.6189C35.7605 24.7526 35.4574 24.8187 35.1107 24.8187C34.8103 24.8187 34.5271 24.7592 34.2598 24.6388H34.2624ZM36.2607 23.457C36.491 23.2572 36.6061 23.0097 36.6061 22.7159V22.5756H35.6255C35.3383 22.5756 35.1094 22.6312 34.94 22.741C34.7693 22.8509 34.6846 23.0031 34.6846 23.1963C34.6846 23.3763 34.7468 23.5152 34.8698 23.6118C34.9929 23.7084 35.1755 23.7574 35.4151 23.7574C35.7486 23.7574 36.0304 23.6568 36.2607 23.457V23.457Z" fill="black"></path><path d="M39.7571 24.4178L37.8845 19.5715H39.1364L40.3473 22.8562L41.4894 19.5715H42.7308L40.088 26.7813H38.8863L39.7571 24.4178Z" fill="black"></path><path d="M13.652 33.1164H12.6185V27.5515H14.6618C15.7985 27.5515 16.4589 28.3072 16.4589 29.2772C16.4589 30.2473 15.7985 31.0029 14.6618 31.0029H13.652V33.1177V33.1164ZM15.4095 29.2759C15.4095 28.7505 15.076 28.5044 14.5824 28.5044H13.652V30.0461H14.5824C15.0747 30.0461 15.4095 29.8 15.4095 29.2746V29.2759Z" fill="black"></path><path d="M17.0981 29.0139H18.084V29.6345C18.3222 29.1899 18.7682 28.9503 19.2843 28.9503C19.5464 28.9503 19.7687 29.0139 19.9209 29.133L19.5874 29.968C19.4524 29.8966 19.3095 29.8569 19.1507 29.8569C18.5856 29.8569 18.0854 30.3015 18.0854 31.4793V33.1177H17.0994V29.0152L17.0981 29.0139Z" fill="black"></path><path d="M20.9703 27.312C21.3356 27.312 21.6069 27.5899 21.6069 27.9485C21.6069 28.3072 21.3369 28.5851 20.9703 28.5851C20.6038 28.5851 20.3338 28.3072 20.3338 27.9485C20.3338 27.5899 20.6038 27.312 20.9703 27.312ZM21.4626 33.1164H20.4767V29.0139H21.4626V33.1164Z" fill="black"></path><path d="M22.2355 31.0651C22.2355 29.8251 23.0785 28.9503 24.3026 28.9503C25.1774 28.9503 25.8205 29.2997 26.1553 30.0713L25.2568 30.4762C25.0583 30.0792 24.7565 29.8555 24.3026 29.8555C23.6899 29.8555 23.2373 30.3399 23.2373 31.0638C23.2373 31.7877 23.6899 32.272 24.3026 32.272C24.7552 32.272 25.0583 32.0497 25.2568 31.6514L26.1553 32.0563C25.8219 32.8279 25.1774 33.1772 24.3026 33.1772C23.0785 33.1772 22.2355 32.3025 22.2355 31.0625V31.0651Z" fill="black"></path><path d="M30.5874 31.3827H27.5581C27.6693 32.0113 28.1153 32.3051 28.6473 32.3051C29.1316 32.3051 29.4109 32.0907 29.6808 31.7083L30.5159 32.1609C30.1348 32.7736 29.5617 33.1786 28.5917 33.1786C27.2167 33.1786 26.5484 32.0894 26.5484 31.0638C26.5484 30.0382 27.2723 28.949 28.5838 28.949C29.8952 28.949 30.5874 29.9667 30.5874 30.9765V31.3814V31.3827ZM29.5776 30.6033C29.5062 30.1586 29.1409 29.8079 28.5838 29.8079C28.1391 29.8079 27.7408 30.0938 27.5978 30.6033H29.5776V30.6033Z" fill="black"></path><path d="M31.0294 32.2416L31.7374 31.6448C31.9677 32.0577 32.2866 32.3051 32.7551 32.3051C33.0965 32.3051 33.3281 32.1463 33.3281 31.8922C33.3281 31.6381 33.0105 31.4952 32.4613 31.343C31.785 31.1604 31.253 30.7713 31.253 30.1507C31.253 29.4665 31.8975 28.9503 32.7154 28.9503C33.4472 28.9503 33.876 29.3156 34.1142 29.7139L33.4776 30.2631C33.2553 29.9058 32.9602 29.7933 32.7061 29.7933C32.3726 29.7933 32.1728 29.9442 32.1728 30.1189C32.1728 30.365 32.3951 30.4762 33.0634 30.6522C33.7397 30.8269 34.2796 31.1855 34.2796 31.8922C34.2796 32.5989 33.7225 33.1799 32.6902 33.1799C31.9028 33.1799 31.3311 32.8464 31.0281 32.2416H31.0294Z" fill="black"></path><path d="M23.5046 47.8549H24.2007C24.3979 47.8549 24.4045 47.8443 24.3609 47.6498C24.2643 47.2263 24.1796 46.8015 24.0724 46.382C24.0155 46.161 24.0287 46.0207 24.2391 45.8579C24.7473 45.4675 24.7658 44.7013 24.3212 44.2315C23.8792 43.7643 23.1288 43.763 22.6855 44.2275C22.2395 44.696 22.2514 45.4636 22.7609 45.854C22.9898 46.0286 22.9925 46.1822 22.9237 46.4018C22.9171 46.423 22.9118 46.4429 22.9078 46.464C22.8165 46.8743 22.7238 47.2859 22.6339 47.6961C22.6021 47.8443 22.614 47.8562 22.7715 47.8562C23.0163 47.8562 23.2611 47.8562 23.506 47.8562M23.4954 41.1361C24.2179 41.1361 24.9392 41.1334 25.6604 41.1374C25.7689 41.1374 25.8166 41.1096 25.8139 40.9932C25.8086 40.62 25.8139 40.2454 25.81 39.8723C25.806 39.5771 25.7517 39.29 25.634 39.0187C25.1602 37.9229 24.0406 37.3803 22.88 37.6807C22.0357 37.8991 21.329 38.668 21.2337 39.5374C21.1808 40.0139 21.2072 40.4982 21.1914 40.9786C21.1874 41.1056 21.235 41.1387 21.3568 41.1387C22.0701 41.1334 22.7834 41.1361 23.4967 41.1361M23.4967 50.6023C22.217 50.6023 20.9359 50.6023 19.6562 50.6023C18.6849 50.6023 17.9186 50.0041 17.699 49.0592C17.6619 48.903 17.654 48.735 17.654 48.5735C17.6513 46.7856 17.6566 44.9977 17.65 43.2112C17.6473 42.4899 17.9028 41.9037 18.4943 41.4815C18.8132 41.2539 19.1758 41.1427 19.5689 41.1374C19.7396 41.1348 19.7383 41.1321 19.7396 40.9627C19.7436 40.5035 19.7198 40.0403 19.7595 39.5851C19.9408 37.4822 21.7631 35.9683 23.862 36.1549C25.7584 36.3243 27.2578 37.96 27.2617 39.867C27.2617 40.2282 27.2617 40.5895 27.2617 40.9495C27.2617 41.1321 27.2617 41.1308 27.4457 41.1387C28.2159 41.1731 28.7796 41.5357 29.1436 42.212C29.3024 42.5071 29.3513 42.8274 29.3513 43.1595C29.3513 44.9779 29.3553 46.7949 29.3513 48.6132C29.3487 49.5965 28.732 50.3601 27.7845 50.5639C27.6429 50.5943 27.4946 50.6023 27.3491 50.6023C26.0641 50.6049 24.7804 50.6036 23.4954 50.6036" fill="black"></path></svg><p class="styled__StyledBodyText-sc-119w3hf-5 ggtTyf styled__DarkGreyBodyText-sc-9yzfq2-2 lmkdDf">Low Everyday Price</p></div></div></div></div></div></div></div></li><li class="product-list--list-item"><div class="styles__StyledVerticalTileWrapper-dvv1wj-0 dtCNPH"><div data-auto="product-tile" data-auto-type="Quantity" data-auto-available="true" data-auto-is-restricted-disabled="false" data-auto-is-substitute="false" class="styles__StyledVerticalTile-dvv1wj-1 gSCsYK"><div class="styles__StyledTileContentWrapper-dvv1wj-2 bkNhNP beans"><div id="tile-299669062" data-auto-id="299669062" class="styles__StyledTiledContent-dvv1wj-3 bcglTg"><a href="https://www.tesco.com/groceries/en-GB/products/299669062" aria-hidden="true" class="product-image-wrapper" tabindex="1"><div class="product-image__container"><picture><img class="styled__Image-sjvkdn-0 bJErKA product-image beans-responsive-image__image" src="data:image/gif;base64,R0lGODlhAQABAAAAACH5BAEKAAEALAAAAAABAAEAAAICTAEAOw==" srcset="https://digitalcontent.api.tesco.com/v2/media/ghs/cf776d72-7d6c-4204-be41-a33e734063ef/efcda446-bf3b-4d0a-80af-f6320ee049f8_2045217398.jpeg?h=225&amp;w=225 768w, data:image/gif;base64,R0lGODlhAQABAAAAACH5BAEKAAEALAAAAAABAAEAAAICTAEAOw== 4000w" alt="Stockwell &amp; Co Baked Beans In Tomato Sauce 420G"></picture></div></a><div class="product-details--wrapper"><h3 class="styles__H3-oa5soe-0 bCKNNq"><a href="https://www.tesco.com/groceries/en-GB/products/299669062" class="styled__Anchor-sc-1xbujuz-0 csVOnh beans-link__anchor" data-auto="product-tile--title"><span class="styled__Text-sc-1xbujuz-1 ldbwMG beans-link__text">Stockwell &amp; Co Baked Beans In Tomato Sauce 420G</span></a></h3><div class="styles__StyledPromotionsAboveMobile-dvv1wj-7 iPTMuo"></div><div class="styles__StyledProductDetailsContent-dvv1wj-5 ddRSrq"><a href="https://www.tesco.com/groceries/en-GB/reviews/submission/299669062?from=%2Fshop%2Ffood-cupboard%2Fall" aria-label="Write a review for Stockwell &amp; Co Baked Beans In Tomato Sauce 420G" class="styled__Anchor-sc-1xbujuz-0 jSzuDt write-a-review-link beans-link__anchor" data-auto="review-link"><span class="styled__Text-sc-1xbujuz-1 fyDIEo beans-link__text">Write a review</span><span class="styled__IconContainer-sc-1xbujuz-2 bSauSL beans-link__icon-container"><svg aria-hidden="true" class="styled__SVG-xxa4wh-1 hQMCqc beans-link__icon beans-icon__svg" height="13.33" preserveAspectRatio="xMinYMax meet" viewBox="-1 0 12 20" width="8" xmlns="http://www.w3.org/2000/svg" color="currentColor"><path d="M1.312 1.348L10.276 10l-8.964 8.644" fill="none" stroke="currentColor"></path></svg></span></a><div><a href="https://www.tesco.com/groceries/en-GB/shop/food-cupboard/tins-cans-and-packets/baked-beans/tinned-baked-beans" class="styled__Anchor-sc-1xbujuz-0 jSzuDt rest-of-shelf-link beans-link__anchor" data-auto="rest-of-shelf-link"><span class="styled__Text-sc-1xbujuz-1 fyDIEo beans-link__text">Rest of <span class="visually-hidden">Tinned Baked Beans</span> shelf</span><span class="styled__IconContainer-sc-1xbujuz-2 bSauSL beans-link__icon-container"><svg aria-hidden="true" class="styled__SVG-xxa4wh-1 hQMCqc beans-link__icon beans-icon__svg" height="13.33" preserveAspectRatio="xMinYMax meet" viewBox="-1 0 12 20" width="8" xmlns="http://www.w3.org/2000/svg" color="currentColor"><path d="M1.312 1.348L10.276 10l-8.964 8.644" fill="none" stroke="currentColor"></path></svg></span></a></div><div class="product-info-message-section"><div class="product-info-message-list"><div class="styled__WhiteBackground-sc-9yzfq2-1 jthPIJ"><svg width="56" height="56" viewBox="0 0 56 56" fill="none" xmlns="http://www.w3.org/2000/svg"><path d="M52.1301 27.8766C52.1301 14.5534 41.3293 3.75308 28.0066 3.75308C14.6834 3.75308 3.88306 14.5534 3.88306 27.8766C3.88306 41.1998 14.6834 52.0002 28.0066 52.0002C41.3293 52.0002 52.1301 41.1998 52.1301 27.8766Z" fill="#EE1C2E"></path><path d="M19.6853 36.5687L31.8169 48.6998L52.6633 27.8998L51.9894 23.0423L31.886 43.1452L22.5438 33.803L19.6853 36.5687Z" fill="white"></path><path d="M24.2699 12.0048L23.5594 9.93467L22.8484 12.0048H24.2699ZM24.6345 13.0711H22.4844L21.9776 14.5375H20.7515L22.9815 8.31722H24.1369L26.3669 14.5375H25.1408L24.6345 13.0711Z" fill="white"></path><path d="M27.8359 14.5375H26.734V8.24609H27.8359V14.5375Z" fill="white"></path><path d="M31.5684 13.2309C31.7849 12.9886 31.8927 12.6597 31.8927 12.2446C31.8927 11.8306 31.7849 11.5016 31.5684 11.2588C31.3524 11.0159 31.0811 10.8942 30.7558 10.8942C30.4299 10.8942 30.1587 11.0159 29.9427 11.2588C29.7267 11.5016 29.6184 11.8306 29.6184 12.2446C29.6184 12.6597 29.7267 12.9886 29.9427 13.2309C30.1587 13.4738 30.4299 13.5955 30.7558 13.5955C31.0811 13.5955 31.3524 13.4738 31.5684 13.2309ZM29.4673 14.3065C29.159 14.1049 28.9177 13.8234 28.7429 13.4619C28.5681 13.101 28.481 12.6952 28.481 12.2446C28.481 11.7888 28.5655 11.3815 28.7341 11.0231C28.9032 10.6648 29.1384 10.3848 29.4405 10.1837C29.7426 9.98212 30.0891 9.88158 30.48 9.88158C30.7883 9.88158 31.0579 9.93624 31.2889 10.0455C31.5199 10.1554 31.6978 10.3106 31.8221 10.5122V8.24609H32.9239V14.5375H31.8221V13.9863C31.6916 14.1704 31.5137 14.3194 31.2889 14.4349C31.0636 14.5504 30.797 14.6086 30.4892 14.6086C30.1159 14.6086 29.7751 14.5076 29.4673 14.3065Z" fill="white"></path><path d="M34.9657 14.5375H33.8638V9.95224H34.9657V14.5375ZM33.9082 8.34408C34.0443 8.20796 34.2129 8.1399 34.4145 8.1399C34.6161 8.1399 34.7847 8.20796 34.9208 8.34408C35.0574 8.48071 35.1255 8.64931 35.1255 8.8504C35.1255 9.052 35.0574 9.22112 34.9208 9.35724C34.7847 9.49336 34.6161 9.56142 34.4145 9.56142C34.2129 9.56142 34.0443 9.49336 33.9082 9.35724C33.7715 9.22112 33.704 9.052 33.704 8.8504C33.704 8.64931 33.7715 8.48071 33.9082 8.34408Z" fill="white"></path><path d="M19.6791 19.3347C19.8894 19.1506 19.9946 18.8779 19.9946 18.5169C19.9946 18.1565 19.8894 17.8838 19.6791 17.6997C19.4682 17.5156 19.183 17.4233 18.8221 17.4233H17.5027V19.6111H18.8221C19.183 19.6111 19.4682 19.5188 19.6791 19.3347ZM17.5027 23.9628H16.0374V16.0704H18.9345C19.461 16.0704 19.9157 16.1776 20.2988 16.3921C20.6824 16.6061 20.9753 16.8995 21.1784 17.2712C21.3816 17.6435 21.4826 18.0586 21.4826 18.5169C21.4826 18.9758 21.3816 19.3909 21.1784 19.7632C20.9753 20.1354 20.6824 20.4283 20.2988 20.6423C19.9157 20.8568 19.461 20.9635 18.9345 20.9635H17.5027V23.9628Z" fill="white"></path><path d="M22.0396 18.1451H23.4379V19.0248C23.6029 18.7087 23.8359 18.4684 24.1365 18.3029C24.4376 18.1374 24.7717 18.0549 25.1404 18.0549C25.5235 18.0549 25.8241 18.1415 26.0422 18.3143L25.5689 19.4981C25.3729 19.3929 25.1662 19.3403 24.9486 19.3403C24.5124 19.3403 24.152 19.528 23.8663 19.9039C23.5802 20.2797 23.4379 20.8582 23.4379 21.6404V23.9627H22.0396V18.1451Z" fill="white"></path><path d="M27.8879 23.9627H26.4896V18.1451H27.8879V23.9627ZM26.5458 16.1044C26.7191 15.9316 26.933 15.845 27.1888 15.845C27.444 15.845 27.658 15.9316 27.8312 16.1044C28.0039 16.2771 28.0906 16.4916 28.0906 16.7468C28.0906 17.0026 28.0039 17.217 27.8312 17.3898C27.658 17.5625 27.444 17.6491 27.1888 17.6491C26.933 17.6491 26.7191 17.5625 26.5458 17.3898C26.3731 17.217 26.287 17.0026 26.287 16.7468C26.287 16.4916 26.3731 16.2771 26.5458 16.1044Z" fill="white"></path><path d="M30.0603 23.6693C29.6168 23.4141 29.2714 23.0588 29.0234 22.6041C28.7754 22.1493 28.6511 21.6327 28.6511 21.0537C28.6511 20.4752 28.7754 19.9585 29.0234 19.5038C29.2714 19.049 29.6168 18.6937 30.0603 18.438C30.5037 18.1828 31.011 18.0549 31.5823 18.0549C32.8749 18.0549 33.751 18.585 34.2093 19.6445L32.9353 20.2199C32.6424 19.6332 32.1913 19.3403 31.5823 19.3403C31.1466 19.3403 30.7857 19.4981 30.5001 19.8136C30.2144 20.1297 30.0716 20.5427 30.0716 21.0537C30.0716 21.5651 30.2144 21.9787 30.5001 22.2942C30.7857 22.6097 31.1466 22.7675 31.5823 22.7675C32.1913 22.7675 32.6424 22.4747 32.9353 21.8884L34.2093 22.4633C33.751 23.5229 32.8749 24.0529 31.5823 24.0529C31.011 24.0529 30.5037 23.9251 30.0603 23.6693Z" fill="white"></path><path d="M38.727 20.3999C38.6744 20.0694 38.5223 19.7987 38.2707 19.5883C38.0186 19.3779 37.7015 19.2728 37.3179 19.2728C36.9946 19.2728 36.7048 19.3723 36.4496 19.5713C36.1939 19.7708 36.0175 20.0467 35.9196 20.3999H38.727ZM40.1588 21.5048H35.8633C35.9381 21.9333 36.115 22.2586 36.3934 22.4803C36.6713 22.702 37.0095 22.8129 37.4081 22.8129C37.7386 22.8129 38.015 22.7433 38.2367 22.6041C38.4584 22.4649 38.6708 22.253 38.874 21.9673L40.0573 22.6097C39.7716 23.0759 39.4092 23.4327 38.9693 23.6812C38.5295 23.9287 37.983 24.0529 37.3292 24.0529C36.7125 24.0529 36.1846 23.9086 35.7453 23.6188C35.3055 23.3295 34.9765 22.9557 34.7584 22.4968C34.5403 22.0385 34.4315 21.5574 34.4315 21.0537C34.4315 20.5504 34.546 20.0694 34.7754 19.611C35.0044 19.1526 35.3374 18.7783 35.7731 18.4891C36.2088 18.1998 36.7239 18.0549 37.3179 18.0549C37.9191 18.0549 38.4341 18.19 38.8626 18.4607C39.2911 18.7314 39.6139 19.0866 39.832 19.5264C40.0501 19.9657 40.1588 20.4339 40.1588 20.9299V21.5048Z" fill="white"></path><path d="M16.3879 25.558H17.7399L19.2454 29.4977L20.751 25.558H22.1029V31.8684H20.9309V28.0282L19.6873 31.2915H18.8035L17.5599 28.0282V31.8684H16.3879V25.558Z" fill="white"></path><path d="M25.4058 30.7146C25.6131 30.5341 25.7167 30.3119 25.7167 30.0474V29.9216H24.8335C24.5746 29.9216 24.3689 29.971 24.2158 30.07C24.0626 30.169 23.9858 30.3057 23.9858 30.48C23.9858 30.6424 24.0415 30.7671 24.1529 30.8543C24.2637 30.9414 24.4277 30.9847 24.6437 30.9847C24.9443 30.9847 25.1985 30.8945 25.4058 30.7146ZM23.6074 31.7782C23.3671 31.67 23.1748 31.5122 23.0304 31.3049C22.886 31.0976 22.8138 30.8496 22.8138 30.5609C22.8138 30.1046 22.9855 29.7364 23.3279 29.457C23.6703 29.1775 24.1333 29.0378 24.7159 29.0378H25.7167V28.8754C25.7167 28.6413 25.6357 28.4531 25.4733 28.3118C25.3109 28.1711 25.0918 28.1004 24.8154 28.1004C24.5927 28.1004 24.3916 28.1592 24.2111 28.2763C24.0312 28.3933 23.8956 28.5299 23.8059 28.6862L22.9494 28.1726C23.1113 27.8782 23.3516 27.6333 23.6703 27.4379C23.9889 27.2425 24.3705 27.145 24.8154 27.145C25.4522 27.145 25.9482 27.2982 26.3024 27.6044C26.6572 27.9112 26.8345 28.3526 26.8345 28.9295V31.8685H25.9152L25.7621 31.2735C25.6115 31.4776 25.4207 31.6401 25.1892 31.7602C24.9582 31.8803 24.686 31.9401 24.3735 31.9401C24.1029 31.9401 23.8476 31.8865 23.6074 31.7782Z" fill="white"></path><path d="M27.8214 30.3V28.1726H27.1182V27.2167H27.8214V26.4417L28.9393 25.7384V27.2167H30.1381V28.1726H28.9393V30.2458C28.9393 30.6903 29.1166 30.9125 29.4709 30.9125C29.6333 30.9125 29.7895 30.8496 29.9395 30.7233L30.4443 31.5797C30.2881 31.706 30.1169 31.7978 29.9308 31.855C29.7446 31.9117 29.5549 31.9401 29.3626 31.9401C28.3355 31.9401 27.8214 31.3936 27.8214 30.3Z" fill="white"></path><path d="M31.5487 31.6339C31.194 31.4297 30.9176 31.1456 30.7196 30.7821C30.5211 30.4186 30.4221 30.0056 30.4221 29.5426C30.4221 29.0801 30.5211 28.6666 30.7196 28.3031C30.9176 27.9396 31.194 27.6555 31.5487 27.4513C31.9034 27.2471 32.3087 27.145 32.7655 27.145C33.7993 27.145 34.4995 27.5683 34.8661 28.416L33.8473 28.8754C33.6132 28.4067 33.2528 28.1726 32.7655 28.1726C32.417 28.1726 32.1288 28.2989 31.9004 28.5511C31.6719 28.8037 31.558 29.1342 31.558 29.5426C31.558 29.9509 31.6719 30.282 31.9004 30.5341C32.1288 30.7867 32.417 30.9125 32.7655 30.9125C33.2528 30.9125 33.6132 30.6785 33.8473 30.2098L34.8661 30.6697C34.4995 31.5168 33.7993 31.9401 32.7655 31.9401C32.3087 31.9401 31.9034 31.8386 31.5487 31.6339Z" fill="white"></path><path d="M35.3998 25.4863H36.5176V27.9473C36.662 27.707 36.8615 27.5132 37.1167 27.3657C37.3725 27.2188 37.6592 27.145 37.9778 27.145C38.4702 27.145 38.8579 27.2909 39.1405 27.5823C39.423 27.8736 39.5643 28.2804 39.5643 28.8037V31.8685H38.4465V29.0285C38.4465 28.7522 38.3758 28.5408 38.2346 28.3933C38.0933 28.2458 37.8907 28.1726 37.6262 28.1726C37.3199 28.1726 37.0585 28.3093 36.8419 28.5825C36.6254 28.8558 36.5176 29.275 36.5176 29.8401V31.8685H35.3998V25.4863Z" fill="white"></path></svg><p class="styled__StyledBodyText-sc-119w3hf-5 ggtTyf styled__DarkGreyBodyText-jk5kya-0 iwRWTH">Aldi Price Match</p></div></div></div></div><div class="styles__StyledBuyBoxWrapper-dvv1wj-4 dSvjUC"><div class="styles__StyledBuyBoxContainer-sc-1wx0qp6-0 erryje" data-auto="buybox-container"><div class="styles__SafeFormWrapper-jtpu2t-0 lcrYKS"><form action="https://www.tesco.com/groceries/en-GB/trolley/items/299669062?_method=PUT" method="POST"><input type="submit" class="hidden"><input name="id" type="hidden" value="299669062"><input name="identifier" type="hidden" value="Page"><input name="anchorId" type="hidden" value="#tile-299669062"><input name="returnUrl" type="hidden" value="/groceries/en-GB/shop/food-cupboard/all?redirectIfUnavailable=true#tile-299669062"><input name="backToUrl" type="hidden" value="#"><input name="oldValue" type="hidden" value="0"><input name="oldUnitChoice" type="hidden" value="pcs"><input name="newUnitChoice" type="hidden" value="pcs"><div class="base-components__RootElement-sc-1mosoyj-1 styled__Container-sc-6nhkzi-0 jptQqM hSNpTb beans-buybox__container"><div class="base-components__BaseElement-sc-1mosoyj-0 styled__PriceAndActions-sc-6nhkzi-3 oznwo eEPLov beans-buybox__price-and-actions"><div class="base-components__RootElement-sc-1mosoyj-1 styled__Container-sc-8qlq5b-0 jptQqM bgZrjw styled__StyledPrice-sc-6nhkzi-5 iYHeik beans-buybox__price beans-price__container"><p class="styled__StyledHeading-sc-119w3hf-2 jWPEtj styled__Text-sc-8qlq5b-1 lnaeiZ beans-price__text">£0.27</p><p class="styled__StyledFootnote-sc-119w3hf-7 icrlVF styled__Subtext-sc-8qlq5b-2 bNJmdc beans-price__subtext">£0.64/kg</p></div><div class="base-components__RootElement-sc-1mosoyj-1 styled__Container-vtxwzb-0 jptQqM bDFhXJ beans-buybox__actions beans-quantity-controls__container"><div class="base-components__RootElement-sc-1mosoyj-1 styled__Container-sc-16t2b2a-0 jptQqM PUfgZ styled__StyledFormGroup-vtxwzb-1 kzKuAr beans-quantity-controls__form-group beans-form-group__container"><label class="styled__StyledLabel-sc-1ttuvhr-0 izGEjV beans-form-group__label beans-label" for="quantity-controls-299669062">Quantity controls </label><div class="base-components__BaseElement-sc-1mosoyj-0 styled__Children-sc-16t2b2a-3 oznwo gdJvjO beans-form-group__children"><div class="styled__StyledQuantityControlWrapper-vtxwzb-6 LCxOg"><label id="quantity-controls-299669062-label" class="styled__VisuallyHiddenLabel-vtxwzb-7 gXlLiM">Quantity of Stockwell &amp; Co Baked Beans In Tomato Sauce 420G</label><div class="component__Wrapper-sc-1kpmik-3 dReplG input-wrapper"><input class="base-components__RootElement-sc-1mosoyj-1 styled__StyledInput-sc-1jd5f57-0 component__StyledAsInput-sc-1kpmik-4 jptQqM eJLlow styled__StyledInput-vtxwzb-3 lwMHo beans-quantity-controls__input beans-input" data-auto="beans-quantity-controls-input" autocomplete="off" id="quantity-controls-299669062" maxlength="2" name="newValue" type="number" aria-labelledby="quantity-controls-299669062-label" value="1"></div></div><button class="styled__BaseButton-rsekm1-0 styled__PrimaryButton-rsekm1-2 jChbeY geeWOF styled__StyledButton-vtxwzb-5 japAxb beans-quantity-controls__add-button beans-button__container" type="submit" data-auto="beans-quantity-controls-add-button" aria-label="Quantity of Stockwell &amp; Co Baked Beans In Tomato Sauce 420G"><span class="base-components__BaseElement-sc-1mosoyj-0 styled__InnerContainer-rsekm1-1 oznwo fuFres beans-button__inner-container"><span class="base-components__BaseElement-sc-1mosoyj-0 styled__TextSpan-rsekm1-4 oznwo GDiMp beans-button__text">Add</span></span></button></div></div></div></div></div><input name="_csrf" type="hidden" value="92xA6FXg-W2XHhQLLDKqjWuqmpStG0svGR_s"></form></div></div></div></div><div class="hidden-medium product-info-section-small"><div class="product-info-message-list"><div class="styled__WhiteBackground-sc-9yzfq2-1 jthPIJ"><svg width="56" height="56" viewBox="0 0 56 56" fill="none" xmlns="http://www.w3.org/2000/svg"><path d="M52.1301 27.8766C52.1301 14.5534 41.3293 3.75308 28.0066 3.75308C14.6834 3.75308 3.88306 14.5534 3.88306 27.8766C3.88306 41.1998 14.6834 52.0002 28.0066 52.0002C41.3293 52.0002 52.1301 41.1998 52.1301 27.8766Z" fill="#EE1C2E"></path><path d="M19.6853 36.5687L31.8169 48.6998L52.6633 27.8998L51.9894 23.0423L31.886 43.1452L22.5438 33.803L19.6853 36.5687Z" fill="white"></path><path d="M24.2699 12.0048L23.5594 9.93467L22.8484 12.0048H24.2699ZM24.6345 13.0711H22.4844L21.9776 14.5375H20.7515L22.9815 8.31722H24.1369L26.3669 14.5375H25.1408L24.6345 13.0711Z" fill="white"></path><path d="M27.8359 14.5375H26.734V8.24609H27.8359V14.5375Z" fill="white"></path><path d="M31.5684 13.2309C31.7849 12.9886 31.8927 12.6597 31.8927 12.2446C31.8927 11.8306 31.7849 11.5016 31.5684 11.2588C31.3524 11.0159 31.0811 10.8942 30.7558 10.8942C30.4299 10.8942 30.1587 11.0159 29.9427 11.2588C29.7267 11.5016 29.6184 11.8306 29.6184 12.2446C29.6184 12.6597 29.7267 12.9886 29.9427 13.2309C30.1587 13.4738 30.4299 13.5955 30.7558 13.5955C31.0811 13.5955 31.3524 13.4738 31.5684 13.2309ZM29.4673 14.3065C29.159 14.1049 28.9177 13.8234 28.7429 13.4619C28.5681 13.101 28.481 12.6952 28.481 12.2446C28.481 11.7888 28.5655 11.3815 28.7341 11.0231C28.9032 10.6648 29.1384 10.3848 29.4405 10.1837C29.7426 9.98212 30.0891 9.88158 30.48 9.88158C30.7883 9.88158 31.0579 9.93624 31.2889 10.0455C31.5199 10.1554 31.6978 10.3106 31.8221 10.5122V8.24609H32.9239V14.5375H31.8221V13.9863C31.6916 14.1704 31.5137 14.3194 31.2889 14.4349C31.0636 14.5504 30.797 14.6086 30.4892 14.6086C30.1159 14.6086 29.7751 14.5076 29.4673 14.3065Z" fill="white"></path><path d="M34.9657 14.5375H33.8638V9.95224H34.9657V14.5375ZM33.9082 8.34408C34.0443 8.20796 34.2129 8.1399 34.4145 8.1399C34.6161 8.1399 34.7847 8.20796 34.9208 8.34408C35.0574 8.48071 35.1255 8.64931 35.1255 8.8504C35.1255 9.052 35.0574 9.22112 34.9208 9.35724C34.7847 9.49336 34.6161 9.56142 34.4145 9.56142C34.2129 9.56142 34.0443 9.49336 33.9082 9.35724C33.7715 9.22112 33.704 9.052 33.704 8.8504C33.704 8.64931 33.7715 8.48071 33.9082 8.34408Z" fill="white"></path><path d="M19.6791 19.3347C19.8894 19.1506 19.9946 18.8779 19.9946 18.5169C19.9946 18.1565 19.8894 17.8838 19.6791 17.6997C19.4682 17.5156 19.183 17.4233 18.8221 17.4233H17.5027V19.6111H18.8221C19.183 19.6111 19.4682 19.5188 19.6791 19.3347ZM17.5027 23.9628H16.0374V16.0704H18.9345C19.461 16.0704 19.9157 16.1776 20.2988 16.3921C20.6824 16.6061 20.9753 16.8995 21.1784 17.2712C21.3816 17.6435 21.4826 18.0586 21.4826 18.5169C21.4826 18.9758 21.3816 19.3909 21.1784 19.7632C20.9753 20.1354 20.6824 20.4283 20.2988 20.6423C19.9157 20.8568 19.461 20.9635 18.9345 20.9635H17.5027V23.9628Z" fill="white"></path><path d="M22.0396 18.1451H23.4379V19.0248C23.6029 18.7087 23.8359 18.4684 24.1365 18.3029C24.4376 18.1374 24.7717 18.0549 25.1404 18.0549C25.5235 18.0549 25.8241 18.1415 26.0422 18.3143L25.5689 19.4981C25.3729 19.3929 25.1662 19.3403 24.9486 19.3403C24.5124 19.3403 24.152 19.528 23.8663 19.9039C23.5802 20.2797 23.4379 20.8582 23.4379 21.6404V23.9627H22.0396V18.1451Z" fill="white"></path><path d="M27.8879 23.9627H26.4896V18.1451H27.8879V23.9627ZM26.5458 16.1044C26.7191 15.9316 26.933 15.845 27.1888 15.845C27.444 15.845 27.658 15.9316 27.8312 16.1044C28.0039 16.2771 28.0906 16.4916 28.0906 16.7468C28.0906 17.0026 28.0039 17.217 27.8312 17.3898C27.658 17.5625 27.444 17.6491 27.1888 17.6491C26.933 17.6491 26.7191 17.5625 26.5458 17.3898C26.3731 17.217 26.287 17.0026 26.287 16.7468C26.287 16.4916 26.3731 16.2771 26.5458 16.1044Z" fill="white"></path><path d="M30.0603 23.6693C29.6168 23.4141 29.2714 23.0588 29.0234 22.6041C28.7754 22.1493 28.6511 21.6327 28.6511 21.0537C28.6511 20.4752 28.7754 19.9585 29.0234 19.5038C29.2714 19.049 29.6168 18.6937 30.0603 18.438C30.5037 18.1828 31.011 18.0549 31.5823 18.0549C32.8749 18.0549 33.751 18.585 34.2093 19.6445L32.9353 20.2199C32.6424 19.6332 32.1913 19.3403 31.5823 19.3403C31.1466 19.3403 30.7857 19.4981 30.5001 19.8136C30.2144 20.1297 30.0716 20.5427 30.0716 21.0537C30.0716 21.5651 30.2144 21.9787 30.5001 22.2942C30.7857 22.6097 31.1466 22.7675 31.5823 22.7675C32.1913 22.7675 32.6424 22.4747 32.9353 21.8884L34.2093 22.4633C33.751 23.5229 32.8749 24.0529 31.5823 24.0529C31.011 24.0529 30.5037 23.9251 30.0603 23.6693Z" fill="white"></path><path d="M38.727 20.3999C38.6744 20.0694 38.5223 19.7987 38.2707 19.5883C38.0186 19.3779 37.7015 19.2728 37.3179 19.2728C36.9946 19.2728 36.7048 19.3723 36.4496 19.5713C36.1939 19.7708 36.0175 20.0467 35.9196 20.3999H38.727ZM40.1588 21.5048H35.8633C35.9381 21.9333 36.115 22.2586 36.3934 22.4803C36.6713 22.702 37.0095 22.8129 37.4081 22.8129C37.7386 22.8129 38.015 22.7433 38.2367 22.6041C38.4584 22.4649 38.6708 22.253 38.874 21.9673L40.0573 22.6097C39.7716 23.0759 39.4092 23.4327 38.9693 23.6812C38.5295 23.9287 37.983 24.0529 37.3292 24.0529C36.7125 24.0529 36.1846 23.9086 35.7453 23.6188C35.3055 23.3295 34.9765 22.9557 34.7584 22.4968C34.5403 22.0385 34.4315 21.5574 34.4315 21.0537C34.4315 20.5504 34.546 20.0694 34.7754 19.611C35.0044 19.1526 35.3374 18.7783 35.7731 18.4891C36.2088 18.1998 36.7239 18.0549 37.3179 18.0549C37.9191 18.0549 38.4341 18.19 38.8626 18.4607C39.2911 18.7314 39.6139 19.0866 39.832 19.5264C40.0501 19.9657 40.1588 20.4339 40.1588 20.9299V21.5048Z" fill="white"></path><path d="M16.3879 25.558H17.7399L19.2454 29.4977L20.751 25.558H22.1029V31.8684H20.9309V28.0282L19.6873 31.2915H18.8035L17.5599 28.0282V31.8684H16.3879V25.558Z" fill="white"></path><path d="M25.4058 30.7146C25.6131 30.5341 25.7167 30.3119 25.7167 30.0474V29.9216H24.8335C24.5746 29.9216 24.3689 29.971 24.2158 30.07C24.0626 30.169 23.9858 30.3057 23.9858 30.48C23.9858 30.6424 24.0415 30.7671 24.1529 30.8543C24.2637 30.9414 24.4277 30.9847 24.6437 30.9847C24.9443 30.9847 25.1985 30.8945 25.4058 30.7146ZM23.6074 31.7782C23.3671 31.67 23.1748 31.5122 23.0304 31.3049C22.886 31.0976 22.8138 30.8496 22.8138 30.5609C22.8138 30.1046 22.9855 29.7364 23.3279 29.457C23.6703 29.1775 24.1333 29.0378 24.7159 29.0378H25.7167V28.8754C25.7167 28.6413 25.6357 28.4531 25.4733 28.3118C25.3109 28.1711 25.0918 28.1004 24.8154 28.1004C24.5927 28.1004 24.3916 28.1592 24.2111 28.2763C24.0312 28.3933 23.8956 28.5299 23.8059 28.6862L22.9494 28.1726C23.1113 27.8782 23.3516 27.6333 23.6703 27.4379C23.9889 27.2425 24.3705 27.145 24.8154 27.145C25.4522 27.145 25.9482 27.2982 26.3024 27.6044C26.6572 27.9112 26.8345 28.3526 26.8345 28.9295V31.8685H25.9152L25.7621 31.2735C25.6115 31.4776 25.4207 31.6401 25.1892 31.7602C24.9582 31.8803 24.686 31.9401 24.3735 31.9401C24.1029 31.9401 23.8476 31.8865 23.6074 31.7782Z" fill="white"></path><path d="M27.8214 30.3V28.1726H27.1182V27.2167H27.8214V26.4417L28.9393 25.7384V27.2167H30.1381V28.1726H28.9393V30.2458C28.9393 30.6903 29.1166 30.9125 29.4709 30.9125C29.6333 30.9125 29.7895 30.8496 29.9395 30.7233L30.4443 31.5797C30.2881 31.706 30.1169 31.7978 29.9308 31.855C29.7446 31.9117 29.5549 31.9401 29.3626 31.9401C28.3355 31.9401 27.8214 31.3936 27.8214 30.3Z" fill="white"></path><path d="M31.5487 31.6339C31.194 31.4297 30.9176 31.1456 30.7196 30.7821C30.5211 30.4186 30.4221 30.0056 30.4221 29.5426C30.4221 29.0801 30.5211 28.6666 30.7196 28.3031C30.9176 27.9396 31.194 27.6555 31.5487 27.4513C31.9034 27.2471 32.3087 27.145 32.7655 27.145C33.7993 27.145 34.4995 27.5683 34.8661 28.416L33.8473 28.8754C33.6132 28.4067 33.2528 28.1726 32.7655 28.1726C32.417 28.1726 32.1288 28.2989 31.9004 28.5511C31.6719 28.8037 31.558 29.1342 31.558 29.5426C31.558 29.9509 31.6719 30.282 31.9004 30.5341C32.1288 30.7867 32.417 30.9125 32.7655 30.9125C33.2528 30.9125 33.6132 30.6785 33.8473 30.2098L34.8661 30.6697C34.4995 31.5168 33.7993 31.9401 32.7655 31.9401C32.3087 31.9401 31.9034 31.8386 31.5487 31.6339Z" fill="white"></path><path d="M35.3998 25.4863H36.5176V27.9473C36.662 27.707 36.8615 27.5132 37.1167 27.3657C37.3725 27.2188 37.6592 27.145 37.9778 27.145C38.4702 27.145 38.8579 27.2909 39.1405 27.5823C39.423 27.8736 39.5643 28.2804 39.5643 28.8037V31.8685H38.4465V29.0285C38.4465 28.7522 38.3758 28.5408 38.2346 28.3933C38.0933 28.2458 37.8907 28.1726 37.6262 28.1726C37.3199 28.1726 37.0585 28.3093 36.8419 28.5825C36.6254 28.8558 36.5176 29.275 36.5176 29.8401V31.8685H35.3998V25.4863Z" fill="white"></path></svg><p class="styled__StyledBodyText-sc-119w3hf-5 ggtTyf styled__DarkGreyBodyText-jk5kya-0 iwRWTH">Aldi Price Match</p></div></div></div></div></div></div></div></li><li class="product-list--list-item"><div class="styles__StyledVerticalTileWrapper-dvv1wj-0 dtCNPH"><div data-auto="product-tile" data-auto-type="Quantity" data-auto-available="true" data-auto-is-restricted-disabled="false" data-auto-is-substitute="false" class="styles__StyledVerticalTile-dvv1wj-1 gSCsYK"><div class="styles__StyledTileContentWrapper-dvv1wj-2 bkNhNP beans"><div id="tile-297844111" data-auto-id="297844111" class="styles__StyledTiledContent-dvv1wj-3 bcglTg"><a href="https://www.tesco.com/groceries/en-GB/products/297844111" aria-hidden="true" class="product-image-wrapper" tabindex="1"><div class="product-image__container"><picture><img class="styled__Image-sjvkdn-0 bJErKA product-image beans-responsive-image__image" src="data:image/gif;base64,R0lGODlhAQABAAAAACH5BAEKAAEALAAAAAABAAEAAAICTAEAOw==" srcset="https://digitalcontent.api.tesco.com/v2/media/ghs/45784820-0352-41f8-8fd3-a83787b549d2/64ded30e-93a1-441a-b170-335fed5e1a2c_1977549637.jpeg?h=225&amp;w=225 768w, data:image/gif;base64,R0lGODlhAQABAAAAACH5BAEKAAEALAAAAAABAAEAAAICTAEAOw== 4000w" alt="Hearty Food Co. Penne Pasta 500G"></picture></div></a><div class="product-details--wrapper"><h3 class="styles__H3-oa5soe-0 bCKNNq"><a href="https://www.tesco.com/groceries/en-GB/products/297844111" class="styled__Anchor-sc-1xbujuz-0 csVOnh beans-link__anchor" data-auto="product-tile--title"><span class="styled__Text-sc-1xbujuz-1 ldbwMG beans-link__text">Hearty Food Co. Penne Pasta 500G</span></a></h3><div class="styles__StyledPromotionsAboveMobile-dvv1wj-7 iPTMuo"></div><div class="styles__StyledProductDetailsContent-dvv1wj-5 ddRSrq"><a href="https://www.tesco.com/groceries/en-GB/reviews/submission/297844111?from=%2Fshop%2Ffood-cupboard%2Fall" aria-label="Write a review for Hearty Food Co. Penne Pasta 500G" class="styled__Anchor-sc-1xbujuz-0 jSzuDt write-a-review-link beans-link__anchor" data-auto="review-link"><span class="styled__Text-sc-1xbujuz-1 fyDIEo beans-link__text">Write a review</span><span class="styled__IconContainer-sc-1xbujuz-2 bSauSL beans-link__icon-container"><svg aria-hidden="true" class="styled__SVG-xxa4wh-1 hQMCqc beans-link__icon beans-icon__svg" height="13.33" preserveAspectRatio="xMinYMax meet" viewBox="-1 0 12 20" width="8" xmlns="http://www.w3.org/2000/svg" color="currentColor"><path d="M1.312 1.348L10.276 10l-8.964 8.644" fill="none" stroke="currentColor"></path></svg></span></a><div><a href="https://www.tesco.com/groceries/en-GB/shop/food-cupboard/dried-pasta-rice-noodles-and-cous-cous/pasta-and-spaghetti/pasta-macaroni-penne-and-rigatoni" class="styled__Anchor-sc-1xbujuz-0 jSzuDt rest-of-shelf-link beans-link__anchor" data-auto="rest-of-shelf-link"><span class="styled__Text-sc-1xbujuz-1 fyDIEo beans-link__text">Rest of <span class="visually-hidden">Pasta - Macaroni, Penne &amp; Rigatoni</span> shelf</span><span class="styled__IconContainer-sc-1xbujuz-2 bSauSL beans-link__icon-container"><svg aria-hidden="true" class="styled__SVG-xxa4wh-1 hQMCqc beans-link__icon beans-icon__svg" height="13.33" preserveAspectRatio="xMinYMax meet" viewBox="-1 0 12 20" width="8" xmlns="http://www.w3.org/2000/svg" color="currentColor"><path d="M1.312 1.348L10.276 10l-8.964 8.644" fill="none" stroke="currentColor"></path></svg></span></a></div><div class="product-info-message-section"><div class="product-info-message-list"><div class="styled__WhiteBackground-sc-9yzfq2-1 jthPIJ"><svg width="56" height="56" viewBox="0 0 56 56" fill="none" xmlns="http://www.w3.org/2000/svg"><path d="M52.1301 27.8766C52.1301 14.5534 41.3293 3.75308 28.0066 3.75308C14.6834 3.75308 3.88306 14.5534 3.88306 27.8766C3.88306 41.1998 14.6834 52.0002 28.0066 52.0002C41.3293 52.0002 52.1301 41.1998 52.1301 27.8766Z" fill="#EE1C2E"></path><path d="M19.6853 36.5687L31.8169 48.6998L52.6633 27.8998L51.9894 23.0423L31.886 43.1452L22.5438 33.803L19.6853 36.5687Z" fill="white"></path><path d="M24.2699 12.0048L23.5594 9.93467L22.8484 12.0048H24.2699ZM24.6345 13.0711H22.4844L21.9776 14.5375H20.7515L22.9815 8.31722H24.1369L26.3669 14.5375H25.1408L24.6345 13.0711Z" fill="white"></path><path d="M27.8359 14.5375H26.734V8.24609H27.8359V14.5375Z" fill="white"></path><path d="M31.5684 13.2309C31.7849 12.9886 31.8927 12.6597 31.8927 12.2446C31.8927 11.8306 31.7849 11.5016 31.5684 11.2588C31.3524 11.0159 31.0811 10.8942 30.7558 10.8942C30.4299 10.8942 30.1587 11.0159 29.9427 11.2588C29.7267 11.5016 29.6184 11.8306 29.6184 12.2446C29.6184 12.6597 29.7267 12.9886 29.9427 13.2309C30.1587 13.4738 30.4299 13.5955 30.7558 13.5955C31.0811 13.5955 31.3524 13.4738 31.5684 13.2309ZM29.4673 14.3065C29.159 14.1049 28.9177 13.8234 28.7429 13.4619C28.5681 13.101 28.481 12.6952 28.481 12.2446C28.481 11.7888 28.5655 11.3815 28.7341 11.0231C28.9032 10.6648 29.1384 10.3848 29.4405 10.1837C29.7426 9.98212 30.0891 9.88158 30.48 9.88158C30.7883 9.88158 31.0579 9.93624 31.2889 10.0455C31.5199 10.1554 31.6978 10.3106 31.8221 10.5122V8.24609H32.9239V14.5375H31.8221V13.9863C31.6916 14.1704 31.5137 14.3194 31.2889 14.4349C31.0636 14.5504 30.797 14.6086 30.4892 14.6086C30.1159 14.6086 29.7751 14.5076 29.4673 14.3065Z" fill="white"></path><path d="M34.9657 14.5375H33.8638V9.95224H34.9657V14.5375ZM33.9082 8.34408C34.0443 8.20796 34.2129 8.1399 34.4145 8.1399C34.6161 8.1399 34.7847 8.20796 34.9208 8.34408C35.0574 8.48071 35.1255 8.64931 35.1255 8.8504C35.1255 9.052 35.0574 9.22112 34.9208 9.35724C34.7847 9.49336 34.6161 9.56142 34.4145 9.56142C34.2129 9.56142 34.0443 9.49336 33.9082 9.35724C33.7715 9.22112 33.704 9.052 33.704 8.8504C33.704 8.64931 33.7715 8.48071 33.9082 8.34408Z" fill="white"></path><path d="M19.6791 19.3347C19.8894 19.1506 19.9946 18.8779 19.9946 18.5169C19.9946 18.1565 19.8894 17.8838 19.6791 17.6997C19.4682 17.5156 19.183 17.4233 18.8221 17.4233H17.5027V19.6111H18.8221C19.183 19.6111 19.4682 19.5188 19.6791 19.3347ZM17.5027 23.9628H16.0374V16.0704H18.9345C19.461 16.0704 19.9157 16.1776 20.2988 16.3921C20.6824 16.6061 20.9753 16.8995 21.1784 17.2712C21.3816 17.6435 21.4826 18.0586 21.4826 18.5169C21.4826 18.9758 21.3816 19.3909 21.1784 19.7632C20.9753 20.1354 20.6824 20.4283 20.2988 20.6423C19.9157 20.8568 19.461 20.9635 18.9345 20.9635H17.5027V23.9628Z" fill="white"></path><path d="M22.0396 18.1451H23.4379V19.0248C23.6029 18.7087 23.8359 18.4684 24.1365 18.3029C24.4376 18.1374 24.7717 18.0549 25.1404 18.0549C25.5235 18.0549 25.8241 18.1415 26.0422 18.3143L25.5689 19.4981C25.3729 19.3929 25.1662 19.3403 24.9486 19.3403C24.5124 19.3403 24.152 19.528 23.8663 19.9039C23.5802 20.2797 23.4379 20.8582 23.4379 21.6404V23.9627H22.0396V18.1451Z" fill="white"></path><path d="M27.8879 23.9627H26.4896V18.1451H27.8879V23.9627ZM26.5458 16.1044C26.7191 15.9316 26.933 15.845 27.1888 15.845C27.444 15.845 27.658 15.9316 27.8312 16.1044C28.0039 16.2771 28.0906 16.4916 28.0906 16.7468C28.0906 17.0026 28.0039 17.217 27.8312 17.3898C27.658 17.5625 27.444 17.6491 27.1888 17.6491C26.933 17.6491 26.7191 17.5625 26.5458 17.3898C26.3731 17.217 26.287 17.0026 26.287 16.7468C26.287 16.4916 26.3731 16.2771 26.5458 16.1044Z" fill="white"></path><path d="M30.0603 23.6693C29.6168 23.4141 29.2714 23.0588 29.0234 22.6041C28.7754 22.1493 28.6511 21.6327 28.6511 21.0537C28.6511 20.4752 28.7754 19.9585 29.0234 19.5038C29.2714 19.049 29.6168 18.6937 30.0603 18.438C30.5037 18.1828 31.011 18.0549 31.5823 18.0549C32.8749 18.0549 33.751 18.585 34.2093 19.6445L32.9353 20.2199C32.6424 19.6332 32.1913 19.3403 31.5823 19.3403C31.1466 19.3403 30.7857 19.4981 30.5001 19.8136C30.2144 20.1297 30.0716 20.5427 30.0716 21.0537C30.0716 21.5651 30.2144 21.9787 30.5001 22.2942C30.7857 22.6097 31.1466 22.7675 31.5823 22.7675C32.1913 22.7675 32.6424 22.4747 32.9353 21.8884L34.2093 22.4633C33.751 23.5229 32.8749 24.0529 31.5823 24.0529C31.011 24.0529 30.5037 23.9251 30.0603 23.6693Z" fill="white"></path><path d="M38.727 20.3999C38.6744 20.0694 38.5223 19.7987 38.2707 19.5883C38.0186 19.3779 37.7015 19.2728 37.3179 19.2728C36.9946 19.2728 36.7048 19.3723 36.4496 19.5713C36.1939 19.7708 36.0175 20.0467 35.9196 20.3999H38.727ZM40.1588 21.5048H35.8633C35.9381 21.9333 36.115 22.2586 36.3934 22.4803C36.6713 22.702 37.0095 22.8129 37.4081 22.8129C37.7386 22.8129 38.015 22.7433 38.2367 22.6041C38.4584 22.4649 38.6708 22.253 38.874 21.9673L40.0573 22.6097C39.7716 23.0759 39.4092 23.4327 38.9693 23.6812C38.5295 23.9287 37.983 24.0529 37.3292 24.0529C36.7125 24.0529 36.1846 23.9086 35.7453 23.6188C35.3055 23.3295 34.9765 22.9557 34.7584 22.4968C34.5403 22.0385 34.4315 21.5574 34.4315 21.0537C34.4315 20.5504 34.546 20.0694 34.7754 19.611C35.0044 19.1526 35.3374 18.7783 35.7731 18.4891C36.2088 18.1998 36.7239 18.0549 37.3179 18.0549C37.9191 18.0549 38.4341 18.19 38.8626 18.4607C39.2911 18.7314 39.6139 19.0866 39.832 19.5264C40.0501 19.9657 40.1588 20.4339 40.1588 20.9299V21.5048Z" fill="white"></path><path d="M16.3879 25.558H17.7399L19.2454 29.4977L20.751 25.558H22.1029V31.8684H20.9309V28.0282L19.6873 31.2915H18.8035L17.5599 28.0282V31.8684H16.3879V25.558Z" fill="white"></path><path d="M25.4058 30.7146C25.6131 30.5341 25.7167 30.3119 25.7167 30.0474V29.9216H24.8335C24.5746 29.9216 24.3689 29.971 24.2158 30.07C24.0626 30.169 23.9858 30.3057 23.9858 30.48C23.9858 30.6424 24.0415 30.7671 24.1529 30.8543C24.2637 30.9414 24.4277 30.9847 24.6437 30.9847C24.9443 30.9847 25.1985 30.8945 25.4058 30.7146ZM23.6074 31.7782C23.3671 31.67 23.1748 31.5122 23.0304 31.3049C22.886 31.0976 22.8138 30.8496 22.8138 30.5609C22.8138 30.1046 22.9855 29.7364 23.3279 29.457C23.6703 29.1775 24.1333 29.0378 24.7159 29.0378H25.7167V28.8754C25.7167 28.6413 25.6357 28.4531 25.4733 28.3118C25.3109 28.1711 25.0918 28.1004 24.8154 28.1004C24.5927 28.1004 24.3916 28.1592 24.2111 28.2763C24.0312 28.3933 23.8956 28.5299 23.8059 28.6862L22.9494 28.1726C23.1113 27.8782 23.3516 27.6333 23.6703 27.4379C23.9889 27.2425 24.3705 27.145 24.8154 27.145C25.4522 27.145 25.9482 27.2982 26.3024 27.6044C26.6572 27.9112 26.8345 28.3526 26.8345 28.9295V31.8685H25.9152L25.7621 31.2735C25.6115 31.4776 25.4207 31.6401 25.1892 31.7602C24.9582 31.8803 24.686 31.9401 24.3735 31.9401C24.1029 31.9401 23.8476 31.8865 23.6074 31.7782Z" fill="white"></path><path d="M27.8214 30.3V28.1726H27.1182V27.2167H27.8214V26.4417L28.9393 25.7384V27.2167H30.1381V28.1726H28.9393V30.2458C28.9393 30.6903 29.1166 30.9125 29.4709 30.9125C29.6333 30.9125 29.7895 30.8496 29.9395 30.7233L30.4443 31.5797C30.2881 31.706 30.1169 31.7978 29.9308 31.855C29.7446 31.9117 29.5549 31.9401 29.3626 31.9401C28.3355 31.9401 27.8214 31.3936 27.8214 30.3Z" fill="white"></path><path d="M31.5487 31.6339C31.194 31.4297 30.9176 31.1456 30.7196 30.7821C30.5211 30.4186 30.4221 30.0056 30.4221 29.5426C30.4221 29.0801 30.5211 28.6666 30.7196 28.3031C30.9176 27.9396 31.194 27.6555 31.5487 27.4513C31.9034 27.2471 32.3087 27.145 32.7655 27.145C33.7993 27.145 34.4995 27.5683 34.8661 28.416L33.8473 28.8754C33.6132 28.4067 33.2528 28.1726 32.7655 28.1726C32.417 28.1726 32.1288 28.2989 31.9004 28.5511C31.6719 28.8037 31.558 29.1342 31.558 29.5426C31.558 29.9509 31.6719 30.282 31.9004 30.5341C32.1288 30.7867 32.417 30.9125 32.7655 30.9125C33.2528 30.9125 33.6132 30.6785 33.8473 30.2098L34.8661 30.6697C34.4995 31.5168 33.7993 31.9401 32.7655 31.9401C32.3087 31.9401 31.9034 31.8386 31.5487 31.6339Z" fill="white"></path><path d="M35.3998 25.4863H36.5176V27.9473C36.662 27.707 36.8615 27.5132 37.1167 27.3657C37.3725 27.2188 37.6592 27.145 37.9778 27.145C38.4702 27.145 38.8579 27.2909 39.1405 27.5823C39.423 27.8736 39.5643 28.2804 39.5643 28.8037V31.8685H38.4465V29.0285C38.4465 28.7522 38.3758 28.5408 38.2346 28.3933C38.0933 28.2458 37.8907 28.1726 37.6262 28.1726C37.3199 28.1726 37.0585 28.3093 36.8419 28.5825C36.6254 28.8558 36.5176 29.275 36.5176 29.8401V31.8685H35.3998V25.4863Z" fill="white"></path></svg><p class="styled__StyledBodyText-sc-119w3hf-5 ggtTyf styled__DarkGreyBodyText-jk5kya-0 iwRWTH">Aldi Price Match</p></div></div></div></div><div class="styles__StyledBuyBoxWrapper-dvv1wj-4 dSvjUC"><div class="styles__StyledBuyBoxContainer-sc-1wx0qp6-0 erryje" data-auto="buybox-container"><div class="styles__SafeFormWrapper-jtpu2t-0 lcrYKS"><form action="https://www.tesco.com/groceries/en-GB/trolley/items/297844111?_method=PUT" method="POST"><input type="submit" class="hidden"><input name="id" type="hidden" value="297844111"><input name="identifier" type="hidden" value="Page"><input name="anchorId" type="hidden" value="#tile-297844111"><input name="returnUrl" type="hidden" value="/groceries/en-GB/shop/food-cupboard/all?redirectIfUnavailable=true#tile-297844111"><input name="backToUrl" type="hidden" value="#"><input name="oldValue" type="hidden" value="0"><input name="oldUnitChoice" type="hidden" value="pcs"><input name="newUnitChoice" type="hidden" value="pcs"><div class="base-components__RootElement-sc-1mosoyj-1 styled__Container-sc-6nhkzi-0 jptQqM hSNpTb beans-buybox__container"><div class="base-components__BaseElement-sc-1mosoyj-0 styled__PriceAndActions-sc-6nhkzi-3 oznwo eEPLov beans-buybox__price-and-actions"><div class="base-components__RootElement-sc-1mosoyj-1 styled__Container-sc-8qlq5b-0 jptQqM bgZrjw styled__StyledPrice-sc-6nhkzi-5 iYHeik beans-buybox__price beans-price__container"><p class="styled__StyledHeading-sc-119w3hf-2 jWPEtj styled__Text-sc-8qlq5b-1 lnaeiZ beans-price__text">£0.41</p><p class="styled__StyledFootnote-sc-119w3hf-7 icrlVF styled__Subtext-sc-8qlq5b-2 bNJmdc beans-price__subtext">£0.82/kg</p></div><div class="base-components__RootElement-sc-1mosoyj-1 styled__Container-vtxwzb-0 jptQqM bDFhXJ beans-buybox__actions beans-quantity-controls__container"><div class="base-components__RootElement-sc-1mosoyj-1 styled__Container-sc-16t2b2a-0 jptQqM PUfgZ styled__StyledFormGroup-vtxwzb-1 kzKuAr beans-quantity-controls__form-group beans-form-group__container"><label class="styled__StyledLabel-sc-1ttuvhr-0 izGEjV beans-form-group__label beans-label" for="quantity-controls-297844111">Quantity controls </label><div class="base-components__BaseElement-sc-1mosoyj-0 styled__Children-sc-16t2b2a-3 oznwo gdJvjO beans-form-group__children"><div class="styled__StyledQuantityControlWrapper-vtxwzb-6 LCxOg"><label id="quantity-controls-297844111-label" class="styled__VisuallyHiddenLabel-vtxwzb-7 gXlLiM">Quantity of Hearty Food Co. Penne Pasta 500G</label><div class="component__Wrapper-sc-1kpmik-3 dReplG input-wrapper"><input class="base-components__RootElement-sc-1mosoyj-1 styled__StyledInput-sc-1jd5f57-0 component__StyledAsInput-sc-1kpmik-4 jptQqM eJLlow styled__StyledInput-vtxwzb-3 lwMHo beans-quantity-controls__input beans-input" data-auto="beans-quantity-controls-input" autocomplete="off" id="quantity-controls-297844111" maxlength="2" name="newValue" type="number" aria-labelledby="quantity-controls-297844111-label" value="1"></div></div><button class="styled__BaseButton-rsekm1-0 styled__PrimaryButton-rsekm1-2 jChbeY geeWOF styled__StyledButton-vtxwzb-5 japAxb beans-quantity-controls__add-button beans-button__container" type="submit" data-auto="beans-quantity-controls-add-button" aria-label="Quantity of Hearty Food Co. Penne Pasta 500G"><span class="base-components__BaseElement-sc-1mosoyj-0 styled__InnerContainer-rsekm1-1 oznwo fuFres beans-button__inner-container"><span class="base-components__BaseElement-sc-1mosoyj-0 styled__TextSpan-rsekm1-4 oznwo GDiMp beans-button__text">Add</span></span></button></div></div></div></div></div><input name="_csrf" type="hidden" value="92xA6FXg-W2XHhQLLDKqjWuqmpStG0svGR_s"></form></div></div></div></div><div class="hidden-medium product-info-section-small"><div class="product-info-message-list"><div class="styled__WhiteBackground-sc-9yzfq2-1 jthPIJ"><svg width="56" height="56" viewBox="0 0 56 56" fill="none" xmlns="http://www.w3.org/2000/svg"><path d="M52.1301 27.8766C52.1301 14.5534 41.3293 3.75308 28.0066 3.75308C14.6834 3.75308 3.88306 14.5534 3.88306 27.8766C3.88306 41.1998 14.6834 52.0002 28.0066 52.0002C41.3293 52.0002 52.1301 41.1998 52.1301 27.8766Z" fill="#EE1C2E"></path><path d="M19.6853 36.5687L31.8169 48.6998L52.6633 27.8998L51.9894 23.0423L31.886 43.1452L22.5438 33.803L19.6853 36.5687Z" fill="white"></path><path d="M24.2699 12.0048L23.5594 9.93467L22.8484 12.0048H24.2699ZM24.6345 13.0711H22.4844L21.9776 14.5375H20.7515L22.9815 8.31722H24.1369L26.3669 14.5375H25.1408L24.6345 13.0711Z" fill="white"></path><path d="M27.8359 14.5375H26.734V8.24609H27.8359V14.5375Z" fill="white"></path><path d="M31.5684 13.2309C31.7849 12.9886 31.8927 12.6597 31.8927 12.2446C31.8927 11.8306 31.7849 11.5016 31.5684 11.2588C31.3524 11.0159 31.0811 10.8942 30.7558 10.8942C30.4299 10.8942 30.1587 11.0159 29.9427 11.2588C29.7267 11.5016 29.6184 11.8306 29.6184 12.2446C29.6184 12.6597 29.7267 12.9886 29.9427 13.2309C30.1587 13.4738 30.4299 13.5955 30.7558 13.5955C31.0811 13.5955 31.3524 13.4738 31.5684 13.2309ZM29.4673 14.3065C29.159 14.1049 28.9177 13.8234 28.7429 13.4619C28.5681 13.101 28.481 12.6952 28.481 12.2446C28.481 11.7888 28.5655 11.3815 28.7341 11.0231C28.9032 10.6648 29.1384 10.3848 29.4405 10.1837C29.7426 9.98212 30.0891 9.88158 30.48 9.88158C30.7883 9.88158 31.0579 9.93624 31.2889 10.0455C31.5199 10.1554 31.6978 10.3106 31.8221 10.5122V8.24609H32.9239V14.5375H31.8221V13.9863C31.6916 14.1704 31.5137 14.3194 31.2889 14.4349C31.0636 14.5504 30.797 14.6086 30.4892 14.6086C30.1159 14.6086 29.7751 14.5076 29.4673 14.3065Z" fill="white"></path><path d="M34.9657 14.5375H33.8638V9.95224H34.9657V14.5375ZM33.9082 8.34408C34.0443 8.20796 34.2129 8.1399 34.4145 8.1399C34.6161 8.1399 34.7847 8.20796 34.9208 8.34408C35.0574 8.48071 35.1255 8.64931 35.1255 8.8504C35.1255 9.052 35.0574 9.22112 34.9208 9.35724C34.7847 9.49336 34.6161 9.56142 34.4145 9.56142C34.2129 9.56142 34.0443 9.49336 33.9082 9.35724C33.7715 9.22112 33.704 9.052 33.704 8.8504C33.704 8.64931 33.7715 8.48071 33.9082 8.34408Z" fill="white"></path><path d="M19.6791 19.3347C19.8894 19.1506 19.9946 18.8779 19.9946 18.5169C19.9946 18.1565 19.8894 17.8838 19.6791 17.6997C19.4682 17.5156 19.183 17.4233 18.8221 17.4233H17.5027V19.6111H18.8221C19.183 19.6111 19.4682 19.5188 19.6791 19.3347ZM17.5027 23.9628H16.0374V16.0704H18.9345C19.461 16.0704 19.9157 16.1776 20.2988 16.3921C20.6824 16.6061 20.9753 16.8995 21.1784 17.2712C21.3816 17.6435 21.4826 18.0586 21.4826 18.5169C21.4826 18.9758 21.3816 19.3909 21.1784 19.7632C20.9753 20.1354 20.6824 20.4283 20.2988 20.6423C19.9157 20.8568 19.461 20.9635 18.9345 20.9635H17.5027V23.9628Z" fill="white"></path><path d="M22.0396 18.1451H23.4379V19.0248C23.6029 18.7087 23.8359 18.4684 24.1365 18.3029C24.4376 18.1374 24.7717 18.0549 25.1404 18.0549C25.5235 18.0549 25.8241 18.1415 26.0422 18.3143L25.5689 19.4981C25.3729 19.3929 25.1662 19.3403 24.9486 19.3403C24.5124 19.3403 24.152 19.528 23.8663 19.9039C23.5802 20.2797 23.4379 20.8582 23.4379 21.6404V23.9627H22.0396V18.1451Z" fill="white"></path><path d="M27.8879 23.9627H26.4896V18.1451H27.8879V23.9627ZM26.5458 16.1044C26.7191 15.9316 26.933 15.845 27.1888 15.845C27.444 15.845 27.658 15.9316 27.8312 16.1044C28.0039 16.2771 28.0906 16.4916 28.0906 16.7468C28.0906 17.0026 28.0039 17.217 27.8312 17.3898C27.658 17.5625 27.444 17.6491 27.1888 17.6491C26.933 17.6491 26.7191 17.5625 26.5458 17.3898C26.3731 17.217 26.287 17.0026 26.287 16.7468C26.287 16.4916 26.3731 16.2771 26.5458 16.1044Z" fill="white"></path><path d="M30.0603 23.6693C29.6168 23.4141 29.2714 23.0588 29.0234 22.6041C28.7754 22.1493 28.6511 21.6327 28.6511 21.0537C28.6511 20.4752 28.7754 19.9585 29.0234 19.5038C29.2714 19.049 29.6168 18.6937 30.0603 18.438C30.5037 18.1828 31.011 18.0549 31.5823 18.0549C32.8749 18.0549 33.751 18.585 34.2093 19.6445L32.9353 20.2199C32.6424 19.6332 32.1913 19.3403 31.5823 19.3403C31.1466 19.3403 30.7857 19.4981 30.5001 19.8136C30.2144 20.1297 30.0716 20.5427 30.0716 21.0537C30.0716 21.5651 30.2144 21.9787 30.5001 22.2942C30.7857 22.6097 31.1466 22.7675 31.5823 22.7675C32.1913 22.7675 32.6424 22.4747 32.9353 21.8884L34.2093 22.4633C33.751 23.5229 32.8749 24.0529 31.5823 24.0529C31.011 24.0529 30.5037 23.9251 30.0603 23.6693Z" fill="white"></path><path d="M38.727 20.3999C38.6744 20.0694 38.5223 19.7987 38.2707 19.5883C38.0186 19.3779 37.7015 19.2728 37.3179 19.2728C36.9946 19.2728 36.7048 19.3723 36.4496 19.5713C36.1939 19.7708 36.0175 20.0467 35.9196 20.3999H38.727ZM40.1588 21.5048H35.8633C35.9381 21.9333 36.115 22.2586 36.3934 22.4803C36.6713 22.702 37.0095 22.8129 37.4081 22.8129C37.7386 22.8129 38.015 22.7433 38.2367 22.6041C38.4584 22.4649 38.6708 22.253 38.874 21.9673L40.0573 22.6097C39.7716 23.0759 39.4092 23.4327 38.9693 23.6812C38.5295 23.9287 37.983 24.0529 37.3292 24.0529C36.7125 24.0529 36.1846 23.9086 35.7453 23.6188C35.3055 23.3295 34.9765 22.9557 34.7584 22.4968C34.5403 22.0385 34.4315 21.5574 34.4315 21.0537C34.4315 20.5504 34.546 20.0694 34.7754 19.611C35.0044 19.1526 35.3374 18.7783 35.7731 18.4891C36.2088 18.1998 36.7239 18.0549 37.3179 18.0549C37.9191 18.0549 38.4341 18.19 38.8626 18.4607C39.2911 18.7314 39.6139 19.0866 39.832 19.5264C40.0501 19.9657 40.1588 20.4339 40.1588 20.9299V21.5048Z" fill="white"></path><path d="M16.3879 25.558H17.7399L19.2454 29.4977L20.751 25.558H22.1029V31.8684H20.9309V28.0282L19.6873 31.2915H18.8035L17.5599 28.0282V31.8684H16.3879V25.558Z" fill="white"></path><path d="M25.4058 30.7146C25.6131 30.5341 25.7167 30.3119 25.7167 30.0474V29.9216H24.8335C24.5746 29.9216 24.3689 29.971 24.2158 30.07C24.0626 30.169 23.9858 30.3057 23.9858 30.48C23.9858 30.6424 24.0415 30.7671 24.1529 30.8543C24.2637 30.9414 24.4277 30.9847 24.6437 30.9847C24.9443 30.9847 25.1985 30.8945 25.4058 30.7146ZM23.6074 31.7782C23.3671 31.67 23.1748 31.5122 23.0304 31.3049C22.886 31.0976 22.8138 30.8496 22.8138 30.5609C22.8138 30.1046 22.9855 29.7364 23.3279 29.457C23.6703 29.1775 24.1333 29.0378 24.7159 29.0378H25.7167V28.8754C25.7167 28.6413 25.6357 28.4531 25.4733 28.3118C25.3109 28.1711 25.0918 28.1004 24.8154 28.1004C24.5927 28.1004 24.3916 28.1592 24.2111 28.2763C24.0312 28.3933 23.8956 28.5299 23.8059 28.6862L22.9494 28.1726C23.1113 27.8782 23.3516 27.6333 23.6703 27.4379C23.9889 27.2425 24.3705 27.145 24.8154 27.145C25.4522 27.145 25.9482 27.2982 26.3024 27.6044C26.6572 27.9112 26.8345 28.3526 26.8345 28.9295V31.8685H25.9152L25.7621 31.2735C25.6115 31.4776 25.4207 31.6401 25.1892 31.7602C24.9582 31.8803 24.686 31.9401 24.3735 31.9401C24.1029 31.9401 23.8476 31.8865 23.6074 31.7782Z" fill="white"></path><path d="M27.8214 30.3V28.1726H27.1182V27.2167H27.8214V26.4417L28.9393 25.7384V27.2167H30.1381V28.1726H28.9393V30.2458C28.9393 30.6903 29.1166 30.9125 29.4709 30.9125C29.6333 30.9125 29.7895 30.8496 29.9395 30.7233L30.4443 31.5797C30.2881 31.706 30.1169 31.7978 29.9308 31.855C29.7446 31.9117 29.5549 31.9401 29.3626 31.9401C28.3355 31.9401 27.8214 31.3936 27.8214 30.3Z" fill="white"></path><path d="M31.5487 31.6339C31.194 31.4297 30.9176 31.1456 30.7196 30.7821C30.5211 30.4186 30.4221 30.0056 30.4221 29.5426C30.4221 29.0801 30.5211 28.6666 30.7196 28.3031C30.9176 27.9396 31.194 27.6555 31.5487 27.4513C31.9034 27.2471 32.3087 27.145 32.7655 27.145C33.7993 27.145 34.4995 27.5683 34.8661 28.416L33.8473 28.8754C33.6132 28.4067 33.2528 28.1726 32.7655 28.1726C32.417 28.1726 32.1288 28.2989 31.9004 28.5511C31.6719 28.8037 31.558 29.1342 31.558 29.5426C31.558 29.9509 31.6719 30.282 31.9004 30.5341C32.1288 30.7867 32.417 30.9125 32.7655 30.9125C33.2528 30.9125 33.6132 30.6785 33.8473 30.2098L34.8661 30.6697C34.4995 31.5168 33.7993 31.9401 32.7655 31.9401C32.3087 31.9401 31.9034 31.8386 31.5487 31.6339Z" fill="white"></path><path d="M35.3998 25.4863H36.5176V27.9473C36.662 27.707 36.8615 27.5132 37.1167 27.3657C37.3725 27.2188 37.6592 27.145 37.9778 27.145C38.4702 27.145 38.8579 27.2909 39.1405 27.5823C39.423 27.8736 39.5643 28.2804 39.5643 28.8037V31.8685H38.4465V29.0285C38.4465 28.7522 38.3758 28.5408 38.2346 28.3933C38.0933 28.2458 37.8907 28.1726 37.6262 28.1726C37.3199 28.1726 37.0585 28.3093 36.8419 28.5825C36.6254 28.8558 36.5176 29.275 36.5176 29.8401V31.8685H35.3998V25.4863Z" fill="white"></path></svg><p class="styled__StyledBodyText-sc-119w3hf-5 ggtTyf styled__DarkGreyBodyText-jk5kya-0 iwRWTH">Aldi Price Match</p></div></div></div></div></div></div></div></li><li class="product-list--list-item"><div class="styles__StyledVerticalTileWrapper-dvv1wj-0 dtCNPH"><div data-auto="product-tile" data-auto-type="Quantity" data-auto-available="true" data-auto-is-restricted-disabled="false" data-auto-is-substitute="false" class="styles__StyledVerticalTile-dvv1wj-1 gSCsYK"><div class="styles__StyledTileContentWrapper-dvv1wj-2 bkNhNP beans"><div id="tile-258215420" data-auto-id="258215420" class="styles__StyledTiledContent-dvv1wj-3 bcglTg"><a href="https://www.tesco.com/groceries/en-GB/products/258215420" aria-hidden="true" class="product-image-wrapper" tabindex="1"><div class="product-image__container"><picture><img class="styled__Image-sjvkdn-0 bJErKA product-image beans-responsive-image__image" src="data:image/gif;base64,R0lGODlhAQABAAAAACH5BAEKAAEALAAAAAABAAEAAAICTAEAOw==" srcset="https://digitalcontent.api.tesco.com/v2/media/ghs/4965b6a1-2528-4bf3-b0fd-528770410f26/4aba8eac-1d23-4f54-8356-110c645f8a65_1631185927.jpeg?h=225&amp;w=225 768w, data:image/gif;base64,R0lGODlhAQABAAAAACH5BAEKAAEALAAAAAABAAEAAAICTAEAOw== 4000w" alt="Cadbury Dairy Milk Advent Calendar 90G"></picture></div></a><div class="product-details--wrapper"><h3 class="styles__H3-oa5soe-0 bCKNNq"><a href="https://www.tesco.com/groceries/en-GB/products/258215420" class="styled__Anchor-sc-1xbujuz-0 csVOnh beans-link__anchor" data-auto="product-tile--title"><span class="styled__Text-sc-1xbujuz-1 ldbwMG beans-link__text">Cadbury Dairy Milk Advent Calendar 90G</span></a></h3><div class="styles__StyledProductDetailsContent-dvv1wj-5 ddRSrq"><a href="https://www.tesco.com/groceries/en-GB/reviews/submission/258215420?from=%2Fshop%2Ffood-cupboard%2Fall" aria-label="Write a review for Cadbury Dairy Milk Advent Calendar 90G" class="styled__Anchor-sc-1xbujuz-0 jSzuDt write-a-review-link beans-link__anchor" data-auto="review-link"><span class="styled__Text-sc-1xbujuz-1 fyDIEo beans-link__text">Write a review</span><span class="styled__IconContainer-sc-1xbujuz-2 bSauSL beans-link__icon-container"><svg aria-hidden="true" class="styled__SVG-xxa4wh-1 hQMCqc beans-link__icon beans-icon__svg" height="13.33" preserveAspectRatio="xMinYMax meet" viewBox="-1 0 12 20" width="8" xmlns="http://www.w3.org/2000/svg" color="currentColor"><path d="M1.312 1.348L10.276 10l-8.964 8.644" fill="none" stroke="currentColor"></path></svg></span></a><div><a href="https://www.tesco.com/groceries/en-GB/shop/food-cupboard/christmas-treats/advent-calendars/advent-calendars" class="styled__Anchor-sc-1xbujuz-0 jSzuDt rest-of-shelf-link beans-link__anchor" data-auto="rest-of-shelf-link"><span class="styled__Text-sc-1xbujuz-1 fyDIEo beans-link__text">Rest of <span class="visually-hidden">Advent Calendars</span> shelf</span><span class="styled__IconContainer-sc-1xbujuz-2 bSauSL beans-link__icon-container"><svg aria-hidden="true" class="styled__SVG-xxa4wh-1 hQMCqc beans-link__icon beans-icon__svg" height="13.33" preserveAspectRatio="xMinYMax meet" viewBox="-1 0 12 20" width="8" xmlns="http://www.w3.org/2000/svg" color="currentColor"><path d="M1.312 1.348L10.276 10l-8.964 8.644" fill="none" stroke="currentColor"></path></svg></span></a></div><div class="product-info-message-section"><div class="product-info-message-list"><ul><li><div data-auto="info-message" class="product-info-message"><p>This product is available for delivery or collection until 01/12/22</p></div></li></ul></div></div></div><div class="styles__StyledPromotionsWithBuyBoxWrapper-dvv1wj-8 cZskDh"><div class="styles__StyledPromotionsAboveMobile-dvv1wj-7 iPTMuo"><div class="styles__StyledPromotionsWithClubcardPriceContainer-sc-1vdpoop-0 bsPFbn"><div class="styles__StyledClubcardLogo-sc-1vdpoop-2 elOZEB"><div class="styles__Wrapper-sc-1d2phhy-0 hgBuQG undefined special-offer-sash"><span class="styles__CircleWrapper-sc-1d2phhy-2 hCbzjm"><strong class="styles__TextWrapper-sc-1d2phhy-1 bLXNGg">Clubcard Price</strong></span></div></div><a href="https://www.tesco.com/groceries/en-GB/promotions/88605277"><div class="styles__ProductPromotionStyling-sc-1vdpoop-3 WGKAK"><div class="styles__StyledPromotionsOfferContent-sc-1vdpoop-1 cPSekc"><span class="offer-text">£1.25 Clubcard Price</span></div><span class="dates">Offer valid for delivery from 01/11/2022 until 04/12/2022</span></div></a></div></div><div class="styles__StyledBuyBoxWrapper-dvv1wj-4 dSvjUC"><div class="styles__StyledBuyBoxContainer-sc-1wx0qp6-0 erryje" data-auto="buybox-container"><div class="styles__SafeFormWrapper-jtpu2t-0 lcrYKS"><form action="https://www.tesco.com/groceries/en-GB/trolley/items/258215420?_method=PUT" method="POST"><input type="submit" class="hidden"><input name="id" type="hidden" value="258215420"><input name="identifier" type="hidden" value="Page"><input name="anchorId" type="hidden" value="#tile-258215420"><input name="returnUrl" type="hidden" value="/groceries/en-GB/shop/food-cupboard/all?redirectIfUnavailable=true#tile-258215420"><input name="backToUrl" type="hidden" value="#"><input name="oldValue" type="hidden" value="0"><input name="oldUnitChoice" type="hidden" value="pcs"><input name="newUnitChoice" type="hidden" value="pcs"><div class="base-components__RootElement-sc-1mosoyj-1 styled__Container-sc-6nhkzi-0 jptQqM hSNpTb beans-buybox__container"><div class="base-components__BaseElement-sc-1mosoyj-0 styled__PriceAndActions-sc-6nhkzi-3 oznwo eEPLov beans-buybox__price-and-actions"><div class="base-components__RootElement-sc-1mosoyj-1 styled__Container-sc-8qlq5b-0 jptQqM bgZrjw styled__StyledPrice-sc-6nhkzi-5 iYHeik beans-buybox__price beans-price__container"><p class="styled__StyledHeading-sc-119w3hf-2 jWPEtj styled__Text-sc-8qlq5b-1 lnaeiZ beans-price__text">£1.50</p><p class="styled__StyledFootnote-sc-119w3hf-7 icrlVF styled__Subtext-sc-8qlq5b-2 bNJmdc beans-price__subtext">£1.67/100g</p></div><div class="base-components__RootElement-sc-1mosoyj-1 styled__Container-vtxwzb-0 jptQqM bDFhXJ beans-buybox__actions beans-quantity-controls__container"><div class="base-components__RootElement-sc-1mosoyj-1 styled__Container-sc-16t2b2a-0 jptQqM PUfgZ styled__StyledFormGroup-vtxwzb-1 kzKuAr beans-quantity-controls__form-group beans-form-group__container"><label class="styled__StyledLabel-sc-1ttuvhr-0 izGEjV beans-form-group__label beans-label" for="quantity-controls-258215420">Quantity controls </label><div class="base-components__BaseElement-sc-1mosoyj-0 styled__Children-sc-16t2b2a-3 oznwo gdJvjO beans-form-group__children"><div class="styled__StyledQuantityControlWrapper-vtxwzb-6 LCxOg"><label id="quantity-controls-258215420-label" class="styled__VisuallyHiddenLabel-vtxwzb-7 gXlLiM">Quantity of Cadbury Dairy Milk Advent Calendar 90G</label><div class="component__Wrapper-sc-1kpmik-3 dReplG input-wrapper"><input class="base-components__RootElement-sc-1mosoyj-1 styled__StyledInput-sc-1jd5f57-0 component__StyledAsInput-sc-1kpmik-4 jptQqM eJLlow styled__StyledInput-vtxwzb-3 lwMHo beans-quantity-controls__input beans-input" data-auto="beans-quantity-controls-input" autocomplete="off" id="quantity-controls-258215420" maxlength="2" name="newValue" type="number" aria-labelledby="quantity-controls-258215420-label" value="1"></div></div><button class="styled__BaseButton-rsekm1-0 styled__PrimaryButton-rsekm1-2 jChbeY geeWOF styled__StyledButton-vtxwzb-5 japAxb beans-quantity-controls__add-button beans-button__container" type="submit" data-auto="beans-quantity-controls-add-button" aria-label="Quantity of Cadbury Dairy Milk Advent Calendar 90G"><span class="base-components__BaseElement-sc-1mosoyj-0 styled__InnerContainer-rsekm1-1 oznwo fuFres beans-button__inner-container"><span class="base-components__BaseElement-sc-1mosoyj-0 styled__TextSpan-rsekm1-4 oznwo GDiMp beans-button__text">Add</span></span></button></div></div></div></div></div><input name="_csrf" type="hidden" value="92xA6FXg-W2XHhQLLDKqjWuqmpStG0svGR_s"></form></div></div></div></div></div><div class="hidden-medium product-info-section-small"><div class="product-info-message-list"><ul><li><div data-auto="info-message" class="product-info-message"><p>This product is available for delivery or collection until 01/12/22</p></div></li></ul></div></div></div><div class="styles__StyledPromotionsMobile-dvv1wj-6 Bxaeb"><div><div class="styles__StyledPromotionsWithClubcardPriceContainer-sc-1vdpoop-0 bsPFbn"><div class="styles__StyledClubcardLogo-sc-1vdpoop-2 elOZEB"><div class="styles__Wrapper-sc-1d2phhy-0 hgBuQG undefined special-offer-sash"><span class="styles__CircleWrapper-sc-1d2phhy-2 hCbzjm"><strong class="styles__TextWrapper-sc-1d2phhy-1 bLXNGg">Clubcard Price</strong></span></div></div><a href="https://www.tesco.com/groceries/en-GB/promotions/88605277"><div class="styles__ProductPromotionStyling-sc-1vdpoop-3 WGKAK"><div class="styles__StyledPromotionsOfferContent-sc-1vdpoop-1 cPSekc"><span class="offer-text">£1.25 Clubcard Price</span></div><span class="dates">Offer valid for delivery from 01/11/2022 until 04/12/2022</span></div></a></div></div></div></div></div></div></li><li class="product-list--list-item"><div class="styles__StyledVerticalTileWrapper-dvv1wj-0 dtCNPH"><div data-auto="product-tile" data-auto-type="Quantity" data-auto-available="true" data-auto-is-restricted-disabled="false" data-auto-is-substitute="false" class="styles__StyledVerticalTile-dvv1wj-1 gSCsYK"><div class="styles__StyledTileContentWrapper-dvv1wj-2 bkNhNP beans"><div id="tile-300535536" data-auto-id="300535536" class="styles__StyledTiledContent-dvv1wj-3 bcglTg"><a href="https://www.tesco.com/groceries/en-GB/products/300535536" aria-hidden="true" class="product-image-wrapper" tabindex="1"><div class="product-image__container"><picture><img class="styled__Image-sjvkdn-0 bJErKA product-image beans-responsive-image__image" src="data:image/gif;base64,R0lGODlhAQABAAAAACH5BAEKAAEALAAAAAABAAEAAAICTAEAOw==" srcset="https://digitalcontent.api.tesco.com/v2/media/ghs/f6daf93e-e33a-40f7-ba85-d93681314c1b/d1a76730-95a0-48cb-a7f8-71a83b4dabca_1281855789.jpeg?h=225&amp;w=225 768w, data:image/gif;base64,R0lGODlhAQABAAAAACH5BAEKAAEALAAAAAABAAEAAAICTAEAOw== 4000w" alt="Stockwell &amp; Co Tuna Chunks In Brine 145G"></picture></div></a><div class="product-details--wrapper"><h3 class="styles__H3-oa5soe-0 bCKNNq"><a href="https://www.tesco.com/groceries/en-GB/products/300535536" class="styled__Anchor-sc-1xbujuz-0 csVOnh beans-link__anchor" data-auto="product-tile--title"><span class="styled__Text-sc-1xbujuz-1 ldbwMG beans-link__text">Stockwell &amp; Co Tuna Chunks In Brine 145G</span></a></h3><div class="styles__StyledPromotionsAboveMobile-dvv1wj-7 iPTMuo"></div><div class="styles__StyledProductDetailsContent-dvv1wj-5 ddRSrq"><a href="https://www.tesco.com/groceries/en-GB/reviews/submission/300535536?from=%2Fshop%2Ffood-cupboard%2Fall" aria-label="Write a review for Stockwell &amp; Co Tuna Chunks In Brine 145G" class="styled__Anchor-sc-1xbujuz-0 jSzuDt write-a-review-link beans-link__anchor" data-auto="review-link"><span class="styled__Text-sc-1xbujuz-1 fyDIEo beans-link__text">Write a review</span><span class="styled__IconContainer-sc-1xbujuz-2 bSauSL beans-link__icon-container"><svg aria-hidden="true" class="styled__SVG-xxa4wh-1 hQMCqc beans-link__icon beans-icon__svg" height="13.33" preserveAspectRatio="xMinYMax meet" viewBox="-1 0 12 20" width="8" xmlns="http://www.w3.org/2000/svg" color="currentColor"><path d="M1.312 1.348L10.276 10l-8.964 8.644" fill="none" stroke="currentColor"></path></svg></span></a><div><a href="https://www.tesco.com/groceries/en-GB/shop/food-cupboard/tins-cans-and-packets/tinned-fish-and-seafood/tinned-tuna-in-brine" class="styled__Anchor-sc-1xbujuz-0 jSzuDt rest-of-shelf-link beans-link__anchor" data-auto="rest-of-shelf-link"><span class="styled__Text-sc-1xbujuz-1 fyDIEo beans-link__text">Rest of <span class="visually-hidden">Tinned Tuna In Brine</span> shelf</span><span class="styled__IconContainer-sc-1xbujuz-2 bSauSL beans-link__icon-container"><svg aria-hidden="true" class="styled__SVG-xxa4wh-1 hQMCqc beans-link__icon beans-icon__svg" height="13.33" preserveAspectRatio="xMinYMax meet" viewBox="-1 0 12 20" width="8" xmlns="http://www.w3.org/2000/svg" color="currentColor"><path d="M1.312 1.348L10.276 10l-8.964 8.644" fill="none" stroke="currentColor"></path></svg></span></a></div><div class="product-info-message-section"><div class="product-info-message-list"><div class="styled__WhiteBackground-sc-9yzfq2-1 jthPIJ"><svg width="56" height="56" viewBox="0 0 56 56" fill="none" xmlns="http://www.w3.org/2000/svg"><path d="M52.1301 27.8766C52.1301 14.5534 41.3293 3.75308 28.0066 3.75308C14.6834 3.75308 3.88306 14.5534 3.88306 27.8766C3.88306 41.1998 14.6834 52.0002 28.0066 52.0002C41.3293 52.0002 52.1301 41.1998 52.1301 27.8766Z" fill="#EE1C2E"></path><path d="M19.6853 36.5687L31.8169 48.6998L52.6633 27.8998L51.9894 23.0423L31.886 43.1452L22.5438 33.803L19.6853 36.5687Z" fill="white"></path><path d="M24.2699 12.0048L23.5594 9.93467L22.8484 12.0048H24.2699ZM24.6345 13.0711H22.4844L21.9776 14.5375H20.7515L22.9815 8.31722H24.1369L26.3669 14.5375H25.1408L24.6345 13.0711Z" fill="white"></path><path d="M27.8359 14.5375H26.734V8.24609H27.8359V14.5375Z" fill="white"></path><path d="M31.5684 13.2309C31.7849 12.9886 31.8927 12.6597 31.8927 12.2446C31.8927 11.8306 31.7849 11.5016 31.5684 11.2588C31.3524 11.0159 31.0811 10.8942 30.7558 10.8942C30.4299 10.8942 30.1587 11.0159 29.9427 11.2588C29.7267 11.5016 29.6184 11.8306 29.6184 12.2446C29.6184 12.6597 29.7267 12.9886 29.9427 13.2309C30.1587 13.4738 30.4299 13.5955 30.7558 13.5955C31.0811 13.5955 31.3524 13.4738 31.5684 13.2309ZM29.4673 14.3065C29.159 14.1049 28.9177 13.8234 28.7429 13.4619C28.5681 13.101 28.481 12.6952 28.481 12.2446C28.481 11.7888 28.5655 11.3815 28.7341 11.0231C28.9032 10.6648 29.1384 10.3848 29.4405 10.1837C29.7426 9.98212 30.0891 9.88158 30.48 9.88158C30.7883 9.88158 31.0579 9.93624 31.2889 10.0455C31.5199 10.1554 31.6978 10.3106 31.8221 10.5122V8.24609H32.9239V14.5375H31.8221V13.9863C31.6916 14.1704 31.5137 14.3194 31.2889 14.4349C31.0636 14.5504 30.797 14.6086 30.4892 14.6086C30.1159 14.6086 29.7751 14.5076 29.4673 14.3065Z" fill="white"></path><path d="M34.9657 14.5375H33.8638V9.95224H34.9657V14.5375ZM33.9082 8.34408C34.0443 8.20796 34.2129 8.1399 34.4145 8.1399C34.6161 8.1399 34.7847 8.20796 34.9208 8.34408C35.0574 8.48071 35.1255 8.64931 35.1255 8.8504C35.1255 9.052 35.0574 9.22112 34.9208 9.35724C34.7847 9.49336 34.6161 9.56142 34.4145 9.56142C34.2129 9.56142 34.0443 9.49336 33.9082 9.35724C33.7715 9.22112 33.704 9.052 33.704 8.8504C33.704 8.64931 33.7715 8.48071 33.9082 8.34408Z" fill="white"></path><path d="M19.6791 19.3347C19.8894 19.1506 19.9946 18.8779 19.9946 18.5169C19.9946 18.1565 19.8894 17.8838 19.6791 17.6997C19.4682 17.5156 19.183 17.4233 18.8221 17.4233H17.5027V19.6111H18.8221C19.183 19.6111 19.4682 19.5188 19.6791 19.3347ZM17.5027 23.9628H16.0374V16.0704H18.9345C19.461 16.0704 19.9157 16.1776 20.2988 16.3921C20.6824 16.6061 20.9753 16.8995 21.1784 17.2712C21.3816 17.6435 21.4826 18.0586 21.4826 18.5169C21.4826 18.9758 21.3816 19.3909 21.1784 19.7632C20.9753 20.1354 20.6824 20.4283 20.2988 20.6423C19.9157 20.8568 19.461 20.9635 18.9345 20.9635H17.5027V23.9628Z" fill="white"></path><path d="M22.0396 18.1451H23.4379V19.0248C23.6029 18.7087 23.8359 18.4684 24.1365 18.3029C24.4376 18.1374 24.7717 18.0549 25.1404 18.0549C25.5235 18.0549 25.8241 18.1415 26.0422 18.3143L25.5689 19.4981C25.3729 19.3929 25.1662 19.3403 24.9486 19.3403C24.5124 19.3403 24.152 19.528 23.8663 19.9039C23.5802 20.2797 23.4379 20.8582 23.4379 21.6404V23.9627H22.0396V18.1451Z" fill="white"></path><path d="M27.8879 23.9627H26.4896V18.1451H27.8879V23.9627ZM26.5458 16.1044C26.7191 15.9316 26.933 15.845 27.1888 15.845C27.444 15.845 27.658 15.9316 27.8312 16.1044C28.0039 16.2771 28.0906 16.4916 28.0906 16.7468C28.0906 17.0026 28.0039 17.217 27.8312 17.3898C27.658 17.5625 27.444 17.6491 27.1888 17.6491C26.933 17.6491 26.7191 17.5625 26.5458 17.3898C26.3731 17.217 26.287 17.0026 26.287 16.7468C26.287 16.4916 26.3731 16.2771 26.5458 16.1044Z" fill="white"></path><path d="M30.0603 23.6693C29.6168 23.4141 29.2714 23.0588 29.0234 22.6041C28.7754 22.1493 28.6511 21.6327 28.6511 21.0537C28.6511 20.4752 28.7754 19.9585 29.0234 19.5038C29.2714 19.049 29.6168 18.6937 30.0603 18.438C30.5037 18.1828 31.011 18.0549 31.5823 18.0549C32.8749 18.0549 33.751 18.585 34.2093 19.6445L32.9353 20.2199C32.6424 19.6332 32.1913 19.3403 31.5823 19.3403C31.1466 19.3403 30.7857 19.4981 30.5001 19.8136C30.2144 20.1297 30.0716 20.5427 30.0716 21.0537C30.0716 21.5651 30.2144 21.9787 30.5001 22.2942C30.7857 22.6097 31.1466 22.7675 31.5823 22.7675C32.1913 22.7675 32.6424 22.4747 32.9353 21.8884L34.2093 22.4633C33.751 23.5229 32.8749 24.0529 31.5823 24.0529C31.011 24.0529 30.5037 23.9251 30.0603 23.6693Z" fill="white"></path><path d="M38.727 20.3999C38.6744 20.0694 38.5223 19.7987 38.2707 19.5883C38.0186 19.3779 37.7015 19.2728 37.3179 19.2728C36.9946 19.2728 36.7048 19.3723 36.4496 19.5713C36.1939 19.7708 36.0175 20.0467 35.9196 20.3999H38.727ZM40.1588 21.5048H35.8633C35.9381 21.9333 36.115 22.2586 36.3934 22.4803C36.6713 22.702 37.0095 22.8129 37.4081 22.8129C37.7386 22.8129 38.015 22.7433 38.2367 22.6041C38.4584 22.4649 38.6708 22.253 38.874 21.9673L40.0573 22.6097C39.7716 23.0759 39.4092 23.4327 38.9693 23.6812C38.5295 23.9287 37.983 24.0529 37.3292 24.0529C36.7125 24.0529 36.1846 23.9086 35.7453 23.6188C35.3055 23.3295 34.9765 22.9557 34.7584 22.4968C34.5403 22.0385 34.4315 21.5574 34.4315 21.0537C34.4315 20.5504 34.546 20.0694 34.7754 19.611C35.0044 19.1526 35.3374 18.7783 35.7731 18.4891C36.2088 18.1998 36.7239 18.0549 37.3179 18.0549C37.9191 18.0549 38.4341 18.19 38.8626 18.4607C39.2911 18.7314 39.6139 19.0866 39.832 19.5264C40.0501 19.9657 40.1588 20.4339 40.1588 20.9299V21.5048Z" fill="white"></path><path d="M16.3879 25.558H17.7399L19.2454 29.4977L20.751 25.558H22.1029V31.8684H20.9309V28.0282L19.6873 31.2915H18.8035L17.5599 28.0282V31.8684H16.3879V25.558Z" fill="white"></path><path d="M25.4058 30.7146C25.6131 30.5341 25.7167 30.3119 25.7167 30.0474V29.9216H24.8335C24.5746 29.9216 24.3689 29.971 24.2158 30.07C24.0626 30.169 23.9858 30.3057 23.9858 30.48C23.9858 30.6424 24.0415 30.7671 24.1529 30.8543C24.2637 30.9414 24.4277 30.9847 24.6437 30.9847C24.9443 30.9847 25.1985 30.8945 25.4058 30.7146ZM23.6074 31.7782C23.3671 31.67 23.1748 31.5122 23.0304 31.3049C22.886 31.0976 22.8138 30.8496 22.8138 30.5609C22.8138 30.1046 22.9855 29.7364 23.3279 29.457C23.6703 29.1775 24.1333 29.0378 24.7159 29.0378H25.7167V28.8754C25.7167 28.6413 25.6357 28.4531 25.4733 28.3118C25.3109 28.1711 25.0918 28.1004 24.8154 28.1004C24.5927 28.1004 24.3916 28.1592 24.2111 28.2763C24.0312 28.3933 23.8956 28.5299 23.8059 28.6862L22.9494 28.1726C23.1113 27.8782 23.3516 27.6333 23.6703 27.4379C23.9889 27.2425 24.3705 27.145 24.8154 27.145C25.4522 27.145 25.9482 27.2982 26.3024 27.6044C26.6572 27.9112 26.8345 28.3526 26.8345 28.9295V31.8685H25.9152L25.7621 31.2735C25.6115 31.4776 25.4207 31.6401 25.1892 31.7602C24.9582 31.8803 24.686 31.9401 24.3735 31.9401C24.1029 31.9401 23.8476 31.8865 23.6074 31.7782Z" fill="white"></path><path d="M27.8214 30.3V28.1726H27.1182V27.2167H27.8214V26.4417L28.9393 25.7384V27.2167H30.1381V28.1726H28.9393V30.2458C28.9393 30.6903 29.1166 30.9125 29.4709 30.9125C29.6333 30.9125 29.7895 30.8496 29.9395 30.7233L30.4443 31.5797C30.2881 31.706 30.1169 31.7978 29.9308 31.855C29.7446 31.9117 29.5549 31.9401 29.3626 31.9401C28.3355 31.9401 27.8214 31.3936 27.8214 30.3Z" fill="white"></path><path d="M31.5487 31.6339C31.194 31.4297 30.9176 31.1456 30.7196 30.7821C30.5211 30.4186 30.4221 30.0056 30.4221 29.5426C30.4221 29.0801 30.5211 28.6666 30.7196 28.3031C30.9176 27.9396 31.194 27.6555 31.5487 27.4513C31.9034 27.2471 32.3087 27.145 32.7655 27.145C33.7993 27.145 34.4995 27.5683 34.8661 28.416L33.8473 28.8754C33.6132 28.4067 33.2528 28.1726 32.7655 28.1726C32.417 28.1726 32.1288 28.2989 31.9004 28.5511C31.6719 28.8037 31.558 29.1342 31.558 29.5426C31.558 29.9509 31.6719 30.282 31.9004 30.5341C32.1288 30.7867 32.417 30.9125 32.7655 30.9125C33.2528 30.9125 33.6132 30.6785 33.8473 30.2098L34.8661 30.6697C34.4995 31.5168 33.7993 31.9401 32.7655 31.9401C32.3087 31.9401 31.9034 31.8386 31.5487 31.6339Z" fill="white"></path><path d="M35.3998 25.4863H36.5176V27.9473C36.662 27.707 36.8615 27.5132 37.1167 27.3657C37.3725 27.2188 37.6592 27.145 37.9778 27.145C38.4702 27.145 38.8579 27.2909 39.1405 27.5823C39.423 27.8736 39.5643 28.2804 39.5643 28.8037V31.8685H38.4465V29.0285C38.4465 28.7522 38.3758 28.5408 38.2346 28.3933C38.0933 28.2458 37.8907 28.1726 37.6262 28.1726C37.3199 28.1726 37.0585 28.3093 36.8419 28.5825C36.6254 28.8558 36.5176 29.275 36.5176 29.8401V31.8685H35.3998V25.4863Z" fill="white"></path></svg><p class="styled__StyledBodyText-sc-119w3hf-5 ggtTyf styled__DarkGreyBodyText-jk5kya-0 iwRWTH">Aldi Price Match</p></div></div></div></div><div class="styles__StyledBuyBoxWrapper-dvv1wj-4 dSvjUC"><div class="styles__StyledBuyBoxContainer-sc-1wx0qp6-0 erryje" data-auto="buybox-container"><div class="styles__SafeFormWrapper-jtpu2t-0 lcrYKS"><form action="https://www.tesco.com/groceries/en-GB/trolley/items/300535536?_method=PUT" method="POST"><input type="submit" class="hidden"><input name="id" type="hidden" value="300535536"><input name="identifier" type="hidden" value="Page"><input name="anchorId" type="hidden" value="#tile-300535536"><input name="returnUrl" type="hidden" value="/groceries/en-GB/shop/food-cupboard/all?redirectIfUnavailable=true#tile-300535536"><input name="backToUrl" type="hidden" value="#"><input name="oldValue" type="hidden" value="0"><input name="oldUnitChoice" type="hidden" value="pcs"><input name="newUnitChoice" type="hidden" value="pcs"><div class="base-components__RootElement-sc-1mosoyj-1 styled__Container-sc-6nhkzi-0 jptQqM hSNpTb beans-buybox__container"><div class="base-components__BaseElement-sc-1mosoyj-0 styled__PriceAndActions-sc-6nhkzi-3 oznwo eEPLov beans-buybox__price-and-actions"><div class="base-components__RootElement-sc-1mosoyj-1 styled__Container-sc-8qlq5b-0 jptQqM bgZrjw styled__StyledPrice-sc-6nhkzi-5 iYHeik beans-buybox__price beans-price__container"><p class="styled__StyledHeading-sc-119w3hf-2 jWPEtj styled__Text-sc-8qlq5b-1 lnaeiZ beans-price__text">£0.55</p><p class="styled__StyledFootnote-sc-119w3hf-7 icrlVF styled__Subtext-sc-8qlq5b-2 bNJmdc beans-price__subtext">£0.54/100g DR.WT</p></div><div class="base-components__RootElement-sc-1mosoyj-1 styled__Container-vtxwzb-0 jptQqM bDFhXJ beans-buybox__actions beans-quantity-controls__container"><div class="base-components__RootElement-sc-1mosoyj-1 styled__Container-sc-16t2b2a-0 jptQqM PUfgZ styled__StyledFormGroup-vtxwzb-1 kzKuAr beans-quantity-controls__form-group beans-form-group__container"><label class="styled__StyledLabel-sc-1ttuvhr-0 izGEjV beans-form-group__label beans-label" for="quantity-controls-300535536">Quantity controls </label><div class="base-components__BaseElement-sc-1mosoyj-0 styled__Children-sc-16t2b2a-3 oznwo gdJvjO beans-form-group__children"><div class="styled__StyledQuantityControlWrapper-vtxwzb-6 LCxOg"><label id="quantity-controls-300535536-label" class="styled__VisuallyHiddenLabel-vtxwzb-7 gXlLiM">Quantity of Stockwell &amp; Co Tuna Chunks In Brine 145G</label><div class="component__Wrapper-sc-1kpmik-3 dReplG input-wrapper"><input class="base-components__RootElement-sc-1mosoyj-1 styled__StyledInput-sc-1jd5f57-0 component__StyledAsInput-sc-1kpmik-4 jptQqM eJLlow styled__StyledInput-vtxwzb-3 lwMHo beans-quantity-controls__input beans-input" data-auto="beans-quantity-controls-input" autocomplete="off" id="quantity-controls-300535536" maxlength="2" name="newValue" type="number" aria-labelledby="quantity-controls-300535536-label" value="1"></div></div><button class="styled__BaseButton-rsekm1-0 styled__PrimaryButton-rsekm1-2 jChbeY geeWOF styled__StyledButton-vtxwzb-5 japAxb beans-quantity-controls__add-button beans-button__container" type="submit" data-auto="beans-quantity-controls-add-button" aria-label="Quantity of Stockwell &amp; Co Tuna Chunks In Brine 145G"><span class="base-components__BaseElement-sc-1mosoyj-0 styled__InnerContainer-rsekm1-1 oznwo fuFres beans-button__inner-container"><span class="base-components__BaseElement-sc-1mosoyj-0 styled__TextSpan-rsekm1-4 oznwo GDiMp beans-button__text">Add</span></span></button></div></div></div></div></div><input name="_csrf" type="hidden" value="92xA6FXg-W2XHhQLLDKqjWuqmpStG0svGR_s"></form></div></div></div></div><div class="hidden-medium product-info-section-small"><div class="product-info-message-list"><div class="styled__WhiteBackground-sc-9yzfq2-1 jthPIJ"><svg width="56" height="56" viewBox="0 0 56 56" fill="none" xmlns="http://www.w3.org/2000/svg"><path d="M52.1301 27.8766C52.1301 14.5534 41.3293 3.75308 28.0066 3.75308C14.6834 3.75308 3.88306 14.5534 3.88306 27.8766C3.88306 41.1998 14.6834 52.0002 28.0066 52.0002C41.3293 52.0002 52.1301 41.1998 52.1301 27.8766Z" fill="#EE1C2E"></path><path d="M19.6853 36.5687L31.8169 48.6998L52.6633 27.8998L51.9894 23.0423L31.886 43.1452L22.5438 33.803L19.6853 36.5687Z" fill="white"></path><path d="M24.2699 12.0048L23.5594 9.93467L22.8484 12.0048H24.2699ZM24.6345 13.0711H22.4844L21.9776 14.5375H20.7515L22.9815 8.31722H24.1369L26.3669 14.5375H25.1408L24.6345 13.0711Z" fill="white"></path><path d="M27.8359 14.5375H26.734V8.24609H27.8359V14.5375Z" fill="white"></path><path d="M31.5684 13.2309C31.7849 12.9886 31.8927 12.6597 31.8927 12.2446C31.8927 11.8306 31.7849 11.5016 31.5684 11.2588C31.3524 11.0159 31.0811 10.8942 30.7558 10.8942C30.4299 10.8942 30.1587 11.0159 29.9427 11.2588C29.7267 11.5016 29.6184 11.8306 29.6184 12.2446C29.6184 12.6597 29.7267 12.9886 29.9427 13.2309C30.1587 13.4738 30.4299 13.5955 30.7558 13.5955C31.0811 13.5955 31.3524 13.4738 31.5684 13.2309ZM29.4673 14.3065C29.159 14.1049 28.9177 13.8234 28.7429 13.4619C28.5681 13.101 28.481 12.6952 28.481 12.2446C28.481 11.7888 28.5655 11.3815 28.7341 11.0231C28.9032 10.6648 29.1384 10.3848 29.4405 10.1837C29.7426 9.98212 30.0891 9.88158 30.48 9.88158C30.7883 9.88158 31.0579 9.93624 31.2889 10.0455C31.5199 10.1554 31.6978 10.3106 31.8221 10.5122V8.24609H32.9239V14.5375H31.8221V13.9863C31.6916 14.1704 31.5137 14.3194 31.2889 14.4349C31.0636 14.5504 30.797 14.6086 30.4892 14.6086C30.1159 14.6086 29.7751 14.5076 29.4673 14.3065Z" fill="white"></path><path d="M34.9657 14.5375H33.8638V9.95224H34.9657V14.5375ZM33.9082 8.34408C34.0443 8.20796 34.2129 8.1399 34.4145 8.1399C34.6161 8.1399 34.7847 8.20796 34.9208 8.34408C35.0574 8.48071 35.1255 8.64931 35.1255 8.8504C35.1255 9.052 35.0574 9.22112 34.9208 9.35724C34.7847 9.49336 34.6161 9.56142 34.4145 9.56142C34.2129 9.56142 34.0443 9.49336 33.9082 9.35724C33.7715 9.22112 33.704 9.052 33.704 8.8504C33.704 8.64931 33.7715 8.48071 33.9082 8.34408Z" fill="white"></path><path d="M19.6791 19.3347C19.8894 19.1506 19.9946 18.8779 19.9946 18.5169C19.9946 18.1565 19.8894 17.8838 19.6791 17.6997C19.4682 17.5156 19.183 17.4233 18.8221 17.4233H17.5027V19.6111H18.8221C19.183 19.6111 19.4682 19.5188 19.6791 19.3347ZM17.5027 23.9628H16.0374V16.0704H18.9345C19.461 16.0704 19.9157 16.1776 20.2988 16.3921C20.6824 16.6061 20.9753 16.8995 21.1784 17.2712C21.3816 17.6435 21.4826 18.0586 21.4826 18.5169C21.4826 18.9758 21.3816 19.3909 21.1784 19.7632C20.9753 20.1354 20.6824 20.4283 20.2988 20.6423C19.9157 20.8568 19.461 20.9635 18.9345 20.9635H17.5027V23.9628Z" fill="white"></path><path d="M22.0396 18.1451H23.4379V19.0248C23.6029 18.7087 23.8359 18.4684 24.1365 18.3029C24.4376 18.1374 24.7717 18.0549 25.1404 18.0549C25.5235 18.0549 25.8241 18.1415 26.0422 18.3143L25.5689 19.4981C25.3729 19.3929 25.1662 19.3403 24.9486 19.3403C24.5124 19.3403 24.152 19.528 23.8663 19.9039C23.5802 20.2797 23.4379 20.8582 23.4379 21.6404V23.9627H22.0396V18.1451Z" fill="white"></path><path d="M27.8879 23.9627H26.4896V18.1451H27.8879V23.9627ZM26.5458 16.1044C26.7191 15.9316 26.933 15.845 27.1888 15.845C27.444 15.845 27.658 15.9316 27.8312 16.1044C28.0039 16.2771 28.0906 16.4916 28.0906 16.7468C28.0906 17.0026 28.0039 17.217 27.8312 17.3898C27.658 17.5625 27.444 17.6491 27.1888 17.6491C26.933 17.6491 26.7191 17.5625 26.5458 17.3898C26.3731 17.217 26.287 17.0026 26.287 16.7468C26.287 16.4916 26.3731 16.2771 26.5458 16.1044Z" fill="white"></path><path d="M30.0603 23.6693C29.6168 23.4141 29.2714 23.0588 29.0234 22.6041C28.7754 22.1493 28.6511 21.6327 28.6511 21.0537C28.6511 20.4752 28.7754 19.9585 29.0234 19.5038C29.2714 19.049 29.6168 18.6937 30.0603 18.438C30.5037 18.1828 31.011 18.0549 31.5823 18.0549C32.8749 18.0549 33.751 18.585 34.2093 19.6445L32.9353 20.2199C32.6424 19.6332 32.1913 19.3403 31.5823 19.3403C31.1466 19.3403 30.7857 19.4981 30.5001 19.8136C30.2144 20.1297 30.0716 20.5427 30.0716 21.0537C30.0716 21.5651 30.2144 21.9787 30.5001 22.2942C30.7857 22.6097 31.1466 22.7675 31.5823 22.7675C32.1913 22.7675 32.6424 22.4747 32.9353 21.8884L34.2093 22.4633C33.751 23.5229 32.8749 24.0529 31.5823 24.0529C31.011 24.0529 30.5037 23.9251 30.0603 23.6693Z" fill="white"></path><path d="M38.727 20.3999C38.6744 20.0694 38.5223 19.7987 38.2707 19.5883C38.0186 19.3779 37.7015 19.2728 37.3179 19.2728C36.9946 19.2728 36.7048 19.3723 36.4496 19.5713C36.1939 19.7708 36.0175 20.0467 35.9196 20.3999H38.727ZM40.1588 21.5048H35.8633C35.9381 21.9333 36.115 22.2586 36.3934 22.4803C36.6713 22.702 37.0095 22.8129 37.4081 22.8129C37.7386 22.8129 38.015 22.7433 38.2367 22.6041C38.4584 22.4649 38.6708 22.253 38.874 21.9673L40.0573 22.6097C39.7716 23.0759 39.4092 23.4327 38.9693 23.6812C38.5295 23.9287 37.983 24.0529 37.3292 24.0529C36.7125 24.0529 36.1846 23.9086 35.7453 23.6188C35.3055 23.3295 34.9765 22.9557 34.7584 22.4968C34.5403 22.0385 34.4315 21.5574 34.4315 21.0537C34.4315 20.5504 34.546 20.0694 34.7754 19.611C35.0044 19.1526 35.3374 18.7783 35.7731 18.4891C36.2088 18.1998 36.7239 18.0549 37.3179 18.0549C37.9191 18.0549 38.4341 18.19 38.8626 18.4607C39.2911 18.7314 39.6139 19.0866 39.832 19.5264C40.0501 19.9657 40.1588 20.4339 40.1588 20.9299V21.5048Z" fill="white"></path><path d="M16.3879 25.558H17.7399L19.2454 29.4977L20.751 25.558H22.1029V31.8684H20.9309V28.0282L19.6873 31.2915H18.8035L17.5599 28.0282V31.8684H16.3879V25.558Z" fill="white"></path><path d="M25.4058 30.7146C25.6131 30.5341 25.7167 30.3119 25.7167 30.0474V29.9216H24.8335C24.5746 29.9216 24.3689 29.971 24.2158 30.07C24.0626 30.169 23.9858 30.3057 23.9858 30.48C23.9858 30.6424 24.0415 30.7671 24.1529 30.8543C24.2637 30.9414 24.4277 30.9847 24.6437 30.9847C24.9443 30.9847 25.1985 30.8945 25.4058 30.7146ZM23.6074 31.7782C23.3671 31.67 23.1748 31.5122 23.0304 31.3049C22.886 31.0976 22.8138 30.8496 22.8138 30.5609C22.8138 30.1046 22.9855 29.7364 23.3279 29.457C23.6703 29.1775 24.1333 29.0378 24.7159 29.0378H25.7167V28.8754C25.7167 28.6413 25.6357 28.4531 25.4733 28.3118C25.3109 28.1711 25.0918 28.1004 24.8154 28.1004C24.5927 28.1004 24.3916 28.1592 24.2111 28.2763C24.0312 28.3933 23.8956 28.5299 23.8059 28.6862L22.9494 28.1726C23.1113 27.8782 23.3516 27.6333 23.6703 27.4379C23.9889 27.2425 24.3705 27.145 24.8154 27.145C25.4522 27.145 25.9482 27.2982 26.3024 27.6044C26.6572 27.9112 26.8345 28.3526 26.8345 28.9295V31.8685H25.9152L25.7621 31.2735C25.6115 31.4776 25.4207 31.6401 25.1892 31.7602C24.9582 31.8803 24.686 31.9401 24.3735 31.9401C24.1029 31.9401 23.8476 31.8865 23.6074 31.7782Z" fill="white"></path><path d="M27.8214 30.3V28.1726H27.1182V27.2167H27.8214V26.4417L28.9393 25.7384V27.2167H30.1381V28.1726H28.9393V30.2458C28.9393 30.6903 29.1166 30.9125 29.4709 30.9125C29.6333 30.9125 29.7895 30.8496 29.9395 30.7233L30.4443 31.5797C30.2881 31.706 30.1169 31.7978 29.9308 31.855C29.7446 31.9117 29.5549 31.9401 29.3626 31.9401C28.3355 31.9401 27.8214 31.3936 27.8214 30.3Z" fill="white"></path><path d="M31.5487 31.6339C31.194 31.4297 30.9176 31.1456 30.7196 30.7821C30.5211 30.4186 30.4221 30.0056 30.4221 29.5426C30.4221 29.0801 30.5211 28.6666 30.7196 28.3031C30.9176 27.9396 31.194 27.6555 31.5487 27.4513C31.9034 27.2471 32.3087 27.145 32.7655 27.145C33.7993 27.145 34.4995 27.5683 34.8661 28.416L33.8473 28.8754C33.6132 28.4067 33.2528 28.1726 32.7655 28.1726C32.417 28.1726 32.1288 28.2989 31.9004 28.5511C31.6719 28.8037 31.558 29.1342 31.558 29.5426C31.558 29.9509 31.6719 30.282 31.9004 30.5341C32.1288 30.7867 32.417 30.9125 32.7655 30.9125C33.2528 30.9125 33.6132 30.6785 33.8473 30.2098L34.8661 30.6697C34.4995 31.5168 33.7993 31.9401 32.7655 31.9401C32.3087 31.9401 31.9034 31.8386 31.5487 31.6339Z" fill="white"></path><path d="M35.3998 25.4863H36.5176V27.9473C36.662 27.707 36.8615 27.5132 37.1167 27.3657C37.3725 27.2188 37.6592 27.145 37.9778 27.145C38.4702 27.145 38.8579 27.2909 39.1405 27.5823C39.423 27.8736 39.5643 28.2804 39.5643 28.8037V31.8685H38.4465V29.0285C38.4465 28.7522 38.3758 28.5408 38.2346 28.3933C38.0933 28.2458 37.8907 28.1726 37.6262 28.1726C37.3199 28.1726 37.0585 28.3093 36.8419 28.5825C36.6254 28.8558 36.5176 29.275 36.5176 29.8401V31.8685H35.3998V25.4863Z" fill="white"></path></svg><p class="styled__StyledBodyText-sc-119w3hf-5 ggtTyf styled__DarkGreyBodyText-jk5kya-0 iwRWTH">Aldi Price Match</p></div></div></div></div></div></div></div></li><li class="product-list--list-item"><div class="styles__StyledVerticalTileWrapper-dvv1wj-0 dtCNPH"><div data-auto="product-tile" data-auto-type="Quantity" data-auto-available="true" data-auto-is-restricted-disabled="false" data-auto-is-substitute="false" class="styles__StyledVerticalTile-dvv1wj-1 gSCsYK"><div class="styles__StyledTileContentWrapper-dvv1wj-2 bkNhNP beans"><div id="tile-300917389" data-auto-id="300917389" class="styles__StyledTiledContent-dvv1wj-3 bcglTg"><a href="https://www.tesco.com/groceries/en-GB/products/300917389" aria-hidden="true" class="product-image-wrapper" tabindex="1"><div class="product-image__container"><picture><img class="styled__Image-sjvkdn-0 bJErKA product-image beans-responsive-image__image" src="data:image/gif;base64,R0lGODlhAQABAAAAACH5BAEKAAEALAAAAAABAAEAAAICTAEAOw==" srcset="https://digitalcontent.api.tesco.com/v2/media/ghs/9a830ec1-2d0f-46c8-8ec9-8fa3ca209814/672da36b-048b-48bb-8316-5d579d2d07cb_71016568.jpeg?h=225&amp;w=225 768w, data:image/gif;base64,R0lGODlhAQABAAAAACH5BAEKAAEALAAAAAABAAEAAAICTAEAOw== 4000w" alt="Celebrations Tub 650G"></picture></div></a><div class="product-details--wrapper"><h3 class="styles__H3-oa5soe-0 bCKNNq"><a href="https://www.tesco.com/groceries/en-GB/products/300917389" class="styled__Anchor-sc-1xbujuz-0 csVOnh beans-link__anchor" data-auto="product-tile--title"><span class="styled__Text-sc-1xbujuz-1 ldbwMG beans-link__text">Celebrations Tub 650G</span></a></h3><div class="styles__StyledProductDetailsContent-dvv1wj-5 ddRSrq"><a href="https://www.tesco.com/groceries/en-GB/reviews/submission/300917389?from=%2Fshop%2Ffood-cupboard%2Fall" aria-label="Write a review for Celebrations Tub 650G" class="styled__Anchor-sc-1xbujuz-0 jSzuDt write-a-review-link beans-link__anchor" data-auto="review-link"><span class="styled__Text-sc-1xbujuz-1 fyDIEo beans-link__text">Write a review</span><span class="styled__IconContainer-sc-1xbujuz-2 bSauSL beans-link__icon-container"><svg aria-hidden="true" class="styled__SVG-xxa4wh-1 hQMCqc beans-link__icon beans-icon__svg" height="13.33" preserveAspectRatio="xMinYMax meet" viewBox="-1 0 12 20" width="8" xmlns="http://www.w3.org/2000/svg" color="currentColor"><path d="M1.312 1.348L10.276 10l-8.964 8.644" fill="none" stroke="currentColor"></path></svg></span></a><div><a href="https://www.tesco.com/groceries/en-GB/shop/food-cupboard/christmas-treats/chocolate-tubs-and-tins/chocolate-tubs-and-chocolate-tins" class="styled__Anchor-sc-1xbujuz-0 jSzuDt rest-of-shelf-link beans-link__anchor" data-auto="rest-of-shelf-link"><span class="styled__Text-sc-1xbujuz-1 fyDIEo beans-link__text">Rest of <span class="visually-hidden">Chocolate Tubs &amp; Chocolate Tins</span> shelf</span><span class="styled__IconContainer-sc-1xbujuz-2 bSauSL beans-link__icon-container"><svg aria-hidden="true" class="styled__SVG-xxa4wh-1 hQMCqc beans-link__icon beans-icon__svg" height="13.33" preserveAspectRatio="xMinYMax meet" viewBox="-1 0 12 20" width="8" xmlns="http://www.w3.org/2000/svg" color="currentColor"><path d="M1.312 1.348L10.276 10l-8.964 8.644" fill="none" stroke="currentColor"></path></svg></span></a></div><div class="product-info-message-section"><div class="product-info-message-list"></div></div></div><div class="styles__StyledPromotionsWithBuyBoxWrapper-dvv1wj-8 cZskDh"><div class="styles__StyledPromotionsAboveMobile-dvv1wj-7 iPTMuo"><div class="styles__StyledPromotionsWithClubcardPriceContainer-sc-1vdpoop-0 bsPFbn"><div class="styles__StyledClubcardLogo-sc-1vdpoop-2 elOZEB"><div class="styles__Wrapper-sc-1d2phhy-0 hgBuQG undefined special-offer-sash"><span class="styles__CircleWrapper-sc-1d2phhy-2 hCbzjm"><strong class="styles__TextWrapper-sc-1d2phhy-1 bLXNGg">Clubcard Price</strong></span></div></div><a href="https://www.tesco.com/groceries/en-GB/promotions/88615788"><div class="styles__ProductPromotionStyling-sc-1vdpoop-3 WGKAK"><div class="styles__StyledPromotionsOfferContent-sc-1vdpoop-1 cPSekc"><span class="offer-text">£3.50 Clubcard Price</span></div><span class="dates">Offer valid for delivery from 23/11/2022 until 30/11/2022</span></div></a></div></div><div class="styles__StyledBuyBoxWrapper-dvv1wj-4 dSvjUC"><div class="styles__StyledBuyBoxContainer-sc-1wx0qp6-0 erryje" data-auto="buybox-container"><div class="styles__SafeFormWrapper-jtpu2t-0 lcrYKS"><form action="https://www.tesco.com/groceries/en-GB/trolley/items/300917389?_method=PUT" method="POST"><input type="submit" class="hidden"><input name="id" type="hidden" value="300917389"><input name="identifier" type="hidden" value="Page"><input name="anchorId" type="hidden" value="#tile-300917389"><input name="returnUrl" type="hidden" value="/groceries/en-GB/shop/food-cupboard/all?redirectIfUnavailable=true#tile-300917389"><input name="backToUrl" type="hidden" value="#"><input name="oldValue" type="hidden" value="0"><input name="oldUnitChoice" type="hidden" value="pcs"><input name="newUnitChoice" type="hidden" value="pcs"><div class="base-components__RootElement-sc-1mosoyj-1 styled__Container-sc-6nhkzi-0 jptQqM hSNpTb beans-buybox__container"><div class="base-components__BaseElement-sc-1mosoyj-0 styled__PriceAndActions-sc-6nhkzi-3 oznwo eEPLov beans-buybox__price-and-actions"><div class="base-components__RootElement-sc-1mosoyj-1 styled__Container-sc-8qlq5b-0 jptQqM bgZrjw styled__StyledPrice-sc-6nhkzi-5 iYHeik beans-buybox__price beans-price__container"><p class="styled__StyledHeading-sc-119w3hf-2 jWPEtj styled__Text-sc-8qlq5b-1 lnaeiZ beans-price__text">£4.00</p><p class="styled__StyledFootnote-sc-119w3hf-7 icrlVF styled__Subtext-sc-8qlq5b-2 bNJmdc beans-price__subtext">£0.62/100g</p></div><div class="base-components__RootElement-sc-1mosoyj-1 styled__Container-vtxwzb-0 jptQqM bDFhXJ beans-buybox__actions beans-quantity-controls__container"><div class="base-components__RootElement-sc-1mosoyj-1 styled__Container-sc-16t2b2a-0 jptQqM PUfgZ styled__StyledFormGroup-vtxwzb-1 kzKuAr beans-quantity-controls__form-group beans-form-group__container"><label class="styled__StyledLabel-sc-1ttuvhr-0 izGEjV beans-form-group__label beans-label" for="quantity-controls-300917389">Quantity controls </label><div class="base-components__BaseElement-sc-1mosoyj-0 styled__Children-sc-16t2b2a-3 oznwo gdJvjO beans-form-group__children"><div class="styled__StyledQuantityControlWrapper-vtxwzb-6 LCxOg"><label id="quantity-controls-300917389-label" class="styled__VisuallyHiddenLabel-vtxwzb-7 gXlLiM">Quantity of Celebrations Tub 650G</label><div class="component__Wrapper-sc-1kpmik-3 dReplG input-wrapper"><input class="base-components__RootElement-sc-1mosoyj-1 styled__StyledInput-sc-1jd5f57-0 component__StyledAsInput-sc-1kpmik-4 jptQqM eJLlow styled__StyledInput-vtxwzb-3 lwMHo beans-quantity-controls__input beans-input" data-auto="beans-quantity-controls-input" autocomplete="off" id="quantity-controls-300917389" maxlength="2" name="newValue" type="number" aria-labelledby="quantity-controls-300917389-label" value="1"></div></div><button class="styled__BaseButton-rsekm1-0 styled__PrimaryButton-rsekm1-2 jChbeY geeWOF styled__StyledButton-vtxwzb-5 japAxb beans-quantity-controls__add-button beans-button__container" type="submit" data-auto="beans-quantity-controls-add-button" aria-label="Quantity of Celebrations Tub 650G"><span class="base-components__BaseElement-sc-1mosoyj-0 styled__InnerContainer-rsekm1-1 oznwo fuFres beans-button__inner-container"><span class="base-components__BaseElement-sc-1mosoyj-0 styled__TextSpan-rsekm1-4 oznwo GDiMp beans-button__text">Add</span></span></button></div></div></div></div></div><input name="_csrf" type="hidden" value="92xA6FXg-W2XHhQLLDKqjWuqmpStG0svGR_s"></form></div></div></div></div></div><div class="hidden-medium product-info-section-small"><div class="product-info-message-list"></div></div></div><div class="styles__StyledPromotionsMobile-dvv1wj-6 Bxaeb"><div><div class="styles__StyledPromotionsWithClubcardPriceContainer-sc-1vdpoop-0 bsPFbn"><div class="styles__StyledClubcardLogo-sc-1vdpoop-2 elOZEB"><div class="styles__Wrapper-sc-1d2phhy-0 hgBuQG undefined special-offer-sash"><span class="styles__CircleWrapper-sc-1d2phhy-2 hCbzjm"><strong class="styles__TextWrapper-sc-1d2phhy-1 bLXNGg">Clubcard Price</strong></span></div></div><a href="https://www.tesco.com/groceries/en-GB/promotions/88615788"><div class="styles__ProductPromotionStyling-sc-1vdpoop-3 WGKAK"><div class="styles__StyledPromotionsOfferContent-sc-1vdpoop-1 cPSekc"><span class="offer-text">£3.50 Clubcard Price</span></div><span class="dates">Offer valid for delivery from 23/11/2022 until 30/11/2022</span></div></a></div></div></div></div></div></div></li><li class="product-list--list-item"><div class="styles__StyledVerticalTileWrapper-dvv1wj-0 dtCNPH"><div data-auto="product-tile" data-auto-type="Quantity" data-auto-available="true" data-auto-is-restricted-disabled="false" data-auto-is-substitute="false" class="styles__StyledVerticalTile-dvv1wj-1 gSCsYK"><div class="styles__StyledTileContentWrapper-dvv1wj-2 bkNhNP beans"><div id="tile-307745622" data-auto-id="307745622" class="styles__StyledTiledContent-dvv1wj-3 bcglTg"><a href="https://www.tesco.com/groceries/en-GB/products/307745622" aria-hidden="true" class="product-image-wrapper" tabindex="1"><div class="product-image__container"><picture><img class="styled__Image-sjvkdn-0 bJErKA product-image beans-responsive-image__image" src="data:image/gif;base64,R0lGODlhAQABAAAAACH5BAEKAAEALAAAAAABAAEAAAICTAEAOw==" srcset="https://digitalcontent.api.tesco.com/v2/media/ghs/76ef12ca-3317-4c5a-846a-90052cc54fe0/2e6c8682-b6a7-4b81-860f-c3b991b7ab39.jpeg?h=225&amp;w=225 768w, data:image/gif;base64,R0lGODlhAQABAAAAACH5BAEKAAEALAAAAAABAAEAAAICTAEAOw== 4000w" alt="Tesco Oat Drink 1 Litre"></picture></div></a><div class="product-details--wrapper"><h3 class="styles__H3-oa5soe-0 bCKNNq"><a href="https://www.tesco.com/groceries/en-GB/products/307745622" class="styled__Anchor-sc-1xbujuz-0 csVOnh beans-link__anchor" data-auto="product-tile--title"><span class="styled__Text-sc-1xbujuz-1 ldbwMG beans-link__text">Tesco Oat Drink 1 Litre</span></a></h3><div class="styles__StyledPromotionsAboveMobile-dvv1wj-7 iPTMuo"></div><div class="styles__StyledProductDetailsContent-dvv1wj-5 ddRSrq"><a href="https://www.tesco.com/groceries/en-GB/reviews/submission/307745622?from=%2Fshop%2Ffood-cupboard%2Fall" aria-label="Write a review for Tesco Oat Drink 1 Litre" class="styled__Anchor-sc-1xbujuz-0 jSzuDt write-a-review-link beans-link__anchor" data-auto="review-link"><span class="styled__Text-sc-1xbujuz-1 fyDIEo beans-link__text">Write a review</span><span class="styled__IconContainer-sc-1xbujuz-2 bSauSL beans-link__icon-container"><svg aria-hidden="true" class="styled__SVG-xxa4wh-1 hQMCqc beans-link__icon beans-icon__svg" height="13.33" preserveAspectRatio="xMinYMax meet" viewBox="-1 0 12 20" width="8" xmlns="http://www.w3.org/2000/svg" color="currentColor"><path d="M1.312 1.348L10.276 10l-8.964 8.644" fill="none" stroke="currentColor"></path></svg></span></a><div><a href="https://www.tesco.com/groceries/en-GB/shop/fresh-food/dairy-free-and-dairy-alternatives/dairy-free-drinks/oat-drinks" class="styled__Anchor-sc-1xbujuz-0 jSzuDt rest-of-shelf-link beans-link__anchor" data-auto="rest-of-shelf-link"><span class="styled__Text-sc-1xbujuz-1 fyDIEo beans-link__text">Rest of <span class="visually-hidden">Oat Drinks</span> shelf</span><span class="styled__IconContainer-sc-1xbujuz-2 bSauSL beans-link__icon-container"><svg aria-hidden="true" class="styled__SVG-xxa4wh-1 hQMCqc beans-link__icon beans-icon__svg" height="13.33" preserveAspectRatio="xMinYMax meet" viewBox="-1 0 12 20" width="8" xmlns="http://www.w3.org/2000/svg" color="currentColor"><path d="M1.312 1.348L10.276 10l-8.964 8.644" fill="none" stroke="currentColor"></path></svg></span></a></div><div class="product-info-message-section"><div class="product-info-message-list"></div></div></div><div class="styles__StyledBuyBoxWrapper-dvv1wj-4 dSvjUC"><div class="styles__StyledBuyBoxContainer-sc-1wx0qp6-0 erryje" data-auto="buybox-container"><div class="styles__SafeFormWrapper-jtpu2t-0 lcrYKS"><form action="https://www.tesco.com/groceries/en-GB/trolley/items/307745622?_method=PUT" method="POST"><input type="submit" class="hidden"><input name="id" type="hidden" value="307745622"><input name="identifier" type="hidden" value="Page"><input name="anchorId" type="hidden" value="#tile-307745622"><input name="returnUrl" type="hidden" value="/groceries/en-GB/shop/food-cupboard/all?redirectIfUnavailable=true#tile-307745622"><input name="backToUrl" type="hidden" value="#"><input name="oldValue" type="hidden" value="0"><input name="oldUnitChoice" type="hidden" value="pcs"><input name="newUnitChoice" type="hidden" value="pcs"><div class="base-components__RootElement-sc-1mosoyj-1 styled__Container-sc-6nhkzi-0 jptQqM hSNpTb beans-buybox__container"><div class="base-components__BaseElement-sc-1mosoyj-0 styled__PriceAndActions-sc-6nhkzi-3 oznwo eEPLov beans-buybox__price-and-actions"><div class="base-components__RootElement-sc-1mosoyj-1 styled__Container-sc-8qlq5b-0 jptQqM bgZrjw styled__StyledPrice-sc-6nhkzi-5 iYHeik beans-buybox__price beans-price__container"><p class="styled__StyledHeading-sc-119w3hf-2 jWPEtj styled__Text-sc-8qlq5b-1 lnaeiZ beans-price__text">£1.30</p><p class="styled__StyledFootnote-sc-119w3hf-7 icrlVF styled__Subtext-sc-8qlq5b-2 bNJmdc beans-price__subtext">£1.30/litre</p></div><div class="base-components__RootElement-sc-1mosoyj-1 styled__Container-vtxwzb-0 jptQqM bDFhXJ beans-buybox__actions beans-quantity-controls__container"><div class="base-components__RootElement-sc-1mosoyj-1 styled__Container-sc-16t2b2a-0 jptQqM PUfgZ styled__StyledFormGroup-vtxwzb-1 kzKuAr beans-quantity-controls__form-group beans-form-group__container"><label class="styled__StyledLabel-sc-1ttuvhr-0 izGEjV beans-form-group__label beans-label" for="quantity-controls-307745622">Quantity controls </label><div class="base-components__BaseElement-sc-1mosoyj-0 styled__Children-sc-16t2b2a-3 oznwo gdJvjO beans-form-group__children"><div class="styled__StyledQuantityControlWrapper-vtxwzb-6 LCxOg"><label id="quantity-controls-307745622-label" class="styled__VisuallyHiddenLabel-vtxwzb-7 gXlLiM">Quantity of Tesco Oat Drink 1 Litre</label><div class="component__Wrapper-sc-1kpmik-3 dReplG input-wrapper"><input class="base-components__RootElement-sc-1mosoyj-1 styled__StyledInput-sc-1jd5f57-0 component__StyledAsInput-sc-1kpmik-4 jptQqM eJLlow styled__StyledInput-vtxwzb-3 lwMHo beans-quantity-controls__input beans-input" data-auto="beans-quantity-controls-input" autocomplete="off" id="quantity-controls-307745622" maxlength="2" name="newValue" type="number" aria-labelledby="quantity-controls-307745622-label" value="1"></div></div><button class="styled__BaseButton-rsekm1-0 styled__PrimaryButton-rsekm1-2 jChbeY geeWOF styled__StyledButton-vtxwzb-5 japAxb beans-quantity-controls__add-button beans-button__container" type="submit" data-auto="beans-quantity-controls-add-button" aria-label="Quantity of Tesco Oat Drink 1 Litre"><span class="base-components__BaseElement-sc-1mosoyj-0 styled__InnerContainer-rsekm1-1 oznwo fuFres beans-button__inner-container"><span class="base-components__BaseElement-sc-1mosoyj-0 styled__TextSpan-rsekm1-4 oznwo GDiMp beans-button__text">Add</span></span></button></div></div></div></div></div><input name="_csrf" type="hidden" value="92xA6FXg-W2XHhQLLDKqjWuqmpStG0svGR_s"></form></div></div></div></div><div class="hidden-medium product-info-section-small"><div class="product-info-message-list"></div></div></div></div></div></div></li></ul></div></div></div></div></div><div class="show-more"><div class="updating"><div class="spinner"></div><span>Loading more items...</span></div><a class="button button-primary small" rel="nofollow" href="https://www.tesco.com/groceries/en-GB/shop/food-cupboard/all?page=2" aria-label="Show 48 more products">Show 48 more</a></div><div class="pagination-component grid"><div class="pagination__results-count"><div class="pagination__items-displayed" data-auto="product-bin-count">Showing <strong>1 to 48</strong> of <strong>6038 items</strong><span class="visually-hidden">sorted by Relevance</span></div><div class="show-more-less__link"><a href="https://www.tesco.com/groceries/en-GB/shop/food-cupboard/all?page=2&amp;count=24" rel="nofollow">Show 24 per page</a></div></div><nav class="pagination--page-selector-wrapper"><ul><li class="pagination-btn-holder"><a aria-label="Current results page" class="pagination--button prev-next disabled" name="current-results-page" title="Current results page"><span class="icon-icon_whitechevronleft" aria-hidden="true"></span></a></li><li class="pagination-btn-holder"><a aria-label="Current results page" class="pagination--button disabled highlight" name="current-results-page" title="Current results page"><span aria-hidden="true">1</span></a></li><li class="pagination-btn-holder"><a href="https://www.tesco.com/groceries/en-GB/shop/food-cupboard/all?page=2" aria-label="Go to results page 2" class="pagination--button" name="go-to-results-page-2" title="Go to results page 2"><span aria-hidden="true">2</span></a></li><li class="pagination-btn-holder"><a href="https://www.tesco.com/groceries/en-GB/shop/food-cupboard/all?page=3" aria-label="Go to results page 3" class="pagination--button" name="go-to-results-page-3" title="Go to results page 3"><span aria-hidden="true">3</span></a></li><li><span class="pagination--ellipsis icon-dots"></span></li><li class="pagination-btn-holder"><a href="https://www.tesco.com/groceries/en-GB/shop/food-cupboard/all?page=126" aria-label="Go to results page 126" class="pagination--button" name="go-to-results-page-126" title="Go to results page 126"><span aria-hidden="true">126</span></a></li><li class="pagination-btn-holder"><a href="https://www.tesco.com/groceries/en-GB/shop/food-cupboard/all?page=2" aria-label="Go to results page" class="pagination--button prev-next" name="go-to-results-page" title="Go to results page"><span class="icon-icon_whitechevronright" aria-hidden="true"></span></a></li></ul></nav></div><div class="back-to-top"><a href="https://www.tesco.com/groceries/en-GB/shop/food-cupboard/all#" class="back-to-top__link" rel="nofollow">Back to top<span class="back-to-top__icon-chevron--up icon-chevron_up"></span></a></div><div class="recommender-wrapper"></div></div></div><div id="sort-n-filter" data-auto="sort-n-filter" class="sort-n-filter-container fancy-filter"><div class="actionable-layout" id="actionable-layout"><div aria-hidden="true" class="overlay"></div><div class="actionable-layout--wrapper"><header class="actionable-header"><div><h2 class="actionable-header--title">Sort and filter</h2></div></header><div class="actionable-layout--body"><div class="actionable-layout--scrollable" id="actionable-layout--scrollable"><div class="" id="scrollable-overlay"><div id="top-filter"></div><div class="sort-by"><h2>Sort by</h2><ul><li><a class="filter-radio-button" href="https://www.tesco.com/groceries/en-GB/shop/food-cupboard/all"><span class="label-wrapper"><span class="filter-radio-icon icon-radio-on"></span><span class="label">Relevance</span></span></a></li><li><a class="filter-radio-button" href="https://www.tesco.com/groceries/en-GB/shop/food-cupboard/all?sortBy=price-ascending"><span class="label-wrapper"><span class="filter-radio-icon icon-radio-off"></span><span class="label">Price: Low to High</span></span></a></li><li><a class="filter-radio-button" href="https://www.tesco.com/groceries/en-GB/shop/food-cupboard/all?sortBy=price-descending"><span class="label-wrapper"><span class="filter-radio-icon icon-radio-off"></span><span class="label">Price: High to Low</span></span></a></li></ul></div><div class="filter-by" data-auto="filter-by"><a href="https://www.tesco.com/groceries/en-GB/shop/food-cupboard/all" class="clear-all">Clear filters</a><h2>Filter by</h2><div><div class="collapsible-list"><a class="filter-element" href="https://www.tesco.com/groceries/en-GB/shop/food-cupboard/all?new=new&amp;viewAll=new" data-auto="filter-option" data-auto-selected="false"><span class="checked-status icon-checkbox-square-unchecked"></span><span class="label-wrapper" aria-disabled="false"><span class="label">New</span><span class="count"> (195) </span></span></a></div></div><div class="area area-promotion" id="area-promotion"><span class="visually-hidden">Filter by: Filter by</span><div class="collapsible-list" id="Filter-by"><a class="filter-element" href="https://www.tesco.com/groceries/en-GB/shop/food-cupboard/all?promotion=offers&amp;viewAll=promotion" data-auto="filter-option" data-auto-selected="false"><span class="checked-status icon-checkbox-square-unchecked"></span><span class="label-wrapper" aria-disabled="false"><span class="label highlight">Special Offers</span><span class="count"> (1211) </span></span></a></div></div><div class="area area-categories" data-auto="filter-categories"><h2><span class="visually-hidden">Filter by</span>CATEGORY</h2><div><ul class="filter-tree" data-auto="filter-options"><li><a class="filter-element selected" href="https://www.tesco.com/groceries/en-GB/shop/food-cupboard/all" data-auto="filter-option" data-auto-selected="true"><span class="label-wrapper"><span class="label">Food Cupboard</span><span class="count">(9403)</span></span><span class="checked-status icon-checkbox-square-checked"></span></a><ul class="filter-tree" data-auto="filter-options"><li><a class="filter-element" href="https://www.tesco.com/groceries/en-GB/shop/food-cupboard/all?department=Christmas%20Treats&amp;viewAll=department" data-auto="filter-option" data-auto-selected="false"><span class="label-wrapper"><span class="label">Christmas Treats</span><span class="count">(365)</span></span><span class="checked-status icon-checkbox-square-unchecked"></span></a></li><li><a class="filter-element" href="https://www.tesco.com/groceries/en-GB/shop/food-cupboard/all?department=Christmas%20Food%20Cupboard&amp;viewAll=department" data-auto="filter-option" data-auto-selected="false"><span class="label-wrapper"><span class="label">Christmas Food Cupboard</span><span class="count">(110)</span></span><span class="checked-status icon-checkbox-square-unchecked"></span></a></li><li><a class="filter-element" href="https://www.tesco.com/groceries/en-GB/shop/food-cupboard/all?department=Dried%20Fruit%2C%20Nuts%2C%20Nutrient%20Powders%20%26%20Seeds&amp;viewAll=department" data-auto="filter-option" data-auto-selected="false"><span class="label-wrapper"><span class="label">Dried Fruit, Nuts, Nutrient Powders &amp; Seeds</span><span class="count">(404)</span></span><span class="checked-status icon-checkbox-square-unchecked"></span></a></li><li><a class="filter-element" href="https://www.tesco.com/groceries/en-GB/shop/food-cupboard/all?department=Cereals&amp;viewAll=department" data-auto="filter-option" data-auto-selected="false"><span class="label-wrapper"><span class="label">Cereals</span><span class="count">(575)</span></span><span class="checked-status icon-checkbox-square-unchecked"></span></a></li><li><a class="filter-element" href="https://www.tesco.com/groceries/en-GB/shop/food-cupboard/all?department=Chocolate%2C%20Sweets%2C%20Mints%20%26%20Chewing%20Gum&amp;viewAll=department" data-auto="filter-option" data-auto-selected="false"><span class="label-wrapper"><span class="label">Chocolate, Sweets, Mints &amp; Chewing Gum</span><span class="count">(683)</span></span><span class="checked-status icon-checkbox-square-unchecked"></span></a></li><li><a class="filter-element" href="https://www.tesco.com/groceries/en-GB/shop/food-cupboard/all?department=Crisps%2C%20Snacks%2C%20Nuts%20%26%20Popcorn&amp;viewAll=department" data-auto="filter-option" data-auto-selected="false"><span class="label-wrapper"><span class="label">Crisps, Snacks, Nuts &amp; Popcorn</span><span class="count">(692)</span></span><span class="checked-status icon-checkbox-square-unchecked"></span></a></li><li><a class="filter-element" href="https://www.tesco.com/groceries/en-GB/shop/food-cupboard/all?department=Biscuits%20%26%20Cereal%20Bars&amp;viewAll=department" data-auto="filter-option" data-auto-selected="false"><span class="label-wrapper"><span class="label">Biscuits &amp; Cereal Bars</span><span class="count">(541)</span></span><span class="checked-status icon-checkbox-square-unchecked"></span></a></li><li><a class="filter-element" href="https://www.tesco.com/groceries/en-GB/shop/food-cupboard/all?department=Crackers%20%26%20Crispbreads&amp;viewAll=department" data-auto="filter-option" data-auto-selected="false"><span class="label-wrapper"><span class="label">Crackers &amp; Crispbreads</span><span class="count">(128)</span></span><span class="checked-status icon-checkbox-square-unchecked"></span></a></li><li><a class="filter-element" href="https://www.tesco.com/groceries/en-GB/shop/food-cupboard/all?department=Free%20From&amp;viewAll=department" data-auto="filter-option" data-auto-selected="false"><span class="label-wrapper"><span class="label">Free From</span><span class="count">(974)</span></span><span class="checked-status icon-checkbox-square-unchecked"></span></a></li><li><a class="filter-element" href="https://www.tesco.com/groceries/en-GB/shop/food-cupboard/all?department=Tins%2C%20Cans%20%26%20Packets&amp;viewAll=department" data-auto="filter-option" data-auto-selected="false"><span class="label-wrapper"><span class="label">Tins, Cans &amp; Packets</span><span class="count">(529)</span></span><span class="checked-status icon-checkbox-square-unchecked"></span></a></li><li><a class="filter-element" href="https://www.tesco.com/groceries/en-GB/shop/food-cupboard/all?department=Noodle%20Pots%20%26%20Instant%20Snack%20Meals&amp;viewAll=department" data-auto="filter-option" data-auto-selected="false"><span class="label-wrapper"><span class="label">Noodle Pots &amp; Instant Snack Meals</span><span class="count">(218)</span></span><span class="checked-status icon-checkbox-square-unchecked"></span></a></li><li><a class="filter-element" href="https://www.tesco.com/groceries/en-GB/shop/food-cupboard/all?department=Cooking%20Ingredients&amp;viewAll=department" data-auto="filter-option" data-auto-selected="false"><span class="label-wrapper"><span class="label">Cooking Ingredients</span><span class="count">(715)</span></span><span class="checked-status icon-checkbox-square-unchecked"></span></a></li><li><a class="filter-element" href="https://www.tesco.com/groceries/en-GB/shop/food-cupboard/all?department=Cooking%20Sauces%2C%20Meal%20Kits%20%26%20Sides&amp;viewAll=department" data-auto="filter-option" data-auto-selected="false"><span class="label-wrapper"><span class="label">Cooking Sauces, Meal Kits &amp; Sides</span><span class="count">(682)</span></span><span class="checked-status icon-checkbox-square-unchecked"></span></a></li><li><a class="filter-element" href="https://www.tesco.com/groceries/en-GB/shop/food-cupboard/all?department=Dried%20Pasta%2C%20Rice%2C%20Noodles%20%26%20Cous%20Cous&amp;viewAll=department" data-auto="filter-option" data-auto-selected="false"><span class="label-wrapper"><span class="label">Dried Pasta, Rice, Noodles &amp; Cous Cous</span><span class="count">(293)</span></span><span class="checked-status icon-checkbox-square-unchecked"></span></a></li><li><a class="filter-element" href="https://www.tesco.com/groceries/en-GB/shop/food-cupboard/all?department=Table%20Sauces%2C%20Olives%2C%20Pickles%20%26%20Chutney&amp;viewAll=department" data-auto="filter-option" data-auto-selected="false"><span class="label-wrapper"><span class="label">Table Sauces, Olives, Pickles &amp; Chutney</span><span class="count">(525)</span></span><span class="checked-status icon-checkbox-square-unchecked"></span></a></li><li><a class="filter-element" href="https://www.tesco.com/groceries/en-GB/shop/food-cupboard/all?department=World%20Foods&amp;viewAll=department" data-auto="filter-option" data-auto-selected="false"><span class="label-wrapper"><span class="label">World Foods</span><span class="count">(740)</span></span><span class="checked-status icon-checkbox-square-unchecked"></span></a></li><li><a class="filter-element" href="https://www.tesco.com/groceries/en-GB/shop/food-cupboard/all?department=Jams%2C%20Sweet%20%26%20Savoury%20Spreads&amp;viewAll=department" data-auto="filter-option" data-auto-selected="false"><span class="label-wrapper"><span class="label">Jams, Sweet &amp; Savoury Spreads</span><span class="count">(218)</span></span><span class="checked-status icon-checkbox-square-unchecked"></span></a></li><li><a class="filter-element" href="https://www.tesco.com/groceries/en-GB/shop/food-cupboard/all?department=Desserts&amp;viewAll=department" data-auto="filter-option" data-auto-selected="false"><span class="label-wrapper"><span class="label">Desserts</span><span class="count">(305)</span></span><span class="checked-status icon-checkbox-square-unchecked"></span></a></li><li><a class="filter-element" href="https://www.tesco.com/groceries/en-GB/shop/food-cupboard/all?department=Home%20Baking%20%26%20Sugar&amp;viewAll=department" data-auto="filter-option" data-auto-selected="false"><span class="label-wrapper"><span class="label">Home Baking &amp; Sugar</span><span class="count">(584)</span></span><span class="checked-status icon-checkbox-square-unchecked"></span></a></li><li><a class="filter-element" href="https://www.tesco.com/groceries/en-GB/shop/food-cupboard/all?department=Finest%20Food%20Cupboard&amp;viewAll=department" data-auto="filter-option" data-auto-selected="false"><span class="label-wrapper"><span class="label">Finest Food Cupboard</span><span class="count">(122)</span></span><span class="checked-status icon-checkbox-square-unchecked"></span></a></li></ul></li></ul></div></div><div class="area area-brand" data-auto="filter-brands"><h2><span class="visually-hidden">Filter by</span>BRAND</h2><div class="collapsible-list" id="Brand"><a class="filter-element" href="https://www.tesco.com/groceries/en-GB/shop/food-cupboard/all?brand=Tesco&amp;viewAll=brand" data-auto="filter-option" data-auto-selected="false"><span class="checked-status icon-checkbox-square-unchecked"></span><span class="label-wrapper" aria-disabled="false"><span class="label">Tesco</span><span class="count"> (1083) </span></span></a><a class="filter-element" href="https://www.tesco.com/groceries/en-GB/shop/food-cupboard/all?brand=Tesco%20Finest&amp;viewAll=brand" data-auto="filter-option" data-auto-selected="false"><span class="checked-status icon-checkbox-square-unchecked"></span><span class="label-wrapper" aria-disabled="false"><span class="label">Tesco Finest</span><span class="count"> (174) </span></span></a><a href="https://www.tesco.com/groceries/en-GB/shop/food-cupboard/all?viewAll=brand#sort-n-filter" class="button button-transparent toggle-list"><span class="view-all-label">More categories</span><span class="icon-tiny-down-arrow"></span></a></div></div><div class="area area-dietary" data-auto="filter-dietary"><h2><span class="visually-hidden">Filter by</span>Lifestyle &amp; Dietary</h2><h3 class="dietary-filters-instruction">Filters should not be used as an alternative to medical advice. Always check the label.</h3><div class="collapsible-list"><a class="filter-element" href="https://www.tesco.com/groceries/en-GB/shop/food-cupboard/all" data-auto="filter-option" data-auto-selected="true"><span class="radio-button radio-button--on"></span><span class="label-wrapper" aria-disabled="false"><span class="label">All Lifestyle &amp; Dietary</span></span></a><a class="filter-element" href="https://www.tesco.com/groceries/en-GB/shop/food-cupboard/all?dietary=Pescetarian&amp;viewAll=dietary" data-auto="filter-option" data-auto-selected="false"><span class="radio-button radio-button--off"></span><span class="label-wrapper" aria-disabled="false"><span class="label">Pescetarian</span><span class="count"> (5086) </span></span></a><a class="filter-element" href="https://www.tesco.com/groceries/en-GB/shop/food-cupboard/all?dietary=Vegetarian&amp;viewAll=dietary" data-auto="filter-option" data-auto-selected="false"><span class="radio-button radio-button--off"></span><span class="label-wrapper" aria-disabled="false"><span class="label">Vegetarian</span><span class="count"> (4970) </span></span></a><a href="https://www.tesco.com/groceries/en-GB/shop/food-cupboard/all?viewAll=dietary#sort-n-filter" class="button button-transparent toggle-list"><span class="view-all-label">More Lifestyle &amp; Dietary</span><span class="icon-tiny-down-arrow"></span></a></div></div></div></div></div></div><div class="actionable-layout--footer" data-auto="actionable-footer"><div class="footer--button" data-auto="button-cancel"><a href="https://www.tesco.com/groceries/en-GB/shop/food-cupboard/all#" class="button cancel-button button-secondary" rel="nofollow">Cancel</a></div><div class="footer--button" aria-disabled="false" data-auto="button-done"><a href="https://www.tesco.com/groceries/en-GB/shop/food-cupboard/all#" class="button done-button button-primary" rel="nofollow">Done</a></div></div></div></div></div></div><div><div data-breakpoint="small" class="analytics-customer-event--breakpoint analytics-customer-event--small"></div><div data-breakpoint="small-medium" class="analytics-customer-event--breakpoint analytics-customer-event--small-medium"></div><div data-breakpoint="medium" class="analytics-customer-event--breakpoint analytics-customer-event--medium"></div><div data-breakpoint="large" class="analytics-customer-event--breakpoint analytics-customer-event--large"></div><div data-breakpoint="extra-large" class="analytics-customer-event--breakpoint analytics-customer-event--extra-large"></div></div></div></div><div class="main__sidebar"><div id="mini-trolley" class="mini-trolley mini-trolley--native-sticky mini-trolley--sticky"><h2 class="visually-hidden">Basket</h2><header aria-label="Basket Summary" class="sc-dlVxhl cqMAkR"><div class="sc-kfPuZi hVxzHh"><a href="https://www.tesco.com/groceries/en-GB/trolley" aria-label="Review your basket" class="styled__Anchor-sc-13zqyoa-0 kAGrVZ beans-link__anchor" data-auto="basket-icon"><svg aria-hidden="true" class="styled__SVG-xxa4wh-1 hQMCqc beans-link__icon beans-icon__svg" height="22" preserveAspectRatio="xMinYMax meet" viewBox="0 1 24 22" width="24" xmlns="http://www.w3.org/2000/svg" color="currentColor"><path d="M20 20.5H4l-2.5-11h21zM12 12v6M16 12v6M8 12v6M12 9.5L18 1" fill="none" stroke="currentColor"></path></svg></a><div role="status" data-testid="summary-status" class="sc-fKVqWL gZNHwv"><span class="sc-iwjdpV iSnNDM">£0.00 Guide price</span><p aria-hidden="true" data-auto="basket-guide-price" class="styled__StyledBodyText-sc-119w3hf-5 jvstkl sc-bBHxTw cUECpD"><span data-auto="price-value">£0.00</span><br><span class="sc-cxpSdN kDAZlq">Guide price</span></p></div></div><a href="https://www.tesco.com/groceries/en-GB/checkout/review-trolley" class="styled__Anchor-sc-16kp6v-0 epALiB sc-llYSUQ ufRD beans-link__anchor" data-auto="mini-trolley-checkout"><span class="styled__Text-sc-16kp6v-1 hbiXiB beans-link__text">Checkout</span></a></header><div class="mini-trolley__content"><div class="mini-trolley__empty-message">Products you add to your basket will appear here</div><ul class="mini-trolley__content-list"></ul></div></div></div><div class="left-hand-navigation"><div aria-hidden="true" class="overlay"></div><nav class="main-nav" id="nav"><a aria-controls="nav" aria-expanded="false" class="main-header-button main-header-icon-button pull-right icon icon-burger_menu_icon" href="https://www.tesco.com/groceries/en-GB/shop/food-cupboard/all#" rel="nofollow" role="button"><span class="visually-hidden">Close navigation</span></a><div class="main-nav-inner"><div class="fixed-container"><div class="fixed-top"><header class="main-nav-header"><a href="https://www.tesco.com/account/login/en-GB?from=https%3A%2F%2Fwww.tesco.com%2Fgroceries%2F%3Ficid%3Ddchp_groceriesshopgroceries" class="button button-primary main-nav-header-button">Sign in</a><div class="vertical-divider"></div><a href="https://secure.tesco.com/account/en-GB/register?newReg=true&amp;from=https%3A%2F%2Fwww.tesco.com%2Fgroceries%2F%3Ficid%3Ddchp_groceriesshopgroceries" class="button button-primary main-nav-header-button">Register</a></header><div class="list-container fixed-middle"><ul class="list main-nav-list" role="menu" tabindex="0"><li class="list-header" role="menuitem">GROCERIES</li><li class="list-item"><a href="https://www.tesco.com/groceries/en-GB/shop" role="menuitem"><span class="list-item-icon list-item-icon-left icon-shop_all_groceries-01"></span><span data-auto="list-item-single-line" class="list-item-single-line">Shop all groceries</span></a></li><li class="list-item"><a href="https://www.tesco.com/account/login/en-GB?from=https%3A%2F%2Fwww.tesco.com%2Fgroceries%2Fen-GB%2Ffavorites" role="menuitem"><span class="list-item-icon list-item-icon-left favorite-heart-icon"></span><span data-auto="list-item-single-line" class="list-item-single-line">Favourites</span></a></li><li class="list-item"><a href="https://www.tesco.com/account/login/en-GB?from=https%3A%2F%2Fwww.tesco.com%2Fgroceries%2Fen-GB%2Fslots" role="menuitem"><span class="list-item-icon list-item-icon-left icon-bookaslot-01"></span><span data-auto="list-item-single-line" class="list-item-single-line">Book a slot</span></a></li><li class="list-item"><a href="https://www.tesco.com/account/login/en-GB?from=https%3A%2F%2Fwww.tesco.com%2Fgroceries%2Fen-GB%2Forders" role="menuitem"><span class="list-item-icon list-item-icon-left icon-my_orders-01"></span><span data-auto="list-item-single-line" class="list-item-single-line">My orders</span></a></li><li class="list-item"><a href="https://www.tesco.com/groceries/en-GB/zone/christmas?icid=topnav_Christmas" role="menuitem"><span class="list-item-icon list-item-icon-left icon-icon-events"></span><span data-auto="list-item-single-line" class="list-item-single-line">Christmas</span></a></li><li class="list-item"><a href="https://www.tesco.com/groceries/en-GB/promotions" role="menuitem"><span class="list-item-icon list-item-icon-left icon-promotion-nav"></span><span data-auto="list-item-single-line" class="list-item-single-line">Special offers</span></a></li><li class="list-item"><a href="https://secure.tesco.com/account/en-GB/manage" role="menuitem"><span class="list-item-icon list-item-icon-left icon-my-account"></span><span data-auto="list-item-single-line" class="list-item-single-line">My account</span></a></li><li class="list-item"><a href="https://www.tesco.com/DeliverySaver/" role="menuitem" target="_blank"><span class="list-item-icon list-item-icon-left icon-delivery-saver"></span><span class="list-item-icon list-item-icon-right icon-link"></span><span data-auto="list-item-single-line" class="list-item-single-line">Delivery Saver</span></a></li><li class="list-item"><a href="https://www.tesco.com/groceries/en-GB/#" role="menuitem"><span class="list-item-icon list-item-icon-left icon-download-app"></span><span data-auto="list-item-single-line" class="list-item-single-line">Download the app</span></a></li><li class="list-header" role="menuitem">MORE FROM TESCO</li><li class="list-item"><a href="https://secure.tesco.com/clubcard/" role="menuitem" target="_blank"><span class="list-item-icon list-item-icon-left icon-clubcard-01"></span><span class="list-item-icon list-item-icon-right icon-link"></span><span data-auto="list-item-single-line" class="list-item-single-line">Clubcard account</span></a></li><li class="list-item"><a href="https://realfood.tesco.com/" role="menuitem" target="_blank"><span class="list-item-icon list-item-icon-left icon-real-food"></span><span class="list-item-icon list-item-icon-right icon-link"></span><span data-auto="list-item-single-line" class="list-item-single-line">Recipes</span></a></li><li class="list-item"><a href="https://www.tesco.com/store-locator/uk/?stop_mobi=yes" role="menuitem" target="_blank"><span class="list-item-icon list-item-icon-left icon-storefinder-blue"></span><span data-auto="list-item-single-line" class="list-item-single-line">Store locator</span></a></li><li class="list-item"><a href="https://www.tesco.com/direct" role="menuitem" target="_blank"><span class="list-item-icon list-item-icon-left icon-tesco-direct"></span><span class="list-item-icon list-item-icon-right icon-link"></span><span data-auto="list-item-single-line" class="list-item-single-line">Tesco Direct</span></a></li><li class="list-item"><a href="https://www.tesco.com/direct/clothing/" role="menuitem" target="_blank"><span class="list-item-icon list-item-icon-left icon-f-and-f"></span><span class="list-item-icon list-item-icon-right icon-link"></span><span data-auto="list-item-single-line" class="list-item-single-line">F&amp;F clothing</span></a></li><li class="list-header" role="menuitem">ABOUT THIS SITE</li><li class="list-item"><a href="https://www.tesco.com/groceries/en-GB/help" role="menuitem"><span class="list-item-icon list-item-icon-left icon-help-01"></span><span data-auto="list-item-single-line" class="list-item-single-line"><span><span aria-hidden="true">Help</span><span class="visually-hidden">Help with the groceries website</span></span></span></a></li><li class="list-item"><a href="https://www.tesco.com/help/contact/" role="menuitem"><span class="list-item-icon list-item-icon-left icon-email-large"></span><span data-auto="list-item-single-line" class="list-item-single-line">Contact us</span></a></li></ul></div></div></div><a aria-controls="nav" class="overlay-close" href="https://www.tesco.com/groceries/en-GB/shop/food-cupboard/all#"><span class="visually-hidden">Close</span></a></div></nav></div></div><div class="footer-wrapper"><footer class="footer"><div class="footer__upper"><div class="footer__header"><div class="footer__logo-wrapper"><svg class="beans-dynamic-logo__logo beans-tesco-logo__svg" preserveAspectRatio="xMinYMax meet" viewBox="0 0 121 35" xmlns="http://www.w3.org/2000/svg"><title>Tesco Home</title><defs><path d="M.218 6.389h23.973V.366H.218v6.023z" id="tesco-logo-a"></path><path d="M.376 6.389h23.973V.366H.376z" id="tesco-logo-c"></path><path d="M.11 6.389h23.972V.366H.11v6.023z" id="tesco-logo-e"></path><path d="M.267 6.389H24.24V.366H.267v6.023z" id="tesco-logo-g"></path><path d="M0 6.389h23.973V.366H0v6.023z" id="tesco-logo-i"></path></defs><g fill="none" fill-rule="evenodd"><path d="M84.647 0c2.538 0 4.735.31 6.5.777v5.405c-1.734-1.77-3.776-2.889-6.47-2.889-4.92 0-8.201 3.449-8.201 8.047 0 4.598 3.28 8.046 8.202 8.046 2.693 0 4.735-1.118 6.469-2.889v5.406c-1.765.466-3.962.807-6.5.807-8.512 0-14.671-4.256-14.671-11.37 0-7.115 6.16-11.34 14.67-11.34zM60.474 8.823c4.24.59 7.768 2.082 7.768 6.71 0 5.438-5.138 7.177-10.678 7.147-3.869-.032-7.15-.404-9.564-1.368v-4.877c3.436 2.237 6.964 2.951 9.564 2.951 2.693 0 5.17-.652 5.17-2.702s-2.291-2.548-6.996-3.263C51.683 12.8 48 11.06 47.968 7.052 47.939 1.647 53.046 0 57.936 0c3.158 0 6.222.373 9.038 1.305v5.25c-2.352-2.081-5.85-3.262-9.285-3.262-2.322 0-4.52.746-4.52 2.486 0 2.174 3.25 2.485 7.306 3.044zM37.136 18.92c2.507 0 6.685-.59 8.326-2.05v5.343H27.665c.866-1.025 1.02-1.709 1.02-3.79V4.256c0-2.081-.154-2.765-1.02-3.79h16.868V5.81c-1.64-1.46-5.819-2.05-8.326-2.05h-1.98v5.778h1.454c1.424 0 3.621-.062 5.076-.59v4.287c-1.455-.528-3.652-.59-5.076-.59h-1.455v6.275h2.91zM.984.466h24.42V5.81c-1.733-1.46-5.416-2.05-9.346-2.05v14.57c0 2.175.185 2.765 1.021 3.883h-7.77c.837-1.118 1.022-1.709 1.022-3.883V3.76c-3.93 0-7.614.59-9.347 2.05V.466zM106.48 19.386c-4.426 0-7.304-3.666-7.304-8.046 0-4.412 2.878-8.047 7.305-8.047 4.425 0 7.304 3.635 7.304 8.047 0 4.38-2.879 8.046-7.304 8.046m0-19.386C97.69 0 92.676 5.126 92.676 11.34c0 6.182 5.014 11.34 13.805 11.34 8.79 0 13.804-5.158 13.804-11.34 0-6.214-5.014-11.34-13.804-11.34" fill="#666666"></path><g transform="translate(95.9 27.755)"><mask fill="#fff" id="tesco-logo-b"><use xlink:href="#tesco-logo-a"></use></mask><path d="M9.37.366h14.747a.08.08 0 0 1 .04.01l.004.001a.055.055 0 0 1 .01.008c.028.028.03.085-.013.126a.153.153 0 0 1-.037.025l-.026.012c-1.713.784-4.008 3.173-4.008 3.173-1.715 1.636-3.001 2.668-5.744 2.668H.283C.24 6.39.22 6.35.217 6.31c0 0 0 .002 0 0a.09.09 0 0 1 .03-.066.422.422 0 0 1 .044-.032C1.835 5.346 4.14 2.948 4.14 2.948 5.084 1.828 6.969.366 9.37.366" fill="#666666" mask="url(#tesco-logo-b)"></path></g><g transform="translate(71.713 27.755)"><mask fill="#fff" id="tesco-logo-d"><use xlink:href="#tesco-logo-c"></use></mask><path d="M9.527.366h14.748a.08.08 0 0 1 .04.01l.003.001a.055.055 0 0 1 .01.008c.029.028.031.085-.013.126a.153.153 0 0 1-.036.025l-.026.012c-1.714.784-4.008 3.173-4.008 3.173C18.529 5.357 17.244 6.39 14.5 6.39H.44c-.04 0-.062-.039-.064-.08 0 0 0 .002 0 0a.09.09 0 0 1 .03-.066.422.422 0 0 1 .044-.032c1.543-.865 3.847-3.263 3.847-3.263.944-1.12 2.83-2.582 5.23-2.582" fill="#666666" mask="url(#tesco-logo-d)"></path></g><g transform="translate(47.95 27.755)"><mask fill="#fff" id="tesco-logo-f"><use xlink:href="#tesco-logo-e"></use></mask><path d="M9.26.366h14.748a.08.08 0 0 1 .04.01l.004.001a.055.055 0 0 1 .01.008c.028.028.03.085-.013.126a.153.153 0 0 1-.036.025l-.027.012c-1.713.784-4.008 3.173-4.008 3.173-1.715 1.636-3.001 2.668-5.744 2.668H.174c-.042 0-.063-.039-.065-.08 0 0 0 .002 0 0a.09.09 0 0 1 .03-.066.471.471 0 0 1 .044-.032c1.543-.865 3.848-3.263 3.848-3.263C4.975 1.828 6.86.366 9.261.366" fill="#666666" mask="url(#tesco-logo-f)"></path></g><g transform="translate(23.763 27.755)"><mask fill="#fff" id="tesco-logo-h"><use xlink:href="#tesco-logo-g"></use></mask><path d="M9.418.366h14.747a.08.08 0 0 1 .04.01l.004.001a.055.055 0 0 1 .01.008c.029.028.031.085-.013.126a.153.153 0 0 1-.036.025l-.026.012c-1.714.784-4.008 3.173-4.008 3.173-1.716 1.636-3.002 2.668-5.745 2.668H.331c-.04 0-.062-.039-.064-.08 0 0 0 .002 0 0a.09.09 0 0 1 .03-.066.422.422 0 0 1 .044-.032c1.543-.865 3.847-3.263 3.847-3.263.944-1.12 2.83-2.582 5.23-2.582" fill="#666666" mask="url(#tesco-logo-h)"></path></g><g transform="translate(0 27.755)"><mask fill="#fff" id="tesco-logo-j"><use xlink:href="#tesco-logo-i"></use></mask><path d="M9.152.366h14.747a.08.08 0 0 1 .04.01l.004.001a.055.055 0 0 1 .01.008c.028.028.03.085-.013.126a.153.153 0 0 1-.036.025l-.027.012c-1.713.784-4.008 3.173-4.008 3.173-1.715 1.636-3.001 2.668-5.744 2.668H.065C.022 6.39.001 6.35 0 6.31c0 0 0 .002 0 0a.09.09 0 0 1 .03-.066.422.422 0 0 1 .044-.032c1.543-.865 3.848-3.263 3.848-3.263C4.866 1.828 6.75.366 9.152.366" fill="#666666" mask="url(#tesco-logo-j)"></path></g></g></svg></div></div><section class="footer-list footer-list--closed footer:here-to-help"><h4 class="footer-list__title">Here to help<span class="footer-list__chevron icon-chevron_down-gray"></span></h4><ul class="footer-list__list"><li class="footer-list-item"><a href="https://secure.tesco.com/account/en-GB/manage" class="footer-link" rel="noreferrer" title="Will open in a new tab or window"><span class="footer-link__text">My Account</span></a></li><li class="footer-list-item"><a href="https://www.tesco.com/groceries/en-GB/orders" class="footer-link" rel="noreferrer"><span class="footer-link__text">My Grocery Orders</span></a></li><li class="footer-list-item"><a href="https://www.tesco.com/groceries/en-GB/help/" class="footer-link" rel="noreferrer" title="Will open in a new tab or window"><span class="footer-link__text"><span><span aria-hidden="true">Help</span><span class="visually-hidden">Help with the groceries website</span></span></span></a></li><li class="footer-list-item"><a href="https://www.tesco.com/productrecall/" class="footer-link" rel="noreferrer" title="Will open in a new tab or window"><span class="footer-link__text">Product Recall</span></a></li><li class="footer-list-item"><a href="https://www.tesco.com/help/privacy-and-cookies/privacy-centre/" class="footer-link" rel="noreferrer" title="Will open in a new tab or window"><span class="footer-link__text">Privacy centre</span></a></li></ul></section><section class="footer-list footer-list--closed footer:about"><h4 class="footer-list__title">About<span class="footer-list__chevron icon-chevron_down-gray"></span></h4><ul class="footer-list__list"><li class="footer-list-item"><a href="https://www.tesco.com/help/accessibility/" class="footer-link" rel="noreferrer" title="Will open in a new tab or window"><span class="footer-link__text">Accessibility</span></a></li><li class="footer-list-item"><a href="https://www.tesco.com/help/site-map/" class="footer-link" rel="noreferrer" title="Will open in a new tab or window"><span class="footer-link__text">Sitemap</span></a></li><li class="footer-list-item"><a href="https://www.tesco.com/help/privacy-and-cookies/privacy-centre/privacy-policy-information/privacy-policy/" class="footer-link" rel="noreferrer" title="Will open in a new tab or window"><span class="footer-link__text">Privacy &amp; cookies policy</span></a></li><li class="footer-list-item"><a href="https://www.tesco.com/help/terms-and-conditions/" class="footer-link" rel="noreferrer" title="Will open in a new tab or window"><span class="footer-link__text">General terms &amp; conditions</span></a></li><li class="footer-list-item"><a href="https://www.tesco.com/help/terms-and-conditions/grocery/" class="footer-link" rel="noreferrer" title="Will open in a new tab or window"><span class="footer-link__text">Product terms &amp; conditions</span></a></li><li class="footer-list-item"><a href="https://www.tesco.com/help/terms-and-conditions/#coupons" class="footer-link" rel="noreferrer" title="Will open in a new tab or window"><span class="footer-link__text">Coupon terms &amp; conditions</span></a></li></ul></section><section class="footer-list footer-list--closed footer:ways-to-save"><h4 class="footer-list__title">Ways to save<span class="footer-list__chevron icon-chevron_down-gray"></span></h4><ul class="footer-list__list"><li class="footer-list-item"><a href="https://www.tesco.com/deliverysaver/?=&amp;icid=Grocerywebfooter_DeliverySaver" class="footer-link" rel="noreferrer" title="Will open in a new tab or window"><span class="footer-link__text">Delivery Saver</span></a></li><li class="footer-list-item"><a href="https://secure.tesco.com/clubcard/" class="footer-link" rel="noreferrer" title="Will open in a new tab or window"><span class="icon icon-link-blue footer-link__icon"></span><span class="footer-link__text">Clubcard</span></a></li><li class="footer-list-item"><a href="https://www.tesco.com/groceries/en-GB/zone/tesco-delivery" class="footer-link" rel="noreferrer" title="Will open in a new tab or window"><span class="footer-link__text">Click+Collect</span></a></li><li class="footer-list-item"><a href="https://www.tesco.com/groceries/en-gb/buylists/clubcard-prices/top-picks" class="footer-link" rel="noreferrer" title="Will open in a new tab or window"><span class="footer-link__text">Clubcard prices</span></a></li></ul></section><section class="footer-list footer-list--closed footer:contact-us"><h4 class="footer-list__title">Contact us<span class="footer-list__chevron icon-chevron_down-gray"></span></h4><ul class="footer-list__list"><li class="footer-list-item"><a href="https://www.tesco.com/" class="footer-link" rel="noreferrer" title="Will open in a new tab or window"><span class="icon icon-link-blue footer-link__icon"></span><span class="footer-link__text">Tesco.com</span></a></li><li class="footer-list-item"><a href="https://www.tesco.com/store-locator/uk/" class="footer-link" rel="noreferrer" title="Will open in a new tab or window"><span class="icon icon-storefinder-blue footer-link__icon"></span><span class="footer-link__text">Store locator</span></a></li><li class="footer-list-item"><a href="tel:08003234040" class="footer-link" rel="noreferrer" title="Will open in a new tab or window"><span class="icon icon-phone-blue footer-link__icon"></span><span class="footer-link__text">0800 323 4040</span></a></li><li class="footer-list-item"><a href="tel:03301234040" class="footer-link" rel="noreferrer" title="Will open in a new tab or window"><span class="icon icon-phone-blue footer-link__icon"></span><span class="footer-link__text">0330 123 4040</span></a></li><li class="footer-list-item display-only-in-js"><a href="https://www.tesco.com/groceries/en-GB/#!" class="footer-link" rel="noreferrer"><span class="icon icon-feedback-blue footer-link__icon"></span><span class="footer-link__text">Feedback</span></a></li></ul></section><div class="footer__centered"><div class="footer__tagline icon-strapline"></div><div class="footer__copyright">© Tesco.com 2022 All rights reserved</div></div></div><div class="footer__lower"><div class="footer-logo"><div class="footer-logo__payments-container"><div class="icon-list footer-logo__card-icons"><ul class="icon-list horizontal" title="Cards accepted: Visa, Mastercard, American Express"><li class="icon icon__card icon__card--visa"><span class="visually-hidden">Visa</span></li><li class="icon icon__card icon__card--mastercard"><span class="visually-hidden">Mastercard</span></li><li class="icon icon__card icon__card--american-express"><span class="visually-hidden">American Express</span></li></ul></div><div class="icon-list footer-logo__3ds-icons"><ul class="icon-list horizontal"><li class="icon icon__card icon__verified_by_visa" title="Verified By Visa"><span class="visually-hidden">Verified By Visa</span></li><li class="icon icon__card icon__mastercard_securecode" title="Mastercard SecureCode"><span class="visually-hidden">Mastercard Securecode</span></li><li class="icon icon__card icon__american_express_safekey" title="American Express Safekey"><span class="visually-hidden">American Express Safekey</span></li></ul></div></div></div></div></footer></div></div></div></div>
    <script type="application/json" data-dependencies="deferred">["\u002Fgroceries\u002Fweb-assets\u002Fregions\u002FUK-554ab7b42e.en-GB.js","\u002Fgroceries\u002Fweb-assets\u002Fstatic-vendor.bundle.07a529d39fa55b5a4b98.js","\u002Fgroceries\u002Fweb-assets\u002Fstatic-common.bundle.926c5e26d972ffce7b3f.js"]</script>
    <script type="application/json" data-dependencies="deferred">["\u002Fgroceries\u002Fweb-assets\u002Fstatic-home.bundle.a487dcec2e34f1f1438c.js"]</script>
    <script type="application/json" data-dependencies="late">["https:\u002F\u002Fwww.googletagmanager.com\u002Fgtm.js?id=GTM-MGZTXQJ","https:\u002F\u002Fpagead2.googlesyndication.com\u002Ftag\u002Fjs\u002Fgpt.js"]</script>
  
<script type="text/javascript" nonce="" src="./tesco_html_brand_food_cupboard_files/RQgdXzwB"></script><iframe src="./tesco_html_brand_food_cupboard_files/container.html" style="visibility: hidden; display: none;"></iframe>

<div>
    <link href="./tesco_html_brand_food_cupboard_files/UK-9c7463c43f.css" rel="stylesheet" type="text/css" media="all">
     <link href="./tesco_html_brand_food_cupboard_files/icons-5ce5faef11.css" rel="stylesheet" type="text/css" media="all">
  </div><script type="text/javascript" id="" src="./tesco_html_brand_food_cupboard_files/gtmScriptsExpFalse.js.download"></script></body></html>