<!DOCTYPE html>
<!-- saved from url=(0051)https://www.tesco.com/groceries/en-GB/shop/pets/all -->
<html class="js supports no-touchevents flexbox flexboxlegacy csstransforms csstransforms3d csstransitions no-ios8 no-ie" lang="en" data-base-static-url="/groceries/web-assets" style=""><head><meta http-equiv="Content-Type" content="text/html; charset=UTF-8">
    <meta name="sentry-trace" content="94e5a4a40dcd49d29da0d1553a3a5b3b">
    
    <meta http-equiv="X-UA-Compatible" content="IE=edge">
    <meta http-equiv="content-language" content="en-GB">
      <script type="text/javascript" src="./tesco_html_brand_petcare_files/NRBR-308508e60a7edd4c486"></script><script src="./tesco_html_brand_petcare_files/nr-spa-1216.min.js.download"></script><script type="text/javascript" nonce="">
  window.NREUM || (NREUM={});
  window.NREUM.init = {
    distributed_tracing: { enabled: true },
    privacy: { cookies_enabled: false },
    ajax: { deny_list: ["bam.nr-data.net"] }
  };
  window.NREUM.loader_config = {
    accountID: "3512954",
    trustKey: "3296235",
    agentID: "1134246125",
    licenseKey: "NRBR-308508e60a7edd4c486",
    applicationID: "1134246125",
  };
  window.NREUM.info = {
    beacon: "bam.nr-data.net",
    errorBeacon: "bam.nr-data.net",
    licenseKey: "NRBR-308508e60a7edd4c486",
    applicationID: "1134246125",
    sa: 1,
  };
  </script>
      <script type="text/javascript" nonce="">window.NREUM||(window.NREUM={}),window.__nr_require=function(t,e,n){function r(n){if(!e[n]){var o=e[n]={exports:{}};t[n][0].call(o.exports,function(e){var o=t[n][1][e];return r(o||e)},o,o.exports)}return e[n].exports}if("function"==typeof __nr_require)return __nr_require;for(var o=0;o<n.length;o++)r(n[o]);return r}({1:[function(t,e,n){function r(t){try{s.console&&console.log(t)}catch(e){}}var o,i=t("ee"),a=t(31),s={};try{o=localStorage.getItem("__nr_flags").split(","),console&&"function"==typeof console.log&&(s.console=!0,o.indexOf("dev")!==-1&&(s.dev=!0),o.indexOf("nr_dev")!==-1&&(s.nrDev=!0))}catch(c){}s.nrDev&&i.on("internal-error",function(t){r(t.stack)}),s.dev&&i.on("fn-err",function(t,e,n){r(n.stack)}),s.dev&&(r("NR AGENT IN DEVELOPMENT MODE"),r("flags: "+a(s,function(t,e){return t}).join(", ")))},{}],2:[function(t,e,n){function r(t,e,n,r,s){try{l?l-=1:o(s||new UncaughtException(t,e,n),!0)}catch(f){try{i("ierr",[f,c.now(),!0])}catch(d){}}return"function"==typeof u&&u.apply(this,a(arguments))}function UncaughtException(t,e,n){this.message=t||"Uncaught error with no additional information",this.sourceURL=e,this.line=n}function o(t,e){var n=e?null:c.now();i("err",[t,n])}var i=t("handle"),a=t(32),s=t("ee"),c=t("loader"),f=t("gos"),u=window.onerror,d=!1,p="nr@seenError";if(!c.disabled){var l=0;c.features.err=!0,t(1),window.onerror=r;try{throw new Error}catch(h){"stack"in h&&(t(14),t(13),"addEventListener"in window&&t(7),c.xhrWrappable&&t(15),d=!0)}s.on("fn-start",function(t,e,n){d&&(l+=1)}),s.on("fn-err",function(t,e,n){d&&!n[p]&&(f(n,p,function(){return!0}),this.thrown=!0,o(n))}),s.on("fn-end",function(){d&&!this.thrown&&l>0&&(l-=1)}),s.on("internal-error",function(t){i("ierr",[t,c.now(),!0])})}},{}],3:[function(t,e,n){var r=t("loader");r.disabled||(r.features.ins=!0)},{}],4:[function(t,e,n){function r(){U++,L=g.hash,this[u]=y.now()}function o(){U--,g.hash!==L&&i(0,!0);var t=y.now();this[h]=~~this[h]+t-this[u],this[d]=t}function i(t,e){E.emit("newURL",[""+g,e])}function a(t,e){t.on(e,function(){this[e]=y.now()})}var s="-start",c="-end",f="-body",u="fn"+s,d="fn"+c,p="cb"+s,l="cb"+c,h="jsTime",m="fetch",v="addEventListener",w=window,g=w.location,y=t("loader");if(w[v]&&y.xhrWrappable&&!y.disabled){var x=t(11),b=t(12),E=t(9),R=t(7),O=t(14),T=t(8),S=t(15),P=t(10),M=t("ee"),C=M.get("tracer"),N=t(23);t(17),y.features.spa=!0;var L,U=0;M.on(u,r),b.on(p,r),P.on(p,r),M.on(d,o),b.on(l,o),P.on(l,o),M.buffer([u,d,"xhr-resolved"]),R.buffer([u]),O.buffer(["setTimeout"+c,"clearTimeout"+s,u]),S.buffer([u,"new-xhr","send-xhr"+s]),T.buffer([m+s,m+"-done",m+f+s,m+f+c]),E.buffer(["newURL"]),x.buffer([u]),b.buffer(["propagate",p,l,"executor-err","resolve"+s]),C.buffer([u,"no-"+u]),P.buffer(["new-jsonp","cb-start","jsonp-error","jsonp-end"]),a(T,m+s),a(T,m+"-done"),a(P,"new-jsonp"),a(P,"jsonp-end"),a(P,"cb-start"),E.on("pushState-end",i),E.on("replaceState-end",i),w[v]("hashchange",i,N(!0)),w[v]("load",i,N(!0)),w[v]("popstate",function(){i(0,U>1)},N(!0))}},{}],5:[function(t,e,n){function r(){var t=new PerformanceObserver(function(t,e){var n=t.getEntries();s(v,[n])});try{t.observe({entryTypes:["resource"]})}catch(e){}}function o(t){if(s(v,[window.performance.getEntriesByType(w)]),window.performance["c"+p])try{window.performance[h](m,o,!1)}catch(t){}else try{window.performance[h]("webkit"+m,o,!1)}catch(t){}}function i(t){}if(window.performance&&window.performance.timing&&window.performance.getEntriesByType){var a=t("ee"),s=t("handle"),c=t(14),f=t(13),u=t(6),d=t(23),p="learResourceTimings",l="addEventListener",h="removeEventListener",m="resourcetimingbufferfull",v="bstResource",w="resource",g="-start",y="-end",x="fn"+g,b="fn"+y,E="bstTimer",R="pushState",O=t("loader");if(!O.disabled){O.features.stn=!0,t(9),"addEventListener"in window&&t(7);var T=NREUM.o.EV;a.on(x,function(t,e){var n=t[0];n instanceof T&&(this.bstStart=O.now())}),a.on(b,function(t,e){var n=t[0];n instanceof T&&s("bst",[n,e,this.bstStart,O.now()])}),c.on(x,function(t,e,n){this.bstStart=O.now(),this.bstType=n}),c.on(b,function(t,e){s(E,[e,this.bstStart,O.now(),this.bstType])}),f.on(x,function(){this.bstStart=O.now()}),f.on(b,function(t,e){s(E,[e,this.bstStart,O.now(),"requestAnimationFrame"])}),a.on(R+g,function(t){this.time=O.now(),this.startPath=location.pathname+location.hash}),a.on(R+y,function(t){s("bstHist",[location.pathname+location.hash,this.startPath,this.time])}),u()?(s(v,[window.performance.getEntriesByType("resource")]),r()):l in window.performance&&(window.performance["c"+p]?window.performance[l](m,o,d(!1)):window.performance[l]("webkit"+m,o,d(!1))),document[l]("scroll",i,d(!1)),document[l]("keypress",i,d(!1)),document[l]("click",i,d(!1))}}},{}],6:[function(t,e,n){e.exports=function(){return"PerformanceObserver"in window&&"function"==typeof window.PerformanceObserver}},{}],7:[function(t,e,n){function r(t){for(var e=t;e&&!e.hasOwnProperty(u);)e=Object.getPrototypeOf(e);e&&o(e)}function o(t){s.inPlace(t,[u,d],"-",i)}function i(t,e){return t[1]}var a=t("ee").get("events"),s=t("wrap-function")(a,!0),c=t("gos"),f=XMLHttpRequest,u="addEventListener",d="removeEventListener";e.exports=a,"getPrototypeOf"in Object?(r(document),r(window),r(f.prototype)):f.prototype.hasOwnProperty(u)&&(o(window),o(f.prototype)),a.on(u+"-start",function(t,e){var n=t[1];if(null!==n&&("function"==typeof n||"object"==typeof n)){var r=c(n,"nr@wrapped",function(){function t(){if("function"==typeof n.handleEvent)return n.handleEvent.apply(n,arguments)}var e={object:t,"function":n}[typeof n];return e?s(e,"fn-",null,e.name||"anonymous"):n});this.wrapped=t[1]=r}}),a.on(d+"-start",function(t){t[1]=this.wrapped||t[1]})},{}],8:[function(t,e,n){function r(t,e,n){var r=t[e];"function"==typeof r&&(t[e]=function(){var t=i(arguments),e={};o.emit(n+"before-start",[t],e);var a;e[m]&&e[m].dt&&(a=e[m].dt);var s=r.apply(this,t);return o.emit(n+"start",[t,a],s),s.then(function(t){return o.emit(n+"end",[null,t],s),t},function(t){throw o.emit(n+"end",[t],s),t})})}var o=t("ee").get("fetch"),i=t(32),a=t(31);e.exports=o;var s=window,c="fetch-",f=c+"body-",u=["arrayBuffer","blob","json","text","formData"],d=s.Request,p=s.Response,l=s.fetch,h="prototype",m="nr@context";d&&p&&l&&(a(u,function(t,e){r(d[h],e,f),r(p[h],e,f)}),r(s,"fetch",c),o.on(c+"end",function(t,e){var n=this;if(e){var r=e.headers.get("content-length");null!==r&&(n.rxSize=r),o.emit(c+"done",[null,e],n)}else o.emit(c+"done",[t],n)}))},{}],9:[function(t,e,n){var r=t("ee").get("history"),o=t("wrap-function")(r);e.exports=r;var i=window.history&&window.history.constructor&&window.history.constructor.prototype,a=window.history;i&&i.pushState&&i.replaceState&&(a=i),o.inPlace(a,["pushState","replaceState"],"-")},{}],10:[function(t,e,n){function r(t){function e(){f.emit("jsonp-end",[],l),t.removeEventListener("load",e,c(!1)),t.removeEventListener("error",n,c(!1))}function n(){f.emit("jsonp-error",[],l),f.emit("jsonp-end",[],l),t.removeEventListener("load",e,c(!1)),t.removeEventListener("error",n,c(!1))}var r=t&&"string"==typeof t.nodeName&&"script"===t.nodeName.toLowerCase();if(r){var o="function"==typeof t.addEventListener;if(o){var a=i(t.src);if(a){var d=s(a),p="function"==typeof d.parent[d.key];if(p){var l={};u.inPlace(d.parent,[d.key],"cb-",l),t.addEventListener("load",e,c(!1)),t.addEventListener("error",n,c(!1)),f.emit("new-jsonp",[t.src],l)}}}}}function o(){return"addEventListener"in window}function i(t){var e=t.match(d);return e?e[1]:null}function a(t,e){var n=t.match(l),r=n[1],o=n[3];return o?a(o,e[r]):e[r]}function s(t){var e=t.match(p);return e&&e.length>=3?{key:e[2],parent:a(e[1],window)}:{key:t,parent:window}}var c=t(23),f=t("ee").get("jsonp"),u=t("wrap-function")(f);if(e.exports=f,o()){var d=/[?&](?:callback|cb)=([^&#]+)/,p=/(.*)\.([^.]+)/,l=/^(\w+)(\.|$)(.*)$/,h=["appendChild","insertBefore","replaceChild"];Node&&Node.prototype&&Node.prototype.appendChild?u.inPlace(Node.prototype,h,"dom-"):(u.inPlace(HTMLElement.prototype,h,"dom-"),u.inPlace(HTMLHeadElement.prototype,h,"dom-"),u.inPlace(HTMLBodyElement.prototype,h,"dom-")),f.on("dom-start",function(t){r(t[0])})}},{}],11:[function(t,e,n){var r=t("ee").get("mutation"),o=t("wrap-function")(r),i=NREUM.o.MO;e.exports=r,i&&(window.MutationObserver=function(t){return this instanceof i?new i(o(t,"fn-")):i.apply(this,arguments)},MutationObserver.prototype=i.prototype)},{}],12:[function(t,e,n){function r(t){var e=i.context(),n=s(t,"executor-",e,null,!1),r=new f(n);return i.context(r).getCtx=function(){return e},r}var o=t("wrap-function"),i=t("ee").get("promise"),a=t("ee").getOrSetContext,s=o(i),c=t(31),f=NREUM.o.PR;e.exports=i,f&&(window.Promise=r,["all","race"].forEach(function(t){var e=f[t];f[t]=function(n){function r(t){return function(){i.emit("propagate",[null,!o],a,!1,!1),o=o||!t}}var o=!1;c(n,function(e,n){Promise.resolve(n).then(r("all"===t),r(!1))});var a=e.apply(f,arguments),s=f.resolve(a);return s}}),["resolve","reject"].forEach(function(t){var e=f[t];f[t]=function(t){var n=e.apply(f,arguments);return t!==n&&i.emit("propagate",[t,!0],n,!1,!1),n}}),f.prototype["catch"]=function(t){return this.then(null,t)},f.prototype=Object.create(f.prototype,{constructor:{value:r}}),c(Object.getOwnPropertyNames(f),function(t,e){try{r[e]=f[e]}catch(n){}}),o.wrapInPlace(f.prototype,"then",function(t){return function(){var e=this,n=o.argsToArray.apply(this,arguments),r=a(e);r.promise=e,n[0]=s(n[0],"cb-",r,null,!1),n[1]=s(n[1],"cb-",r,null,!1);var c=t.apply(this,n);return r.nextPromise=c,i.emit("propagate",[e,!0],c,!1,!1),c}}),i.on("executor-start",function(t){t[0]=s(t[0],"resolve-",this,null,!1),t[1]=s(t[1],"resolve-",this,null,!1)}),i.on("executor-err",function(t,e,n){t[1](n)}),i.on("cb-end",function(t,e,n){i.emit("propagate",[n,!0],this.nextPromise,!1,!1)}),i.on("propagate",function(t,e,n){this.getCtx&&!e||(this.getCtx=function(){if(t instanceof Promise)var e=i.context(t);return e&&e.getCtx?e.getCtx():this})}),r.toString=function(){return""+f})},{}],13:[function(t,e,n){var r=t("ee").get("raf"),o=t("wrap-function")(r),i="equestAnimationFrame";e.exports=r,o.inPlace(window,["r"+i,"mozR"+i,"webkitR"+i,"msR"+i],"raf-"),r.on("raf-start",function(t){t[0]=o(t[0],"fn-")})},{}],14:[function(t,e,n){function r(t,e,n){t[0]=a(t[0],"fn-",null,n)}function o(t,e,n){this.method=n,this.timerDuration=isNaN(t[1])?0:+t[1],t[0]=a(t[0],"fn-",this,n)}var i=t("ee").get("timer"),a=t("wrap-function")(i),s="setTimeout",c="setInterval",f="clearTimeout",u="-start",d="-";e.exports=i,a.inPlace(window,[s,"setImmediate"],s+d),a.inPlace(window,[c],c+d),a.inPlace(window,[f,"clearImmediate"],f+d),i.on(c+u,r),i.on(s+u,o)},{}],15:[function(t,e,n){function r(t,e){d.inPlace(e,["onreadystatechange"],"fn-",s)}function o(){var t=this,e=u.context(t);t.readyState>3&&!e.resolved&&(e.resolved=!0,u.emit("xhr-resolved",[],t)),d.inPlace(t,y,"fn-",s)}function i(t){x.push(t),m&&(E?E.then(a):w?w(a):(R=-R,O.data=R))}function a(){for(var t=0;t<x.length;t++)r([],x[t]);x.length&&(x=[])}function s(t,e){return e}function c(t,e){for(var n in t)e[n]=t[n];return e}t(7);var f=t("ee"),u=f.get("xhr"),d=t("wrap-function")(u),p=t(23),l=NREUM.o,h=l.XHR,m=l.MO,v=l.PR,w=l.SI,g="readystatechange",y=["onload","onerror","onabort","onloadstart","onloadend","onprogress","ontimeout"],x=[];e.exports=u;var b=window.XMLHttpRequest=function(t){var e=new h(t);try{u.emit("new-xhr",[e],e),e.addEventListener(g,o,p(!1))}catch(n){try{u.emit("internal-error",[n])}catch(r){}}return e};if(c(h,b),b.prototype=h.prototype,d.inPlace(b.prototype,["open","send"],"-xhr-",s),u.on("send-xhr-start",function(t,e){r(t,e),i(e)}),u.on("open-xhr-start",r),m){var E=v&&v.resolve();if(!w&&!v){var R=1,O=document.createTextNode(R);new m(a).observe(O,{characterData:!0})}}else f.on("fn-end",function(t){t[0]&&t[0].type===g||a()})},{}],16:[function(t,e,n){function r(t){if(!s(t))return null;var e=window.NREUM;if(!e.loader_config)return null;var n=(e.loader_config.accountID||"").toString()||null,r=(e.loader_config.agentID||"").toString()||null,f=(e.loader_config.trustKey||"").toString()||null;if(!n||!r)return null;var h=l.generateSpanId(),m=l.generateTraceId(),v=Date.now(),w={spanId:h,traceId:m,timestamp:v};return(t.sameOrigin||c(t)&&p())&&(w.traceContextParentHeader=o(h,m),w.traceContextStateHeader=i(h,v,n,r,f)),(t.sameOrigin&&!u()||!t.sameOrigin&&c(t)&&d())&&(w.newrelicHeader=a(h,m,v,n,r,f)),w}function o(t,e){return"00-"+e+"-"+t+"-01"}function i(t,e,n,r,o){var i=0,a="",s=1,c="",f="";return o+"@nr="+i+"-"+s+"-"+n+"-"+r+"-"+t+"-"+a+"-"+c+"-"+f+"-"+e}function a(t,e,n,r,o,i){var a="btoa"in window&&"function"==typeof window.btoa;if(!a)return null;var s={v:[0,1],d:{ty:"Browser",ac:r,ap:o,id:t,tr:e,ti:n}};return i&&r!==i&&(s.d.tk=i),btoa(JSON.stringify(s))}function s(t){return f()&&c(t)}function c(t){var e=!1,n={};if("init"in NREUM&&"distributed_tracing"in NREUM.init&&(n=NREUM.init.distributed_tracing),t.sameOrigin)e=!0;else if(n.allowed_origins instanceof Array)for(var r=0;r<n.allowed_origins.length;r++){var o=h(n.allowed_origins[r]);if(t.hostname===o.hostname&&t.protocol===o.protocol&&t.port===o.port){e=!0;break}}return e}function f(){return"init"in NREUM&&"distributed_tracing"in NREUM.init&&!!NREUM.init.distributed_tracing.enabled}function u(){return"init"in NREUM&&"distributed_tracing"in NREUM.init&&!!NREUM.init.distributed_tracing.exclude_newrelic_header}function d(){return"init"in NREUM&&"distributed_tracing"in NREUM.init&&NREUM.init.distributed_tracing.cors_use_newrelic_header!==!1}function p(){return"init"in NREUM&&"distributed_tracing"in NREUM.init&&!!NREUM.init.distributed_tracing.cors_use_tracecontext_headers}var l=t(28),h=t(18);e.exports={generateTracePayload:r,shouldGenerateTrace:s}},{}],17:[function(t,e,n){function r(t){var e=this.params,n=this.metrics;if(!this.ended){this.ended=!0;for(var r=0;r<p;r++)t.removeEventListener(d[r],this.listener,!1);return e.protocol&&"data"===e.protocol?void g("Ajax/DataUrl/Excluded"):void(e.aborted||(n.duration=a.now()-this.startTime,this.loadCaptureCalled||4!==t.readyState?null==e.status&&(e.status=0):i(this,t),n.cbTime=this.cbTime,s("xhr",[e,n,this.startTime,this.endTime,"xhr"],this)))}}function o(t,e){var n=c(e),r=t.params;r.hostname=n.hostname,r.port=n.port,r.protocol=n.protocol,r.host=n.hostname+":"+n.port,r.pathname=n.pathname,t.parsedOrigin=n,t.sameOrigin=n.sameOrigin}function i(t,e){t.params.status=e.status;var n=v(e,t.lastSize);if(n&&(t.metrics.rxSize=n),t.sameOrigin){var r=e.getResponseHeader("X-NewRelic-App-Data");r&&(t.params.cat=r.split(", ").pop())}t.loadCaptureCalled=!0}var a=t("loader");if(a.xhrWrappable&&!a.disabled){var s=t("handle"),c=t(18),f=t(16).generateTracePayload,u=t("ee"),d=["load","error","abort","timeout"],p=d.length,l=t("id"),h=t(24),m=t(22),v=t(19),w=t(23),g=t(25).recordSupportability,y=NREUM.o.REQ,x=window.XMLHttpRequest;a.features.xhr=!0,t(15),t(8),u.on("new-xhr",function(t){var e=this;e.totalCbs=0,e.called=0,e.cbTime=0,e.end=r,e.ended=!1,e.xhrGuids={},e.lastSize=null,e.loadCaptureCalled=!1,e.params=this.params||{},e.metrics=this.metrics||{},t.addEventListener("load",function(n){i(e,t)},w(!1)),h&&(h>34||h<10)||t.addEventListener("progress",function(t){e.lastSize=t.loaded},w(!1))}),u.on("open-xhr-start",function(t){this.params={method:t[0]},o(this,t[1]),this.metrics={}}),u.on("open-xhr-end",function(t,e){"loader_config"in NREUM&&"xpid"in NREUM.loader_config&&this.sameOrigin&&e.setRequestHeader("X-NewRelic-ID",NREUM.loader_config.xpid);var n=f(this.parsedOrigin);if(n){var r=!1;n.newrelicHeader&&(e.setRequestHeader("newrelic",n.newrelicHeader),r=!0),n.traceContextParentHeader&&(e.setRequestHeader("traceparent",n.traceContextParentHeader),n.traceContextStateHeader&&e.setRequestHeader("tracestate",n.traceContextStateHeader),r=!0),r&&(this.dt=n)}}),u.on("send-xhr-start",function(t,e){var n=this.metrics,r=t[0],o=this;if(n&&r){var i=m(r);i&&(n.txSize=i)}this.startTime=a.now(),this.listener=function(t){try{"abort"!==t.type||o.loadCaptureCalled||(o.params.aborted=!0),("load"!==t.type||o.called===o.totalCbs&&(o.onloadCalled||"function"!=typeof e.onload))&&o.end(e)}catch(n){try{u.emit("internal-error",[n])}catch(r){}}};for(var s=0;s<p;s++)e.addEventListener(d[s],this.listener,w(!1))}),u.on("xhr-cb-time",function(t,e,n){this.cbTime+=t,e?this.onloadCalled=!0:this.called+=1,this.called!==this.totalCbs||!this.onloadCalled&&"function"==typeof n.onload||this.end(n)}),u.on("xhr-load-added",function(t,e){var n=""+l(t)+!!e;this.xhrGuids&&!this.xhrGuids[n]&&(this.xhrGuids[n]=!0,this.totalCbs+=1)}),u.on("xhr-load-removed",function(t,e){var n=""+l(t)+!!e;this.xhrGuids&&this.xhrGuids[n]&&(delete this.xhrGuids[n],this.totalCbs-=1)}),u.on("xhr-resolved",function(){this.endTime=a.now()}),u.on("addEventListener-end",function(t,e){e instanceof x&&"load"===t[0]&&u.emit("xhr-load-added",[t[1],t[2]],e)}),u.on("removeEventListener-end",function(t,e){e instanceof x&&"load"===t[0]&&u.emit("xhr-load-removed",[t[1],t[2]],e)}),u.on("fn-start",function(t,e,n){e instanceof x&&("onload"===n&&(this.onload=!0),("load"===(t[0]&&t[0].type)||this.onload)&&(this.xhrCbStart=a.now()))}),u.on("fn-end",function(t,e){this.xhrCbStart&&u.emit("xhr-cb-time",[a.now()-this.xhrCbStart,this.onload,e],e)}),u.on("fetch-before-start",function(t){function e(t,e){var n=!1;return e.newrelicHeader&&(t.set("newrelic",e.newrelicHeader),n=!0),e.traceContextParentHeader&&(t.set("traceparent",e.traceContextParentHeader),e.traceContextStateHeader&&t.set("tracestate",e.traceContextStateHeader),n=!0),n}var n,r=t[1]||{};"string"==typeof t[0]?n=t[0]:t[0]&&t[0].url?n=t[0].url:window.URL&&t[0]&&t[0]instanceof URL&&(n=t[0].href),n&&(this.parsedOrigin=c(n),this.sameOrigin=this.parsedOrigin.sameOrigin);var o=f(this.parsedOrigin);if(o&&(o.newrelicHeader||o.traceContextParentHeader))if("string"==typeof t[0]||window.URL&&t[0]&&t[0]instanceof URL){var i={};for(var a in r)i[a]=r[a];i.headers=new Headers(r.headers||{}),e(i.headers,o)&&(this.dt=o),t.length>1?t[1]=i:t.push(i)}else t[0]&&t[0].headers&&e(t[0].headers,o)&&(this.dt=o)}),u.on("fetch-start",function(t,e){this.params={},this.metrics={},this.startTime=a.now(),this.dt=e,t.length>=1&&(this.target=t[0]),t.length>=2&&(this.opts=t[1]);var n,r=this.opts||{},i=this.target;if("string"==typeof i?n=i:"object"==typeof i&&i instanceof y?n=i.url:window.URL&&"object"==typeof i&&i instanceof URL&&(n=i.href),o(this,n),"data"!==this.params.protocol){var s=(""+(i&&i instanceof y&&i.method||r.method||"GET")).toUpperCase();this.params.method=s,this.txSize=m(r.body)||0}}),u.on("fetch-done",function(t,e){if(this.endTime=a.now(),this.params||(this.params={}),"data"===this.params.protocol)return void g("Ajax/DataUrl/Excluded");this.params.status=e?e.status:0;var n;"string"==typeof this.rxSize&&this.rxSize.length>0&&(n=+this.rxSize);var r={txSize:this.txSize,rxSize:n,duration:a.now()-this.startTime};s("xhr",[this.params,r,this.startTime,this.endTime,"fetch"],this)})}},{}],18:[function(t,e,n){var r={};e.exports=function(t){if(t in r)return r[t];if(0===(t||"").indexOf("data:"))return{protocol:"data"};var e=document.createElement("a"),n=window.location,o={};e.href=t,o.port=e.port;var i=e.href.split("://");!o.port&&i[1]&&(o.port=i[1].split("/")[0].split("@").pop().split(":")[1]),o.port&&"0"!==o.port||(o.port="https"===i[0]?"443":"80"),o.hostname=e.hostname||n.hostname,o.pathname=e.pathname,o.protocol=i[0],"/"!==o.pathname.charAt(0)&&(o.pathname="/"+o.pathname);var a=!e.protocol||":"===e.protocol||e.protocol===n.protocol,s=e.hostname===document.domain&&e.port===n.port;return o.sameOrigin=a&&(!e.hostname||s),"/"===o.pathname&&(r[t]=o),o}},{}],19:[function(t,e,n){function r(t,e){var n=t.responseType;return"json"===n&&null!==e?e:"arraybuffer"===n||"blob"===n||"json"===n?o(t.response):"text"===n||""===n||void 0===n?o(t.responseText):void 0}var o=t(22);e.exports=r},{}],20:[function(t,e,n){function r(){}function o(t,e,n,r){return function(){return u.recordSupportability("API/"+e+"/called"),i(t+e,[f.now()].concat(s(arguments)),n?null:this,r),n?void 0:this}}var i=t("handle"),a=t(31),s=t(32),c=t("ee").get("tracer"),f=t("loader"),u=t(25),d=NREUM;"undefined"==typeof window.newrelic&&(window.newrelic=d);var p=["setPageViewName","setCustomAttribute","setErrorHandler","finished","addToTrace","inlineHit","addRelease"],l="api-",h=l+"ixn-";a(p,function(t,e){d[e]=o(l,e,!0,"api")}),d.addPageAction=o(l,"addPageAction",!0),d.setCurrentRouteName=o(l,"routeName",!0),e.exports=newrelic,d.interaction=function(){return(new r).get()};var m=r.prototype={createTracer:function(t,e){var n={},r=this,o="function"==typeof e;return i(h+"tracer",[f.now(),t,n],r),function(){if(c.emit((o?"":"no-")+"fn-start",[f.now(),r,o],n),o)try{return e.apply(this,arguments)}catch(t){throw c.emit("fn-err",[arguments,this,t],n),t}finally{c.emit("fn-end",[f.now()],n)}}}};a("actionText,setName,setAttribute,save,ignore,onEnd,getContext,end,get".split(","),function(t,e){m[e]=o(h,e)}),newrelic.noticeError=function(t,e){"string"==typeof t&&(t=new Error(t)),u.recordSupportability("API/noticeError/called"),i("err",[t,f.now(),!1,e])}},{}],21:[function(t,e,n){function r(t){if(NREUM.init){for(var e=NREUM.init,n=t.split("."),r=0;r<n.length-1;r++)if(e=e[n[r]],"object"!=typeof e)return;return e=e[n[n.length-1]]}}e.exports={getConfiguration:r}},{}],22:[function(t,e,n){e.exports=function(t){if("string"==typeof t&&t.length)return t.length;if("object"==typeof t){if("undefined"!=typeof ArrayBuffer&&t instanceof ArrayBuffer&&t.byteLength)return t.byteLength;if("undefined"!=typeof Blob&&t instanceof Blob&&t.size)return t.size;if(!("undefined"!=typeof FormData&&t instanceof FormData))try{return JSON.stringify(t).length}catch(e){return}}}},{}],23:[function(t,e,n){var r=!1;try{var o=Object.defineProperty({},"passive",{get:function(){r=!0}});window.addEventListener("testPassive",null,o),window.removeEventListener("testPassive",null,o)}catch(i){}e.exports=function(t){return r?{passive:!0,capture:!!t}:!!t}},{}],24:[function(t,e,n){var r=0,o=navigator.userAgent.match(/Firefox[\/\s](\d+\.\d+)/);o&&(r=+o[1]),e.exports=r},{}],25:[function(t,e,n){function r(t,e){var n=[a,t,{name:t},e];return i("storeMetric",n,null,"api"),n}function o(t,e){var n=[s,t,{name:t},e];return i("storeEventMetrics",n,null,"api"),n}var i=t("handle"),a="sm",s="cm";e.exports={constants:{SUPPORTABILITY_METRIC:a,CUSTOM_METRIC:s},recordSupportability:r,recordCustom:o}},{}],26:[function(t,e,n){function r(){return s.exists&&performance.now?Math.round(performance.now()):(i=Math.max((new Date).getTime(),i))-a}function o(){return i}var i=(new Date).getTime(),a=i,s=t(33);e.exports=r,e.exports.offset=a,e.exports.getLastTimestamp=o},{}],27:[function(t,e,n){function r(t,e){var n=t.getEntries();n.forEach(function(t){"first-paint"===t.name?l("timing",["fp",Math.floor(t.startTime)]):"first-contentful-paint"===t.name&&l("timing",["fcp",Math.floor(t.startTime)])})}function o(t,e){var n=t.getEntries();if(n.length>0){var r=n[n.length-1];if(f&&f<r.startTime)return;var o=[r],i=a({});i&&o.push(i),l("lcp",o)}}function i(t){t.getEntries().forEach(function(t){t.hadRecentInput||l("cls",[t])})}function a(t){var e=navigator.connection||navigator.mozConnection||navigator.webkitConnection;if(e)return e.type&&(t["net-type"]=e.type),e.effectiveType&&(t["net-etype"]=e.effectiveType),e.rtt&&(t["net-rtt"]=e.rtt),e.downlink&&(t["net-dlink"]=e.downlink),t}function s(t){if(t instanceof w&&!y){var e=Math.round(t.timeStamp),n={type:t.type};a(n),e<=h.now()?n.fid=h.now()-e:e>h.offset&&e<=Date.now()?(e-=h.offset,n.fid=h.now()-e):e=h.now(),y=!0,l("timing",["fi",e,n])}}function c(t){"hidden"===t&&(f=h.now(),l("pageHide",[f]))}if(!("init"in NREUM&&"page_view_timing"in NREUM.init&&"enabled"in NREUM.init.page_view_timing&&NREUM.init.page_view_timing.enabled===!1)){var f,u,d,p,l=t("handle"),h=t("loader"),m=t(30),v=t(23),w=NREUM.o.EV;if("PerformanceObserver"in window&&"function"==typeof window.PerformanceObserver){u=new PerformanceObserver(r);try{u.observe({entryTypes:["paint"]})}catch(g){}d=new PerformanceObserver(o);try{d.observe({entryTypes:["largest-contentful-paint"]})}catch(g){}p=new PerformanceObserver(i);try{p.observe({type:"layout-shift",buffered:!0})}catch(g){}}if("addEventListener"in document){var y=!1,x=["click","keydown","mousedown","pointerdown","touchstart"];x.forEach(function(t){document.addEventListener(t,s,v(!1))})}m(c)}},{}],28:[function(t,e,n){function r(){function t(){return e?15&e[n++]:16*Math.random()|0}var e=null,n=0,r=window.crypto||window.msCrypto;r&&r.getRandomValues&&(e=r.getRandomValues(new Uint8Array(31)));for(var o,i="xxxxxxxx-xxxx-4xxx-yxxx-xxxxxxxxxxxx",a="",s=0;s<i.length;s++)o=i[s],"x"===o?a+=t().toString(16):"y"===o?(o=3&t()|8,a+=o.toString(16)):a+=o;return a}function o(){return a(16)}function i(){return a(32)}function a(t){function e(){return n?15&n[r++]:16*Math.random()|0}var n=null,r=0,o=window.crypto||window.msCrypto;o&&o.getRandomValues&&Uint8Array&&(n=o.getRandomValues(new Uint8Array(t)));for(var i=[],a=0;a<t;a++)i.push(e().toString(16));return i.join("")}e.exports={generateUuid:r,generateSpanId:o,generateTraceId:i}},{}],29:[function(t,e,n){function r(t,e){if(!o)return!1;if(t!==o)return!1;if(!e)return!0;if(!i)return!1;for(var n=i.split("."),r=e.split("."),a=0;a<r.length;a++)if(r[a]!==n[a])return!1;return!0}var o=null,i=null,a=/Version\/(\S+)\s+Safari/;if(navigator.userAgent){var s=navigator.userAgent,c=s.match(a);c&&s.indexOf("Chrome")===-1&&s.indexOf("Chromium")===-1&&(o="Safari",i=c[1])}e.exports={agent:o,version:i,match:r}},{}],30:[function(t,e,n){function r(t){function e(){t(s&&document[s]?document[s]:document[i]?"hidden":"visible")}"addEventListener"in document&&a&&document.addEventListener(a,e,o(!1))}var o=t(23);e.exports=r;var i,a,s;"undefined"!=typeof document.hidden?(i="hidden",a="visibilitychange",s="visibilityState"):"undefined"!=typeof document.msHidden?(i="msHidden",a="msvisibilitychange"):"undefined"!=typeof document.webkitHidden&&(i="webkitHidden",a="webkitvisibilitychange",s="webkitVisibilityState")},{}],31:[function(t,e,n){function r(t,e){var n=[],r="",i=0;for(r in t)o.call(t,r)&&(n[i]=e(r,t[r]),i+=1);return n}var o=Object.prototype.hasOwnProperty;e.exports=r},{}],32:[function(t,e,n){function r(t,e,n){e||(e=0),"undefined"==typeof n&&(n=t?t.length:0);for(var r=-1,o=n-e||0,i=Array(o<0?0:o);++r<o;)i[r]=t[e+r];return i}e.exports=r},{}],33:[function(t,e,n){e.exports={exists:"undefined"!=typeof window.performance&&window.performance.timing&&"undefined"!=typeof window.performance.timing.navigationStart}},{}],ee:[function(t,e,n){function r(){}function o(t){function e(t){return t&&t instanceof r?t:t?f(t,c,a):a()}function n(n,r,o,i,a){if(a!==!1&&(a=!0),!l.aborted||i){t&&a&&t(n,r,o);for(var s=e(o),c=m(n),f=c.length,u=0;u<f;u++)c[u].apply(s,r);var p=d[y[n]];return p&&p.push([x,n,r,s]),s}}function i(t,e){g[t]=m(t).concat(e)}function h(t,e){var n=g[t];if(n)for(var r=0;r<n.length;r++)n[r]===e&&n.splice(r,1)}function m(t){return g[t]||[]}function v(t){return p[t]=p[t]||o(n)}function w(t,e){l.aborted||u(t,function(t,n){e=e||"feature",y[n]=e,e in d||(d[e]=[])})}var g={},y={},x={on:i,addEventListener:i,removeEventListener:h,emit:n,get:v,listeners:m,context:e,buffer:w,abort:s,aborted:!1};return x}function i(t){return f(t,c,a)}function a(){return new r}function s(){(d.api||d.feature)&&(l.aborted=!0,d=l.backlog={})}var c="nr@context",f=t("gos"),u=t(31),d={},p={},l=e.exports=o();e.exports.getOrSetContext=i,l.backlog=d},{}],gos:[function(t,e,n){function r(t,e,n){if(o.call(t,e))return t[e];var r=n();if(Object.defineProperty&&Object.keys)try{return Object.defineProperty(t,e,{value:r,writable:!0,enumerable:!1}),r}catch(i){}return t[e]=r,r}var o=Object.prototype.hasOwnProperty;e.exports=r},{}],handle:[function(t,e,n){function r(t,e,n,r){o.buffer([t],r),o.emit(t,e,n)}var o=t("ee").get("handle");e.exports=r,r.ee=o},{}],id:[function(t,e,n){function r(t){var e=typeof t;return!t||"object"!==e&&"function"!==e?-1:t===window?0:a(t,i,function(){return o++})}var o=1,i="nr@id",a=t("gos");e.exports=r},{}],loader:[function(t,e,n){function r(){if(!T++){var t=O.info=NREUM.info,e=m.getElementsByTagName("script")[0];if(setTimeout(f.abort,3e4),!(t&&t.licenseKey&&t.applicationID&&e))return f.abort();c(E,function(e,n){t[e]||(t[e]=n)});var n=a();s("mark",["onload",n+O.offset],null,"api"),s("timing",["load",n]);var r=m.createElement("script");0===t.agent.indexOf("http://")||0===t.agent.indexOf("https://")?r.src=t.agent:r.src=l+"://"+t.agent,e.parentNode.insertBefore(r,e)}}function o(){"complete"===m.readyState&&i()}function i(){s("mark",["domContent",a()+O.offset],null,"api")}var a=t(26),s=t("handle"),c=t(31),f=t("ee"),u=t(29),d=t(21),p=t(23),l=d.getConfiguration("ssl")===!1?"http":"https",h=window,m=h.document,v="addEventListener",w="attachEvent",g=h.XMLHttpRequest,y=g&&g.prototype,x=!1;NREUM.o={ST:setTimeout,SI:h.setImmediate,CT:clearTimeout,XHR:g,REQ:h.Request,EV:h.Event,PR:h.Promise,MO:h.MutationObserver};var b=""+location,E={beacon:"bam.nr-data.net",errorBeacon:"bam.nr-data.net",agent:"js-agent.newrelic.com/nr-spa-1216.min.js"},R=g&&y&&y[v]&&!/CriOS/.test(navigator.userAgent),O=e.exports={offset:a.getLastTimestamp(),now:a,origin:b,features:{},xhrWrappable:R,userAgent:u,disabled:x};if(!x){t(20),t(27),m[v]?(m[v]("DOMContentLoaded",i,p(!1)),h[v]("load",r,p(!1))):(m[w]("onreadystatechange",o),h[w]("onload",r)),s("mark",["firstbyte",a.getLastTimestamp()],null,"api");var T=0}},{}],"wrap-function":[function(t,e,n){function r(t,e){function n(e,n,r,c,f){function nrWrapper(){var i,a,u,p;try{a=this,i=d(arguments),u="function"==typeof r?r(i,a):r||{}}catch(l){o([l,"",[i,a,c],u],t)}s(n+"start",[i,a,c],u,f);try{return p=e.apply(a,i)}catch(h){throw s(n+"err",[i,a,h],u,f),h}finally{s(n+"end",[i,a,p],u,f)}}return a(e)?e:(n||(n=""),nrWrapper[p]=e,i(e,nrWrapper,t),nrWrapper)}function r(t,e,r,o,i){r||(r="");var s,c,f,u="-"===r.charAt(0);for(f=0;f<e.length;f++)c=e[f],s=t[c],a(s)||(t[c]=n(s,u?c+r:r,o,c,i))}function s(n,r,i,a){if(!h||e){var s=h;h=!0;try{t.emit(n,r,i,e,a)}catch(c){o([c,n,r,i],t)}h=s}}return t||(t=u),n.inPlace=r,n.flag=p,n}function o(t,e){e||(e=u);try{e.emit("internal-error",t)}catch(n){}}function i(t,e,n){if(Object.defineProperty&&Object.keys)try{var r=Object.keys(t);return r.forEach(function(n){Object.defineProperty(e,n,{get:function(){return t[n]},set:function(e){return t[n]=e,e}})}),e}catch(i){o([i],n)}for(var a in t)l.call(t,a)&&(e[a]=t[a]);return e}function a(t){return!(t&&t instanceof Function&&t.apply&&!t[p])}function s(t,e){var n=e(t);return n[p]=t,i(t,n,u),n}function c(t,e,n){var r=t[e];t[e]=s(r,n)}function f(){for(var t=arguments.length,e=new Array(t),n=0;n<t;++n)e[n]=arguments[n];return e}var u=t("ee"),d=t(32),p="nr@original",l=Object.prototype.hasOwnProperty,h=!1;e.exports=r,e.exports.wrapFunction=s,e.exports.wrapInPlace=c,e.exports.argsToArray=f},{}]},{},["loader",2,17,5,3,4]);</script>
      <meta name="viewport" content="width=device-width, initial-scale=1.0">
    <meta name="HandheldFriendly" content="True">
      <link rel="canonical" href="https://www.tesco.com/groceries/en-GB/shop/pets">
    <title>Pet Food &amp; Accessories - Tesco Groceries</title>
      <meta name="description" content="Get quality Pet Food &amp; Accessories at Tesco. Buy in store or online &amp; earn Clubcard points. Explore our great range of Pet Food &amp; Accessories here.">
      <meta name="robots" content="index">
    <link rel="apple-touch-icon" href="https://www.tesco.com/groceries/web-assets/touch-icons/tesco/apple-touch-icon-a0b98856c2.png">
    <link rel="apple-touch-icon" sizes="76x76" href="https://www.tesco.com/groceries/web-assets/touch-icons/tesco/apple-touch-icon-76x76-6a0a051e9b.png">
    <link rel="apple-touch-icon" sizes="120x120" href="https://www.tesco.com/groceries/web-assets/touch-icons/tesco/apple-touch-icon-120x120-067b01d70a.png">
    <link rel="apple-touch-icon" sizes="152x152" href="https://www.tesco.com/groceries/web-assets/touch-icons/tesco/apple-touch-icon-152x152-ec8cd92916.png">
    <link rel="apple-touch-icon" sizes="180x180" href="https://www.tesco.com/groceries/web-assets/touch-icons/tesco/apple-touch-icon-180x180-102f6d85ce.png">
    <link rel="apple-touch-icon" sizes="192x192" href="https://www.tesco.com/groceries/web-assets/touch-icons/tesco/apple-touch-icon-192x192-e354b2aa0f.png">
    <link id="favicon" rel="shortcut icon" type="image/png" href="https://www.tesco.com/groceries/web-assets/touch-icons/tesco/favicon-9636e8991a.png">
    <!--[if gt IE 9]><!-->
      <link href="./tesco_html_brand_petcare_files/UK-c73a126b71.css" rel="stylesheet" type="text/css" media="all">
    <!--<![endif]-->
      <link rel="preconnect" href="https://img.tesco.com/">
      <link rel="preconnect" href="https://digitalcontent.api.tesco.com/">
      <script type="application/ld+json">[{"@context":"http://schema.org","@type":"Corporation","url":"https://www.tesco.com/groceries","contactPoint":[{"@type":"ContactPoint","telephone":"+44-0800 323 4040","areaServed":"UK","contactType":"customer service","availableLanguage":"English","contactOption":"TollFree"}]},{"@context":"http://schema.org","@type":"WebSite","url":"https://www.tesco.com/groceries","name":"Tesco Groceries"},{"@context":"http://schema.org/","@type":"ItemList","itemListElement":[{"@type":"ListItem","position":1,"url":"https://www.tesco.com/groceries/en-GB/products/260814123"},{"@type":"ListItem","position":2,"url":"https://www.tesco.com/groceries/en-GB/products/254960689"},{"@type":"ListItem","position":3,"url":"https://www.tesco.com/groceries/en-GB/products/308462959"},{"@type":"ListItem","position":4,"url":"https://www.tesco.com/groceries/en-GB/products/308481592"},{"@type":"ListItem","position":5,"url":"https://www.tesco.com/groceries/en-GB/products/274776111"},{"@type":"ListItem","position":6,"url":"https://www.tesco.com/groceries/en-GB/products/308480316"},{"@type":"ListItem","position":7,"url":"https://www.tesco.com/groceries/en-GB/products/279626921"},{"@type":"ListItem","position":8,"url":"https://www.tesco.com/groceries/en-GB/products/308492734"},{"@type":"ListItem","position":9,"url":"https://www.tesco.com/groceries/en-GB/products/308485708"},{"@type":"ListItem","position":10,"url":"https://www.tesco.com/groceries/en-GB/products/284044006"},{"@type":"ListItem","position":11,"url":"https://www.tesco.com/groceries/en-GB/products/262681114"},{"@type":"ListItem","position":12,"url":"https://www.tesco.com/groceries/en-GB/products/261418821"},{"@type":"ListItem","position":13,"url":"https://www.tesco.com/groceries/en-GB/products/284044093"},{"@type":"ListItem","position":14,"url":"https://www.tesco.com/groceries/en-GB/products/273668293"},{"@type":"ListItem","position":15,"url":"https://www.tesco.com/groceries/en-GB/products/260278411"},{"@type":"ListItem","position":16,"url":"https://www.tesco.com/groceries/en-GB/products/273668212"},{"@type":"ListItem","position":17,"url":"https://www.tesco.com/groceries/en-GB/products/305833930"},{"@type":"ListItem","position":18,"url":"https://www.tesco.com/groceries/en-GB/products/264387039"},{"@type":"ListItem","position":19,"url":"https://www.tesco.com/groceries/en-GB/products/264387379"},{"@type":"ListItem","position":20,"url":"https://www.tesco.com/groceries/en-GB/products/296983340"},{"@type":"ListItem","position":21,"url":"https://www.tesco.com/groceries/en-GB/products/255261259"},{"@type":"ListItem","position":22,"url":"https://www.tesco.com/groceries/en-GB/products/272385006"},{"@type":"ListItem","position":23,"url":"https://www.tesco.com/groceries/en-GB/products/272409717"},{"@type":"ListItem","position":24,"url":"https://www.tesco.com/groceries/en-GB/products/299153418"},{"@type":"ListItem","position":25,"url":"https://www.tesco.com/groceries/en-GB/products/302663339"},{"@type":"ListItem","position":26,"url":"https://www.tesco.com/groceries/en-GB/products/273674763"},{"@type":"ListItem","position":27,"url":"https://www.tesco.com/groceries/en-GB/products/295236120"},{"@type":"ListItem","position":28,"url":"https://www.tesco.com/groceries/en-GB/products/265390488"},{"@type":"ListItem","position":29,"url":"https://www.tesco.com/groceries/en-GB/products/273968871"},{"@type":"ListItem","position":30,"url":"https://www.tesco.com/groceries/en-GB/products/272409775"},{"@type":"ListItem","position":31,"url":"https://www.tesco.com/groceries/en-GB/products/273969023"},{"@type":"ListItem","position":32,"url":"https://www.tesco.com/groceries/en-GB/products/284355934"},{"@type":"ListItem","position":33,"url":"https://www.tesco.com/groceries/en-GB/products/286782730"},{"@type":"ListItem","position":34,"url":"https://www.tesco.com/groceries/en-GB/products/278755677"},{"@type":"ListItem","position":35,"url":"https://www.tesco.com/groceries/en-GB/products/255193126"},{"@type":"ListItem","position":36,"url":"https://www.tesco.com/groceries/en-GB/products/286784526"},{"@type":"ListItem","position":37,"url":"https://www.tesco.com/groceries/en-GB/products/303837445"},{"@type":"ListItem","position":38,"url":"https://www.tesco.com/groceries/en-GB/products/303837409"},{"@type":"ListItem","position":39,"url":"https://www.tesco.com/groceries/en-GB/products/308107081"},{"@type":"ListItem","position":40,"url":"https://www.tesco.com/groceries/en-GB/products/286782592"},{"@type":"ListItem","position":41,"url":"https://www.tesco.com/groceries/en-GB/products/261252457"},{"@type":"ListItem","position":42,"url":"https://www.tesco.com/groceries/en-GB/products/284776355"},{"@type":"ListItem","position":43,"url":"https://www.tesco.com/groceries/en-GB/products/302054883"},{"@type":"ListItem","position":44,"url":"https://www.tesco.com/groceries/en-GB/products/291596799"},{"@type":"ListItem","position":45,"url":"https://www.tesco.com/groceries/en-GB/products/308470893"},{"@type":"ListItem","position":46,"url":"https://www.tesco.com/groceries/en-GB/products/256082665"},{"@type":"ListItem","position":47,"url":"https://www.tesco.com/groceries/en-GB/products/287318652"},{"@type":"ListItem","position":48,"url":"https://www.tesco.com/groceries/en-GB/products/254905848"}]},{"@context":"http://schema.org/","@type":"BreadcrumbList","itemListElement":[{"@type":"ListItem","position":1,"item":{"@id":"/groceries/en-GB/","name":"Home"}}]}]</script>
    <script id="config" type="application/json">{"registration":{"enableProgressBar":true,"enableSigninButton":false,"enableUtilityHeader":true,"step1Redirect":"\u002Fregister\u002Fsetup","step1Title":"auth:registration-step1","submitButtomTextStep1":"auth:next","accountLockedLink":"\u002F","accountLockedLinkTextKey":"auth:account-locked.back-to-homepage"},"auth":{"enableMobileLogin":false,"registerButton":"common:register"},"sessionCookiesToClear":["OAuth.AccessToken","OAuth.RefreshToken","OAuth.TokensExpiryTime","ighs-refresh"],"productDetails":{"enableHeaderWrapperAndMiniTrolley":true,"enableTaxonomy":true,"enableBreadcrumbs":true,"enableFooter":true,"useDigitalContentProductImages":false},"homePageLink":{"en-GB":"\u002Fgroceries\u002Fen-GB","cs-CZ":"\u002Fgroceries\u002Fcs-CZ","sk-SK":"\u002Fgroceries\u002Fsk-SK","hu-HU":"\u002Fgroceries\u002Fhu-HU"},"jsWhitelist":[],"list-items-per-page":24,"max-list-items-per-page":48,"browserMap":{"akamai":{"Chrome Lite":"chrome","IEMobile":"ie","Microsoft\u002FIE Mobile WP7":"ie","Microsoft\u002FIE Mobile WinMo":"ie","Microsoft\u002FPocket IE":"ie","Safari":"safari","Chrome":"chrome","Chrome Mobile":"chrome","Chrome Mobile iOS":"chrome","Mobile Safari":"safari","Mobile Safari UIWebView":"safari","IE":"ie","IE Mobile":"ie","Edge":"ie","Edge Mobile":"ie","Firefox":"firefox","Firefox Mobile":"firefox","Firefox iOS":"firefox"},"npm":{"Chrome":"chrome","Chrome Mobile":"chrome","Chrome Mobile iOS":"chrome","Safari":"safari","Mobile Safari":"safari","Mobile Safari UIWebView":"safari","IE":"ie","IE Mobile":"ie","Edge":"ie","Edge Mobile":"ie","Firefox":"firefox","Firefox Mobile":"firefox","Firefox iOS":"firefox"}},"displayShowMoreLess":false,"displayDeliveryTabDescription":false,"displayAsGuidePrice":true,"maps":{"provider":"Bing","key":"AsmhrPuia8p5xdMee4PT0Xzp4DNvHF3gyyBUCdfMfIopjHfCHCfLKLRtpBmdFPPS","clientId":"AsmhrPuia8p5xdMee4PT0Xzp4DNvHF3gyyBUCdfMfIopjHfCHCfLKLRtpBmdFPPS","interactiveAPI":"https:\u002F\u002Fwww.bing.com\u002Fmaps\u002Fsdk\u002Fmapcontrol","staticAPI":"https:\u002F\u002Fdev.virtualearth.net\u002FREST\u002Fv1\u002FImagery\u002FMap\u002FRoad\u002F","cspDirective":{"provider":["https:\u002F\u002F*.bing.com"],"map":["https:\u002F\u002F*.virtualearth.net"]}},"deliveryInstructionsMaxCharacters":200,"allowAllCharsInInstructions":true,"categoryDelimiter":",","facetsAllowingMultipleSelections":["shelf","brand"],"customAgeRestriction":18,"pickerNotesInputLimit":55,"hideCookiePolicyHeader":false,"defaultBulkBuyLimit":24,"defaultProductQuantity":1,"inputMaxLength":2,"inputMaxValue":99,"minBasketValue":40,"minBasketValuePromo":25,"minBasketSurcharge":4,"inputProductQuantityFormat":"^[0-9]{1,2}$","default-sort-option":"relevance","showBillingAddress":false,"billingAddressFormat":["addressLine1","addressLine2","addressLine3","addressLine4","addressLine5"],"appBanner":{"bannerEnabled":true},"trolleyOrderSummary":{"fullSummaryInAmend":true,"showSavings":false},"showSideBasketSavings":false,"paymentGatewayUrl":"https:\u002F\u002Fcustomerpayment.tesco.com\u002F","changeAddressUrl":"\u002Fslots\u002Fchange-address?_method=POST","updateSlotUrl":"\u002Fslots\u002Fcurrent?_method=PUT","futureExpiryYears":12,"payment":{"processor":"ighs","bank3dsCallbackUrl":"\u002Fcheckout\u002F3ds\u002Fprocess","showShortExpiryYear":false,"saveCard":{"enabled":false},"padExpiryMonth":false,"cookieRefresh":{"enabled":false},"includeXIDin3DS":true,"additional3dsParams":["msgId","xid"]},"paymentFieldNames":{"cardholderName":"CreditCard.CardholderName","cardNumber":"CreditCard.CardNumber","cardSecurityCode":"CreditCard.CardSecurityCode","expiryMonth":"CreditCard.ExpMonth","expiryYear":"CreditCard.ExpYear"},"baseCardFormat":"(\\d{16})","productListing":{"maxPageNumber":9999},"isCardPaymentFirst":true,"search":{"enableCancelButton":false},"PSD2Enabled":true,"checkout":{"showSignoutAndContinueActions":true,"showGuidePriceInfo":false,"confirmation":{"showSimpleFooter":false},"steps":[{"page":"review-trolley","path":"\u002Ftrolley","title":"checkout:common.review-your-trolley"},{"page":"order-summary","path":"\u002Fcheckout\u002Forder-summary","title":"checkout:order-summary.title"},{"page":"payment-options","path":"\u002Fcheckout\u002Fpayment-options","title":"checkout:common.payment-options"},{"page":"order-confirmation","path":"\u002Fcheckout\u002Fconfirmation","title":"checkout:common.order-confirmation"}],"show-terms-and-conditions":false,"enableInAmendMode":true,"disallowInAmendMode":true,"enableCreditCardHelp":true,"enableChangeOfCardInAmendMode":false,"enableAmendOrder":true,"enableAmendOffers":true,"enableAmendDelivery":true,"enableContinueShopping":true,"enableViewConfirmedOrder":true,"enableCancelChanges":true,"enableAddAddressModal":true,"enableSubmittingSpinner":true,"showBaglessBanner":false,"showBagOptions":true,"showBagMessage":true,"showBaglessMessage":false,"optionWithoutBagsFirst":true,"showBaglessPostLiveMessaging":false,"showPackagingDetails":false,"invalidTrolleyErrors":{"slotExpiredInAmend":{"external":false,"url":"\u002Fslots"},"invalidSlot":{"external":false,"url":"\u002Fslots"},"noItemsInBasket":{"external":false,"url":"\u002F"},"allItemsUnavailable":{"external":false,"url":"\u002Ftrolley"}},"papersOnCollectionParagraphs":["checkout:order-confirmation.papers-on-collection-text1","checkout:order-confirmation.papers-on-collection-text2","checkout:order-confirmation.papers-on-collection-text3"]},"ratingsAndReviews":{"pageInfo":{"defaultPageSize":10}},"addressModalTabIconBrowserTypes":{"chrome":"chrome","safari":"safari","ie":"ie"},"supportedCards":[{"type":"maestro","pattern":"^(5018|5020|5038|6304|6759|676[1-3])","format":"(\\d{16})","length":16,"cvcLength":[3],"luhn":true,"icon":"icon-card-maestro"},{"type":"mastercard","pattern":"^5[1-5]\\d{14}$|^2(?:2(?:2[1-9]|[3-9]\\d)|[3-6]\\d\\d|7(?:[01]\\d|20))\\d{12}$","format":"(\\d{16})","length":16,"cvcLength":[3],"luhn":true,"icon":"icon-card-mastercard"},{"type":"visa-electron","pattern":"^(4026|417500|4405|4508|4844|4913|4917)","format":"(\\d{16})","length":16,"cvcLength":[3],"luhn":true,"icon":"icon-card-visa-electron"},{"type":"visa","pattern":"^4","format":"(\\d{16})","length":16,"cvcLength":[3],"luhn":true,"icon":"icon-card-visa"}],"footer":{"cardLogos":[{"type":"visa","name":"Visa"},{"type":"mastercard","name":"Mastercard"}],"threeDSLogos":[{"type":"verified_by_visa","title":"common:verified-by-visa","name":"Verified By Visa"},{"type":"mastercard_securecode","title":"common:mastercard-securecode","name":"Mastercard Securecode"}],"data":[{"title":"footer:here-to-help","links":[{"text":"footer:guide-price","href":"help:guidePrice"},{"text":"footer:safe-shopping","href":"links:safeShopping"},{"text":"footer:terms-and-conditions","href":"links:termsConditions"},{"text":"footer:privacy-cookies","href":"links:privacyCookie"}]},{"title":"footer:about","links":[{"text":"footer:where-we-deliver","href":"serviceAvailabilityUrl"},{"text":"footer:service-charge","href":"links:serviceCharge"},{"text":"footer:payment-options","href":"links:paymentOptions"},{"text":"footer:corporate","data":"config","href":"links:corporate","target":"_blank","icon":"link-blue","alignIcon":"right"},{"text":"footer:clubcard","href":"links:clubCard","target":"_blank","icon":"link-blue","alignIcon":"right"}]},{"title":"footer:first-time-shopping","links":[{"text":"footer:how-to-shop","href":"links:howToShop"},{"text":"footer:registration","href":"links:registration"},{"text":"footer:booking-a-delivery","href":"links:bookDelivery"},{"text":"footer:favourites","href":"links:favourites"},{"text":"footer:vat-invoice","href":"links:vat-invoice"}]},{"title":"footer:contact-us","open":true,"links":[{"text":"contactEmail","data":"config","href":"emailUrl","icon":"email"},{"text":"contact","data":"config","href":"phoneURL","icon":"phone-blue"},{"text":"footer:store-locator","href":"links:store-locator","target":"_blank","icon":"storefinder-blue"}]}]},"minutesBeforeSlotExpiryWarning":30,"propositionalMessageEnabled":false,"eventsPageEnabled":true,"defaultDcsDomain":"digitalcontent.api.tesco.com","slotExpiryThresholdMinutes":15,"dfp":{"enabled":false,"adUnitPath":"","defaultSizes":["fluid",[918,110]],"libUrl":"https:\u002F\u002Fsecurepubads.g.doubleclick.net\u002Ftag\u002Fjs\u002Fgpt.js","limitedAdsUrl":"https:\u002F\u002Fpagead2.googlesyndication.com\u002Ftag\u002Fjs\u002Fgpt.js","sizeMappings":[[[0,531],["fluid",[300,250],[375,258],[375,110]]],[[532,723],["fluid",[532,110]]],[[724,917],["fluid",[724,110]]],[[918,50000],["fluid",[918,110]]]]},"useMango":{"productPage":false},"orderSummary":{"showCollectionInstructions":true},"showProductUnavailableMessages":true,"coupons":{"showTermsAndInst":false,"useLocaleForErrors":false,"enableRemove":true,"enableSelect":false,"enableHeadings":false},"bypassOptimizelyAndUseFirstNonDefaultVariant":false,"bypassOptimizelyAndUseDefaultVariant":false,"GDPRCompliance":false,"forceFallbackHomePageData":false,"showLineItemSubstitutionPreference":false,"eventsPage":true,"cookiePreferences":false,"showManageCookiesButton":true,"showRejectCookiesButton":false,"showPostcodeSearch":false,"showSearchByPostcode":false,"sendSlotsDefaultPostcode":true,"linkToMartini":false,"usualsEnabled":false,"showOrderTypeChangeWarning":false,"bagChargesEnabled":true,"dfpProductList":true,"greenClubcardPointsEnabled":false,"showPickerNotes":false,"showShelfLifeInfo":false,"promotionWarnings":false,"showPromotionStartDate":false,"showReconstructedOfferMsg":false,"enableLifestyleAndDietaryProductFilters":false,"enableChangeSlotOnbasketTileInAmendmode":false,"favSpecialOffers":false,"enableFavOffers":false,"lazyLoadFavPromotedOffers":false,"feedbackLinks":false,"foresee":false,"optimizelyEnabled":true,"enableFavoritesFilters":false,"debugExperiments":false,"enableAddAllButton":true,"enableBrowserWarning":false,"enableCMSValueTile":true,"enableRatingsReviewsListing":false,"enableRatingsReviewsSubmission":false,"enableRatingsReviewsNicknames":false,"enableVatInvoice":false,"enableSubstitutionPreferences":false,"renderSubstitutionContentAccordion":false,"alcoholConfirmation":false,"multiSearchEnabled":false,"enableUpdatesLink":true,"enableWismo":false,"sendEmailAddressForWhitelisting":false,"enableLoginUsingMobileNumber":false,"enableAmendModeModal":false,"showFDOXMessaging":false,"testDFPBanners":false,"includeFulfilmentOptions":false,"enableGoogleTM":true,"enableNewCheckoutRecommendationsTile":false,"showDidyouKnowOrders":true,"enabledIndexableBrandPages":false,"showPriceInfoAmendContextCard":false,"showPromotionsByDepartment":true,"showCCPriceLogoInSquare":false,"enableMfeBasket":false,"showOnlinePriceInfo":false,"bagMessageAndLinkEnabled":true,"registrationConsentRequired":true,"marketingLabelText":"auth:marketing-label-text","changePaymentDetailsEnabled":false,"contextCardLinkEnabled":true,"responsive":{"smallMax":599,"mediumSmallMin":600,"mediumSmallMax":767,"mediumMin":768,"mediumMax":991,"largeMin":992,"largeMax":1199,"extraLargeMin":1200},"bigNav":{"groceries":{"label":"groceries","url":"\u002Fshop","chevron":true,"activate":"toggleNavMenu"},"myProducts":{"label":"my-favourites","url":"\u002Ffavorites","requiresAuthentication":true},"promotions":{"label":"promotions","url":"\u002Fpromotions"},"events":{"label":"events-page","url":"\u002Fevents","configurable":"eventsPageEnabled","feature":"eventsPage","cmsNav":true}},"gtmLibUrl":"https:\u002F\u002Fwww.googletagmanager.com\u002Fgtm.js?id=GTM-MGZTXQJ","waitForAsyncPage":"3000;","favorites":{"default-sort-option":"relevance"},"optimizely":{"timeout":500,"host":"cdn.optimizely.com","siteId":"IGHS"},"fulfilmentCard":{"giabVariantEnabled":false},"showUtilityHeader":true,"lightDelivery":{"defaultStoreCatchmentRadiusInMeters":8000},"fulfilmentOptions":{"options":[],"availableShoppingMethods":["delivery","collection"],"groupedShoppingMethods":[{"category":"GHS_DELIVERY","methods":["delivery"]},{"category":"GHS_COLLECT","methods":["collection"]}]},"showVeganMessaging":false,"showIsolationDeliveryInfoLink":false,"hasFixedCollectionPoints":false,"shouldShowCookieBanner":true,"showToleranceValue":false,"apmTool":"newrelic","sentry":{"dsn":"https:\u002F\u002Fd91803bdddbe4692bd77944a91093022@o505202.ingest.sentry.io\u002F5597199"},"showNewAmendBar":false,"showMiniTrolleyFavsCTA":false,"myOrdersDDL":false,"fetchGetFulfilmentOptionOnHomePage":false,"displayClubcardDetails":false,"opinionLab":{"refererUrls":{"wismo":"wismo.tesco.com","ondemandwismo":"ondemandwismo.tesco.com","favorites":"myfavourites.tesco.com","specialOffers":"specialoffers.tesco.com"}},"promoByDepartmentTypeCheck":false,"useDCSv3":false,"TAP":{"PPE":{"path":"\u002Fuserinteraction\u002Fv1\u002Fevents\u002Froute\u002Fcustonline-qa","querystring":""},"connector":true},"shouldIncrementPromotionEndDate":false,"prideLogoDisplay":false,"blackLogoDisplay":false,"thirdPartyDelivery":{"termsAndConditionsUrl":"https:\u002F\u002Fwww.tesco.com\u002Fhelp\u002Fterms-and-conditions\u002Fgrocery\u002F"},"regularPriceDisplay":false,"newFavNavEnabled":false,"lastOrderEnabled":false,"slotPageFavCTA":false,"trolleyPageFavCTA":false,"showPriceOnUnavailableTile":false,"showFavSpecialOfferFilter":false,"showFavUnavailableFilter":false,"defaultSortOptions":["relevance","title-ascending","title-descending","price-ascending","price-descending"],"showOneCheckoutOrderConfirmation":false,"useWebViewLayout":false,"showOneCheckoutOrderSummary":false,"SITES":{"UK":{"default":{"footer":{"corporate":"Tesco.com","copyright":"Tesco.com $copyrightYear All rights reserved","data":[{"title":"footer:here-to-help","links":[{"text":"footer:my-account","href":"links:myAccount","externalSecureDomain":true},{"text":"footer:my-orders","href":"links:myOrders"},{"text":"footer:help","href":"links:help"},{"text":"footer:product-recall","href":"links:productRecall"},{"text":"footer:privacy-centre","href":"links:privacyCentre"}]},{"title":"footer:about","links":[{"text":"footer:accessibility","href":"links:accessibility"},{"text":"footer:sitemap","href":"links:sitemap"},{"text":"footer:privacy-cookies","href":"links:privacyCookies"},{"text":"footer:general-terms","href":"links:termsConditions"},{"text":"footer:product-terms","href":"links:productTerms"},{"text":"footer:coupon-terms","href":"links:couponTerms"}]},{"title":"footer:ways-to-save","links":[{"text":"footer:delivery-saver","href":"links:deliverySaver"},{"text":"footer:clubcard","href":"links:clubcard","icon":"link-blue"},{"text":"footer:click-collect","href":"links:clickCollect"},{"text":"footer:clubcard-prices","href":"links:clubcardPrices"}]},{"title":"footer:contact-us","links":[{"text":"footer:corporate","data":"config","href":"links:corporate","icon":"link-blue"},{"text":"footer:store-locator","href":"links:storeLocator","icon":"storefinder-blue"},{"text":"contact","data":"config","href":"phoneURL","icon":"phone-blue"},{"text":"contact2","data":"config","href":"phoneURL2","icon":"phone-blue"},{"text":"common:feedback","href":"links:feedback","icon":"feedback-blue"}]}],"cardLogos":[{"type":"visa","name":"Visa"},{"type":"mastercard","name":"Mastercard"},{"type":"american-express","name":"American Express"}],"threeDSLogos":[{"type":"verified_by_visa","title":"common:verified-by-visa","name":"Verified By Visa"},{"type":"mastercard_securecode","title":"common:mastercard-securecode","name":"Mastercard Securecode"},{"type":"american_express_safekey","title":"common:amex-safekey","name":"American Express Safekey"}],"additionalFooterLogos":[]},"help":{"eCoupons":{"en-GB":"https:\u002F\u002Fwww.tesco.com\u002Fhelp\u002Fgroceries-faq\u002F#clubcard-vouchers-and-ecoupons"},"eCouponTerms":{"en-GB":"https:\u002F\u002Fwww.tesco.com\u002Fhelp\u002Fterms-and-conditions\u002F#ecoupons"},"homeDelivery":{"en-GB":"https:\u002F\u002Fwww.tesco.com\u002Fgroceries\u002Fen-GB\u002Fhelp?my-delivery#my-delivery"},"clickCollect":{"en-GB":"https:\u002F\u002Fwww.tesco.com\u002Fhelp\u002Fgroceries-faq\u002F"},"cardTypesAccepted":{"en-GB":"https:\u002F\u002Fwww.tesco.com\u002Fgroceries\u002Fen-GB\u002Fhelp?payment-and-checkout#payment-and-checkout"},"guidePrice":{"en-GB":"https:\u002F\u002Fwww.tesco.com\u002Fhelp\u002Fgroceries-faq\u002F#what_is_a_guide_price"},"onlineShopping":{"en-GB":"https:\u002F\u002Fwww.tesco.com\u002Fgroceries\u002Fen-GB\u002Fhelp?how-to-shop#how-to-shop"},"myAccount":{"en-GB":"https:\u002F\u002Fwww.tesco.com\u002Fgroceries\u002Fen-GB\u002Fhelp?my-account#my-account"},"bagOptions":{"en-GB":"https:\u002F\u002Fwww.tesco.com\u002Fhelp\u002Fgroceries-faq\u002F#bagless_delivery"},"showClickCollect":false},"links":{"help":{"en-GB":"https:\u002F\u002Fwww.tesco.com\u002Fgroceries\u002Fen-GB\u002Fhelp\u002F"},"contact-us":"https:\u002F\u002Fwww.tesco.com\u002Fhelp\u002Fcontact\u002F","productRecall":"https:\u002F\u002Fwww.tesco.com\u002Fproductrecall\u002F","accessibility":"https:\u002F\u002Fwww.tesco.com\u002Fhelp\u002Faccessibility\u002F","sitemap":"https:\u002F\u002Fwww.tesco.com\u002Fhelp\u002Fsite-map\u002F","privacyCookies":{"en-GB":"https:\u002F\u002Fwww.tesco.com\u002Fhelp\u002Fprivacy-and-cookies\u002Fprivacy-centre\u002Fprivacy-policy-information\u002Fprivacy-policy\u002F"},"termsConditions":{"en-GB":"https:\u002F\u002Fwww.tesco.com\u002Fhelp\u002Fterms-and-conditions\u002F"},"termsConditionsRnRs":{"en-GB":"https:\u002F\u002Fwww.tesco.com\u002Fhelp\u002Fterms-and-conditions\u002F#Ratings"},"termsConditionsDietary":{"en-GB":"https:\u002F\u002Fwww.tesco.com\u002Fhelp\u002Fterms-and-conditions\u002F#Dietary"},"productTerms":{"en-GB":"https:\u002F\u002Fwww.tesco.com\u002Fhelp\u002Fterms-and-conditions\u002Fgrocery\u002F"},"privacyCentre":{"en-GB":"https:\u002F\u002Fwww.tesco.com\u002Fhelp\u002Fprivacy-and-cookies\u002Fprivacy-centre\u002F"},"deliveryOptionDeliverySaver":"https:\u002F\u002Fwww.tesco.com\u002Fdeliverysaver\u002F?icid=Delivery_Options_delivery_Saver\"","deliverySaver":"https:\u002F\u002Fwww.tesco.com\u002Fdeliverysaver\u002F?=&icid=Grocerywebfooter_DeliverySaver","clubcard":"https:\u002F\u002Fsecure.tesco.com\u002Fclubcard\u002F","clubcardMyAccount":"https:\u002F\u002Fsecure.tesco.com\u002FClubcard\u002FMyAccount\u002FHome\u002FHome","clickCollect":"https:\u002F\u002Fwww.tesco.com\u002Fgroceries\u002Fen-GB\u002Fzone\u002Ftesco-delivery","clubcardPrices":"https:\u002F\u002Fwww.tesco.com\u002Fgroceries\u002Fen-gb\u002Fbuylists\u002Fclubcard-prices\u002Ftop-picks","couponTerms":"https:\u002F\u002Fwww.tesco.com\u002Fhelp\u002Fterms-and-conditions\u002F#coupons","corporate":"https:\u002F\u002Fwww.tesco.com","storeLocator":"https:\u002F\u002Fwww.tesco.com\u002Fstore-locator\u002Fuk\u002F","feedback":"#!","myAccount":"\u002Faccount\u002Fen-GB\u002Fmanage","myOrders":"\u002Forders","deliveryHelp":{"en-GB":"https:\u002F\u002Fwww.tesco.com\u002Fgroceries\u002Fhelp\u002F?rel=help"},"basketSurchargeInfo":"https:\u002F\u002Fwww.tesco.com\u002Fhelp\u002Fgroceries-faq\u002F#minimum_order_value_home","carrierBagSurchargeInfo":"https:\u002F\u002Fwww.tesco.com\u002Fhelp\u002Fgroceries-faq\u002F#choose_bagless_delivery","deliveryCollectionCost":"https:\u002F\u002Fwww.tesco.com\u002Fhelp\u002Fgroceries-faq\u002F#how_much_does_delivery_or_collection_cost","amendOrderHelp":{"en-GB":"https:\u002F\u002Fwww.tesco.com\u002Fhelp\u002Fgroceries-faq\u002F#amend_the_number_products"},"cancelOrderHelp":{"en-GB":"https:\u002F\u002Fwww.tesco.com\u002Fhelp\u002Fgroceries-faq\u002F#cancel_my_order"},"collectionTab":"https:\u002F\u002Fwww.tesco.com\u002Fhelp\u002Fgroceries-faq\u002F?sc_cmp=CC_FAQ","homeDeliveryTab":"https:\u002F\u002Fwww.tesco.com\u002Fhelp\u002Fgroceries-faq\u002F#how_do_you_deliver","moreAboutGoingBagless":"https:\u002F\u002Fwww.tesco.com\u002Fhelp\u002Fgroceries-faq\u002F#bagless_trial","unmannedClickAndCollectStoreFaq":"https:\u002F\u002Fwww.tesco.com\u002Fgroceries\u002Fen-GB\u002Fzone\u002Fclick-and-collect-lockers","appDownload":{"url":{"Android":{"mobile":"https:\u002F\u002Fplay.google.com\u002Fstore\u002Fapps\u002Fdetails?id=com.tesco.grocery.view","tablet":"https:\u002F\u002Fplay.google.com\u002Fstore\u002Fapps\u002Fdetails?id=com.tesco.tablet"},"iOS":{"mobile":"https:\u002F\u002Fapps.apple.com\u002Fgb\u002Fapp\u002Ftesco-groceries\u002Fid389581236","tablet":"https:\u002F\u002Fapps.apple.com\u002Fgb\u002Fapp\u002Ftesco-groceries\u002Fid389581236"}},"appId":{"Android":{"mobile":"com.tesco.grocery.view","tablet":"com.tesco.tablet"},"iOS":{"mobile":"389581236","tablet":"389581236"}}},"manageCookiePreferences":{"en-GB":"https:\u002F\u002Fwww.tesco.com\u002Fhelp\u002Fen-GB\u002Fmanage-cookie-preferences"},"setCookiePreferences":{"en-GB":"https:\u002F\u002Fwww.tesco.com\u002Fhelp\u002Fen-GB\u002Fset-cookie-preferences"},"moreAboutOnDemand":"https:\u002F\u002Fwww.tesco.com\u002Fhelp\u002Fgroceries-faq\u002F?sc_cmp=CC_FAQ","aboutMarketplace":"#"},"mvt":{"campaigns":[null]},"navigation":{"en-GB":[{"categoryTitle":"layout:main-nav.groceries","links":[{"url":"\u002Ffavorites","text":"layout:main-nav.favorites","newTab":false,"leftIcon":"favorite-heart-icon","rightIcon":"","requiresAuthentication":true},{"url":"\u002Fslots","text":"layout:main-nav.book-a-slot","newTab":false,"leftIcon":"icon-bookaslot-01","rightIcon":"","requiresAuthentication":true},{"url":"\u002Forders","text":"layout:main-nav.my-orders","newTab":false,"leftIcon":"icon-my_orders-01","rightIcon":"","requiresAuthentication":true},{"url":"\u002Fevents","text":"navigation:events-page","newTab":false,"leftIcon":"icon-icon-events","rightIcon":"","feature":"eventsPage","cmsNav":true},{"url":"\u002Fpromotions","text":"layout:main-nav.special-offers","newTab":false,"leftIcon":"icon-promotion-nav","rightIcon":""},{"url":"\u002Faccount\u002Fen-GB\u002Fmanage","text":"layout:main-nav.my-account","newTab":false,"leftIcon":"icon-my-account","rightIcon":"","useExternalSecure":true},{"url":"https:\u002F\u002Fwww.tesco.com\u002FDeliverySaver\u002F","text":"layout:main-nav.delivery-saver","newTab":true,"leftIcon":"icon-delivery-saver","rightIcon":"icon-link"},{"url":"#","text":"layout:main-nav.download-app","newTab":false,"leftIcon":"icon-download-app","rightIcon":"","dynamicAppUrl":true}]},{"categoryTitle":"layout:main-nav.more-from_tesco","links":[{"url":"https:\u002F\u002Fsecure.tesco.com\u002Fclubcard\u002F","text":"layout:main-nav.clubcard-account","newTab":true,"leftIcon":"icon-clubcard-01","rightIcon":"icon-link"},{"url":"https:\u002F\u002Frealfood.tesco.com","text":"layout:main-nav.real-food","newTab":true,"leftIcon":"icon-real-food","rightIcon":"icon-link"},{"url":"https:\u002F\u002Fwww.tesco.com\u002Fstore-locator\u002Fuk\u002F?stop_mobi=yes","text":"footer:store-locator","newTab":true,"leftIcon":"icon-storefinder-blue","rightIcon":""},{"url":"https:\u002F\u002Fwww.tesco.com\u002Fdirect","text":"layout:main-nav.tesco-direct","newTab":true,"leftIcon":"icon-tesco-direct","rightIcon":"icon-link"},{"url":"https:\u002F\u002Fwww.tesco.com\u002Fdirect\u002Fclothing\u002F","text":"layout:main-nav.fandf","newTab":true,"leftIcon":"icon-f-and-f","rightIcon":"icon-link"}]},{"categoryTitle":"layout:main-nav.about-this-site","links":[{"url":"#!","text":"layout:main-nav.feedback","newTab":false,"leftIcon":"icon-feedback-blue","rightIcon":"","feedbackLink":true},{"url":"https:\u002F\u002Fwww.tesco.com\u002Fgroceries\u002Fen-GB\u002Fhelp","text":"common:help","newTab":false,"leftIcon":"icon-help-01","rightIcon":""},{"url":"https:\u002F\u002Fwww.tesco.com\u002Fhelp\u002Fcontact\u002F","text":"common:pages.contact","newTab":false,"leftIcon":"icon-email-large","rightIcon":""}]}]},"registration":{"addressFields":[{"name":"county-district","label":"auth:address-fields.county-district","type":"select","locationType":["County","District"]},{"name":"municipality","label":"auth:address-fields.municipality","type":"select","locationType":"Municipality"},{"name":"city-quarter","label":"auth:address-fields.city-quarter","type":"select","locationType":["Municipality Part","Quarter"]},{"name":"street","label":"auth:address-fields.street","type":"select","locationType":"Street"},{"name":"house-number","label":"auth:address-fields.house-number","type":"select","locationType":"Address"},{"name":"freetext1","label":"auth:address-fields.flat-number-optional","type":"input","maxLength":6}],"configs":{"nameTitleOptions":false,"firstName":true,"lastName":true,"phoneNumber":[{"rule":"phone-number-five-digits","translation":"auth:validation.phone-number-min-length","arg":5},{"rule":"phone-number-format","translation":"auth:validation.phone-number-format"},{"rule":"required","translation":"auth:validation.phone-number-required"}],"altPhoneNumber":[{"rule":"phone-number-five-digits","translation":"auth:validation.phone-number-min-length","arg":5},{"rule":"phone-number-format","translation":"auth:validation.phone-number-format"}],"phoneNumberAllowedCharacters":"[0-9]"}},"REGION":"UK","3dsecure":true,"brand":"tesco","siteSearch":false,"callCentreSupportedLanguageNames":"English","LANGUAGES":["en-GB"],"timezone":"Europe\u002FLondon","mustHaveAcceptedCookieNoticeSince":"2018-05-16T00:00:00+00:00","hideCookiePolicyHeader":true,"sharedLogin":true,"contact":"0800 323 4040","phoneURL":"tel:08003234040","contact2":"0330 123 4040","phoneURL2":"tel:03301234040","internationalCode":"+44-","categoryDelimiter":",","facetsAllowingMultipleSelections":["brand"],"transferApiCookies":["OAuth.AccessToken","UUID"],"currency":{"symbolPosition":"left","spaceBetweenSymbolAndValue":false,"compactMode":true,"symbol":"£","unitSymbol":"p","decimalMark":".","decimalPlaces":2,"thousandsSeparator":",","isoCode":"GBP"},"format":{"month":"MMM"},"showBillingAddress":true,"collectionAlwaysAvailable":true,"LANGUAGESWITCH":false,"useExternalAuthentication":true,"externalSecureDomain":"https:\u002F\u002Fsecure.tesco.com","externalLoginUrl":"\u002Faccount\u002Flogin\u002Fen-GB","externalRegistrationUrl":"\u002Faccount\u002Fen-GB\u002Fregister?newReg=true","externalRegistrationConfirmationPageUrl":"\u002Faccount\u002Fen-GB\u002Fregister\u002Fconfirm?success=true","externalLogoutUrl":"\u002Faccount\u002Flogin\u002Fen-GB\u002Flogout?from=","useExternalMyAccount":true,"externalMyAccountUrl":"\u002Faccount\u002Fen-GB\u002Fmanage","externalAddressBookUrl":"\u002Faccount\u002Fen-GB\u002Fmanage\u002Faddress-book","externalAddAddressUrl":"\u002Faccount\u002Fen-GB\u002Fmanage\u002Faddress-book\u002Fadd-address","externalEditAddressUrl":"\u002Faccount\u002Fen-GB\u002Fmanage\u002Faddress-book\u002Fchange-address","externalAuthCookies":["OAuth.AccessToken"],"displayShowMoreLess":true,"displayDeliveryTabDescription":false,"loyaltyCardNumberLength":18,"loyaltyCardPrefix":"63400952","serviceAvailableAreas":"London, ...","trolleyOrderSummary":{"fullSummaryInAmend":false,"showSavings":true},"creditCardsSupport":["visa","visa-debit","mastercard","american-express","maestro","tesco-debit","tesco-credit","visa-electron-not-supported"],"threeDSecureSupport":["american_express_safekey","verified_by_visa","mastercard_securecode"],"supportedCards":[{"type":"maestro","pattern":"^(5018|5020|5038|6304|6759|676[1-3])","format":"(\\d{16})","length":16,"cvcLength":[3],"luhn":true,"icon":"icon-card-maestro"},{"type":"mastercard","pattern":"^5[1-5]\\d{14}$|^2(?:2(?:2[1-9]|[3-9]\\d)|[3-6]\\d\\d|7(?:[01]\\d|20))\\d{12}$","format":"(\\d{16})","length":16,"cvcLength":[3],"luhn":true,"icon":"icon-card-mastercard"},{"type":"amex","pattern":"^3[47]","format":"(\\d{15})","length":15,"cvcLength":[4],"luhn":true,"icon":"icon-card-american-express"},{"type":"visa-electron","pattern":"^(4026|417500|4405|4508|4844|4913|4917)","format":"(\\d{16})","length":16,"cvcLength":[3],"luhn":true,"icon":"icon-card-visa-electron-not-supported"},{"type":"visa","pattern":"^4","format":"(\\d{16})","length":16,"cvcLength":[3],"luhn":true,"icon":"icon-card-visa"},{"type":"savedCard","pattern":"^\\*","format":"(\\*{12}\\d{4})","length":16,"luhn":false}],"customInstructions":false,"showInstructions":true,"allowAllCharsInInstructions":false,"paymentGatewayUrl":"\u002Fgroceries\u002Fghspay\u002FvalidatePayment\u002F?Lego=true","showOrderTypeChangeWarning":true,"showHomeAmendOrderContextCard":true,"showFirstSlotColAsToday":true,"showSecondSlotColAsTomorrow":true,"paymentErrorCodes":["CheckoutStatusError","DeAuthenticateError","DeliverySlotUnavailable","FailedToCreateOrder","FieldValidationError","InvalidCardLength","InvalidPAResResponse","InvalidPaymentCard","InvalidPaymentCardNumber","IssueNumberValidation","NoBasketItem","PaymentCardAuthorisationFailed","PaymentCardExpired","PaymentCardNotFound","PaymentReservationFailed","ReservationExpired","SecurityCodeValidation","UnableToCancelDeliverySlot","UnableToConfirmDeliverySlot","UnableToGetDeliverySlotDetails"],"payment":{"processor":"ghspayapp","bank3dsCallbackUrl":"\u002Fcheckout\u002F3ds\u002Fprocess-uk","showShortExpiryYear":true,"padExpiryMonth":true,"process3dsUrl":"\u002Fgroceries\u002Fghspay\u002FProcessAuthentication\u002F?Lego=true","threeDSecureRedirectUrl":"\u002Fcheckout\u002F3ds","successRedirectUrl":"\u002Fcheckout\u002Fprocess-order-confirmation","failureRedirectUrl":"\u002Fcheckout\u002Fpayment-options","cookieRefresh":{"enabled":false},"saveCard":{"enabled":true,"fieldName":"issaveselected"},"includeXIDin3DS":false,"additional3dsParams":["basketid","xid"]},"paymentFieldNames":{"cardholderName":"nameonthecard","cardNumber":"cardnumber","cardSecurityCode":"securitycode","expiryMonth":"expirymonth","expiryYear":"expiryyear"},"isCardPaymentFirst":false,"showAmendCheckoutButton":true,"showAmendOrderBarMenu":false,"showAmendOrderBarSaveButton":false,"showAmendOrderPage":true,"showPostcodeSearch":true,"showSearchByPostcode":true,"allowAmendSlot":true,"showAboutOurChargesLink":true,"showMinBasketChargeHelpLink":true,"orderSummary":{"showCollectionInstructions":false},"amendCutoff15MinsEarlier":true,"sameDaySlotSurcharge":2,"checkout":{"show-terms-and-conditions":true,"disallowInAmendMode":false,"showBaglessBanner":false,"showBagOptions":true,"showBaglessMessage":true,"offersType":"promotionType","donationInfo":{"link":"https:\u002F\u002Fdonate.redcross.org.uk\u002Fappeal\u002Fukraine-crisis-appeal?utm_campaign=Ukraine%20Crisis%20Appeal&utm_source=Unknown&utm_medium=Unknown&utm_content=Donate%20Landing_Donate%20-%20DEC%20Ukraine%20Humanitarian%20Appeal&utm_term=175154_Tescos%20Customers&c_name=Ukraine%20Crisis%20Appeal&c_source=Unknown&c_medium=Unknown&c_creative=Donate%20Landing_Donate%20-%20DEC%20Ukraine%20Humanitarian%20Appeal&c_code=175154&adg=Tescos%20Customers"},"haveYouForgottenStep":{"enabled":true},"steps":[{"page":"review-trolley","path":"\u002Ftrolley","title":"checkout:common.review-your-trolley"},{"page":"recommendations","isConditional":true,"path":"\u002Fcheckout\u002Frecommendations","title":"checkout:common.recommendations"},{"page":"have-you-forgotten","isConditional":true,"path":"\u002Fcheckout\u002Fhave-you-forgotten","title":"checkout:common.have-you-forgotten"},{"page":"order-summary","path":"\u002Fcheckout\u002Forder-summary","title":"checkout:order-summary.title"},{"page":"payment-options","path":"\u002Fcheckout\u002Fpayment-options","title":"checkout:common.payment-options"},{"page":"order-confirmation","path":"\u002Fcheckout\u002Fconfirmation","title":"checkout:common.order-confirmation"}]},"showSideBasketMessaging":true,"showSideBasketSavings":true,"showProductMessage":true,"enableBrowserWarning":true,"enableChangeOfCardInAmendMode":true,"promotionWarnings":true,"showPromotionStartDate":true,"showReconstructedOfferMsg":true,"enableChangeSlotOnbasketTileInAmendmode":true,"PSD2Enabled":false,"coupons":{"showTermsAndInst":true,"useLocaleForErrors":true,"enableRemove":false,"enableSelect":true,"enableHeadings":true,"errorCodes":["campaignlimitreached","campaignmonetorylimitreached","couponexpired","couponinvalidforcustomer","couponinvalidforstore","couponnotyetvalid","couponusagelimitreached","errorinsmartcouponservice","failed","invalidcouponcode","itemexists","misseddeliveryslot","missedquantity","norecords","notexist","redeemed","redemptionlimitreached","reserved","service-unavailable","undefined","excessdeduction","unfitable","unfittable"]},"useMango":{"productPage":true},"promotionsByDepartment":{"localData":true,"file":"promotions-by-department.json"},"displayNewFulfilmentUI":true,"bypassOptimizelyAndUseFirstNonDefaultVariant":false,"bypassOptimizelyAndUseDefaultVariant":false,"GDPRCompliance":true,"useEmailWhitelist":true,"showSlotsHub":true,"feedbackLinks":true,"foresee":true,"showLineItemSubstitutionPreference":true,"showPickerNotes":true,"useNewMyOrdersDesign":true,"showExtendedTrolleySummary":true,"showViewBasketInOpenOrder":true,"linkToMartini":true,"cookiePreferences":true,"showGroupAndSlotTitle":true,"useUpdatedServiceChargeLabels":true,"sameDayClickAndCollectEnabled":true,"propositionalMessageEnabled":true,"showSameDayMultipleDeliveryWarning":true,"usualsEnabled":true,"ajaxUnbookSlotEnabled":true,"allowMultipleAddresses":true,"bagMessageAndLinkEnabled":true,"changePaymentDetailsEnabled":true,"greenClubcardPointsEnabled":true,"showShelfLifeInfo":true,"favouritesWhyNotTry":true,"enableCheckoutJourneyModals":false,"enableSubstitutionPreferences":true,"renderSubstitutionContentAccordion":true,"favSpecialOffers":true,"enableFavOffers":true,"lazyLoadFavPromotedOffers":true,"enableLifestyleAndDietaryProductFilters":true,"enableFavoritesFilters":true,"enableMissedOfferTrackingInAnalytics":true,"multiSearchEnabled":true,"enableRatingsReviewsListing":true,"enableRatingsReviewsSubmission":true,"enableWismo":true,"hasFixedCollectionPoints":true,"enableNewCheckoutRecommendationsTile":true,"enableMfeBasket":true,"search":{"suggestionsUrl":"https:\u002F\u002Fsearch.api.tesco.com\u002Fsuggestion\u002F?distchannel=ghs&limit=10&query=","enableCancelButton":true},"dfp":{"enabled":true,"adUnitPath":"\u002F8326\u002Fgrocery\u002F","limitedAdsEnabled":true,"testAdUnitPath":"\u002F8326\u002Fbeta-grocery\u002F"},"martiniCookiesToRemoveOnLogout":["APC","BranchNumber","BTCCMS","CID","CustomerId","gpv_p15","OAuth.AccessToken","Orderid","PS","PSSC","PSyncHint","RegistrationSource","servicecharge","sessionTest","slotdateendtime","slotdatestarttime","SSVars","t","TWT","u","UIMode","UUID","v"],"isoCurrencyCode":"GBP","addByAdjustment":true,"bigNav":{"groceries":{"label":"groceries","url":"\u002Fshop","chevron":true,"activate":"toggleNavMenu"},"myProducts":{"label":"my-favourites","url":"\u002Ffavorites","requiresAuthentication":true},"recipes":{"label":"recipes","externalUrl":"https:\u002F\u002Frealfood.tesco.com\u002F","url":"\u002Fzone\u002Frecipes"},"promotions":{"label":"promotions","url":"\u002Fpromotions"},"events":{"label":"events-page","url":"\u002Fevents","configurable":"eventsPageEnabled","feature":"eventsPage","cmsNav":true},"deliverySaver":{"label":"delivery-saver","externalUrl":"https:\u002F\u002Fwww.tesco.com\u002FDeliverySaver\u002F"}},"recommenders":{"enabled":true,"product_details":{"strategy":"ubt","variant":"20","moduleType":"p","panelType":"t","pageId":"product_details","analyticsEventType":"product-details"},"search":{"strategy":"variant","variant":"search","moduleType":"sr","panelType":"t","pageId":"searchPLP"},"empty_search":{"strategy":"ts","variant":"6","moduleType":"sr","panelType":"t","pageId":"searchPLP"},"category":{"strategy":"ubt","variant":"20-3","panelType":"t","pageId":"browsePLP"},"home_page":{"strategy":"ts","variant":"6","moduleType":"h","panelType":"t","pageId":"home"},"promotions":{"strategy":"ubt","variant":"20-3","moduleType":"so","panelType":"t","pageId":"promotionsPLP"},"favorites":{"strategy":"ubt","variant":"20","moduleType":"f","panelType":"t","pageId":"favoritesPLP"},"buylist":{"strategy":"ubt","variant":"20","moduleType":"bl","panelType":"t","pageId":"buylistPLP"},"full-basket":{"strategy":"ts","variant":"6","moduleType":"bl","panelType":"t","pageId":"trolleyFullPLP"},"checkout":{"strategy":"morpheus","variant":"rt1-----yml","moduleType":"csl","panelType":"t","pageId":"reviewBasket"},"promotions1183":{"strategy":"variant","variant":"checkout","pageId":"recommendations","panelType":"t","moduleType":"csl","analyticsEventType":"special-offers"}},"optimizely":{"siteId":"GHS"},"ratingsReviews":{"ratingText":{"overCharLimit":2000,"minCharLimit":10},"ratingTitle":{"overCharLimit":50}},"paymentUI":{"enabled":true,"gatewayUrl":"\u002Fpayment","externalDomain":"https:\u002F\u002Fpayment-ppe.tesco.com","consumerId":"ghs-uk","successRedirectUrl":"\u002Fcheckout\u002Fprocess-order-confirmation","storeMigration":false,"paymentReferenceEnterprise":false},"productDetails":{"useDigitalContentProductImages":true},"showDeliveryAddressInAccordion":true,"showVeganMessaging":true,"showCollectLinkForUnavailableHDSlot":true,"slotsHubPage":{"notificationMessage":{"delivery":false,"collection":false,"ondemand":true,"ondemandcollection":true},"showLegalInfo":true,"subscriptIcons":{"delivery":"^","collection":"†","ondemand":"","ondemandcollection":""},"lineNumber":{"delivery":[1,2],"collection":[1,2,3],"ondemand":[1,2,3],"ondemandcollection":[1,2,3]}},"ondemand":{"minutesBeforeSlotExpiryWarning":5},"showNewAmendBar":true,"showMiniTrolleyFavsCTA":true,"wismoOrderDeliveredDisplayInMinutes":15,"myOrdersDDL":true,"includeFulfilmentOptions":true,"fetchGetFulfilmentOptionOnHomePage":false,"displayClubcardDetails":true,"getLoyaltyQueryTimeout":700,"promoByDepartmentTypeCheck":true,"useDCSv3":true,"regularPriceDisplay":true,"newFavNavEnabled":true,"lastOrderEnabled":true,"slotPageFavCTA":true,"trolleyPageFavCTA":true,"showPriceOnUnavailableTile":true,"showFavSpecialOfferFilter":true,"showFavUnavailableFilter":true,"defaultSortOptions":["relevance","price-ascending","price-descending"],"showOneCheckoutOrderConfirmation":true,"showCheckoutBannerTexts":true,"blackLogoDisplay":false,"showOneCheckoutOrderSummary":true},"ghsapp-uk":{"productDetails":{"enableHeaderWrapperAndMiniTrolley":false,"enableTaxonomy":false,"enableBreadcrumbs":false,"enableFooter":false,"renderOnlyProductBlocksAndTerms":true},"checkout":{"showSignoutAndContinueActions":false,"confirmation":{"showSimpleFooter":true},"haveYouForgottenStep":{"enabled":false},"steps":[{"page":"order-summary","path":"\u002Fcheckout\u002Forder-summary","title":"checkout:order-summary.title"},{"page":"payment-options","path":"\u002Fcheckout\u002Fpayment-options","title":"checkout:common.payment-options"},{"page":"order-confirmation","path":"\u002Fcheckout\u002Fconfirmation","title":"checkout:common.order-confirmation"}],"enableCreditCardHelp":false,"enableAmendOrder":false,"enableAmendDelivery":false,"enableContinueShopping":false,"enableViewConfirmedOrder":false,"enableCancelChanges":false,"enableAddAddressModal":false,"enableSubmittingSpinner":false,"invalidTrolleyErrors":{"slotExpiredInAmend":{"external":true,"url":"tesco-ghs-app:\u002F\u002Fbookaslot?source=checkout"},"invalidSlot":{"external":true,"url":"tesco-ghs-app:\u002F\u002Fbookaslot?source=checkout"},"noItemsInBasket":{"external":true,"url":"tesco-ghs-app:\u002F\u002Fhome?source=checkout"},"allItemsUnavailable":{"external":true,"url":"tesco-ghs-app:\u002F\u002Fbasket?source=checkout"}}},"showInstructions":false,"externalLoginUrl":"\u002Faccount\u002Flogin\u002Fen-GB?consumer=app","externalAddAddressUrl":"\u002Fregister\u002FaddressBook.aspx","dfp":{"enabled":false},"enableRatingsReviewsListing":false,"paymentUI":{"consumerId":"ghsapp-uk"}},"ghsnativeapp-uk":{"checkout":{"showSignoutAndContinueActions":false,"confirmation":{"showSimpleFooter":true},"haveYouForgottenStep":{"enabled":false},"steps":[{"page":"order-summary","path":"\u002Fcheckout\u002Forder-summary","title":"checkout:order-summary.title"},{"page":"payment-options","path":"\u002Fcheckout\u002Fpayment-options","title":"checkout:common.payment-options"},{"page":"order-confirmation","path":"\u002Fcheckout\u002Fconfirmation","title":"checkout:common.order-confirmation"}],"enableCreditCardHelp":false,"enableAmendOrder":false,"enableAmendDelivery":false,"enableContinueShopping":false,"enableViewConfirmedOrder":false,"enableCancelChanges":false,"enableAddAddressModal":false,"enableSubmittingSpinner":false,"invalidTrolleyErrors":{"slotExpiredInAmend":{"external":true,"url":"tesco-ghs-app:\u002F\u002Fbookaslot?source=checkout"},"invalidSlot":{"external":true,"url":"tesco-ghs-app:\u002F\u002Fbookaslot?source=checkout"},"noItemsInBasket":{"external":true,"url":"tesco-ghs-app:\u002F\u002Fhome?source=checkout"},"allItemsUnavailable":{"external":true,"url":"tesco-ghs-app:\u002F\u002Fbasket?source=checkout"}}},"showInstructions":false,"externalLoginUrl":"\u002Faccount\u002Flogin\u002Fen-GB?consumer=app","externalAddAddressUrl":"\u002Fregister\u002FaddressBook.aspx","homePageLink":{"en-GB":"tesco-ghs-app:\u002F\u002Fhome"},"dfp":{"enabled":false},"enableRatingsReviewsListing":false,"paymentUI":{"consumerId":"ghsnativeapp-uk"},"showUtilityHeader":false},"webview-android-app":{"useWebViewLayout":true,"hideBreadCrumb":true,"enableRatingsReviewsSubmission":false,"product":{"disableRestOfShelfLink":true,"disablePDPLink":true,"disablePromotionLink":true}},"webview-ios-app":{"useWebViewLayout":true,"hideBreadCrumb":true,"enableRatingsReviewsSubmission":false,"product":{"disableRestOfShelfLink":true,"disablePDPLink":true,"disablePromotionLink":true}}}}}</script>
        <link href="./tesco_html_brand_petcare_files/UK-554ab7b42e.en-GB.js.download" rel="preload" as="script">
        <link href="./tesco_html_brand_petcare_files/static-vendor.bundle.07a529d39fa55b5a4b98.js.download" rel="preload" as="script">
        <link href="./tesco_html_brand_petcare_files/static-common.bundle.926c5e26d972ffce7b3f.js.download" rel="preload" as="script">
          <link href="./tesco_html_brand_petcare_files/static-categories.bundle.64935db59419f99294a0.js.download" rel="preload" as="script">
    <script type="application/json" id="cookiePreferences">
      {"displayInterrupt":false,"experience":false,"advertising":false}
    </script>
    <script type="text/javascript">var usingAppJS=true;"use strict";!function(e,t,n){var r=[],o=[],i={_version:"3.5.0",_config:{classPrefix:"",enableClasses:!0,enableJSClass:!0,usePrefixes:!0},_q:[],on:function(e,t){var n=this;setTimeout(function(){t(n[e])},0)},addTest:function(e,t,n){o.push({name:e,fn:t,options:n})},addAsyncTest:function(e){o.push({name:null,fn:e})}},s=function(){};s.prototype=i,s=new s;var a=i._config.usePrefixes?" -webkit- -moz- -o- -ms- ".split(" "):["",""];function l(e,t){return typeof e===t}i._prefixes=a;var u=t.documentElement,c="svg"===u.nodeName.toLowerCase();function f(e){var t=u.className,n=s._config.classPrefix||"";if(c&&(t=t.baseVal),usingAppJS){var r=new RegExp("(^|\\s)"+n+"no-js(\\s|$)");t=t.replace(r,"$1"+n+"js$2")}s._config.enableClasses&&(t+=" "+n+e.join(" "+n),c?u.className.baseVal=t:u.className=t)}c||function(e,t){var n,r,o=e.html5||{},i=/^<|^(?:button|map|select|textarea|object|iframe|option|optgroup)$/i,s=/^(?:a|b|code|div|fieldset|h1|h2|h3|h4|h5|h6|i|label|li|ol|p|q|span|strong|style|table|tbody|td|th|tr|ul)$/i,a="_html5shiv",l=0,u={};function c(){var e=m.elements;return"string"==typeof e?e.split(" "):e}function f(e){var t=u[e[a]];return t||(t={},l++,e[a]=l,u[l]=t),t}function d(e,n,o){return n||(n=t),r?n.createElement(e):(o||(o=f(n)),!(a=o.cache[e]?o.cache[e].cloneNode():s.test(e)?(o.cache[e]=o.createElem(e)).cloneNode():o.createElem(e)).canHaveChildren||i.test(e)||a.tagUrn?a:o.frag.appendChild(a));var a}function p(e){e||(e=t);var o=f(e);return!m.shivCSS||n||o.hasCSS||(o.hasCSS=!!function(e,t){var n=e.createElement("p"),r=e.getElementsByTagName("head")[0]||e.documentElement;return n.innerHTML="x<style>"+t+"</style>",r.insertBefore(n.lastChild,r.firstChild)}(e,"article,aside,dialog,figcaption,figure,footer,header,hgroup,main,nav,section{display:block}mark{background:#FF0;color:#000}template{display:none}")),r||function(e,t){t.cache||(t.cache={},t.createElem=e.createElement,t.createFrag=e.createDocumentFragment,t.frag=t.createFrag()),e.createElement=function(n){return m.shivMethods?d(n,e,t):t.createElem(n)},e.createDocumentFragment=Function("h,f","return function(){var n=f.cloneNode(),c=n.createElement;h.shivMethods&&("+c().join().replace(/[\w\-:]+/g,function(e){return t.createElem(e),t.frag.createElement(e),'c("'+e+'")'})+");return n}")(m,t.frag)}(e,o),e}!function(){try{var e=t.createElement("a");e.innerHTML="<xyz></xyz>",n="hidden"in e,r=1==e.childNodes.length||function(){t.createElement("a");var e=t.createDocumentFragment();return void 0===e.cloneNode||void 0===e.createDocumentFragment||void 0===e.createElement}()}catch(e){n=!0,r=!0}}();var m={elements:o.elements||"abbr article aside audio bdi canvas data datalist details dialog figcaption figure footer header hgroup main mark meter nav output picture progress section summary template time video",version:"3.7.3",shivCSS:!1!==o.shivCSS,supportsUnknownElements:r,shivMethods:!1!==o.shivMethods,type:"default",shivDocument:p,createElement:d,createDocumentFragment:function(e,n){if(e||(e=t),r)return e.createDocumentFragment();for(var o=(n=n||f(e)).frag.cloneNode(),i=0,s=c(),a=s.length;i<a;i++)o.createElement(s[i]);return o},addElements:function(e,t){var n=m.elements;"string"!=typeof n&&(n=n.join(" ")),"string"!=typeof e&&(e=e.join(" ")),m.elements=n+" "+e,p(t)}};e.html5=m,p(t),"object"==typeof module&&module.exports&&(module.exports=m)}(void 0!==e?e:this,t);var d,p,m=i._config.usePrefixes?"Moz O ms Webkit".toLowerCase().split(" "):[];function h(e,t){if("object"==typeof e)for(var n in e)d(e,n)&&h(n,e[n]);else{var r=(e=e.toLowerCase()).split("."),o=s[r[0]];if(2==r.length&&(o=o[r[1]]),void 0!==o)return s;t="function"==typeof t?t():t,1==r.length?s[r[0]]=t:(!s[r[0]]||s[r[0]]instanceof Boolean||(s[r[0]]=new Boolean(s[r[0]])),s[r[0]][r[1]]=t),f([(t&&0!=t?"":"no-")+r.join("-")]),s._trigger(e,t)}return s}i._domPrefixes=m,d=l(p={}.hasOwnProperty,"undefined")||l(p.call,"undefined")?function(e,t){return t in e&&l(e.constructor.prototype[t],"undefined")}:function(e,t){return p.call(e,t)},i._l={},i.on=function(e,t){this._l[e]||(this._l[e]=[]),this._l[e].push(t),s.hasOwnProperty(e)&&setTimeout(function(){s._trigger(e,s[e])},0)},i._trigger=function(e,t){if(this._l[e]){var n=this._l[e];setTimeout(function(){var e;for(e=0;e<n.length;e++)(0,n[e])(t)},0),delete this._l[e]}},s._q.push(function(){i.addTest=h});var v="CSS"in e&&"supports"in e.CSS,g="supportsCSS"in e;function y(){return"function"!=typeof t.createElement?t.createElement(arguments[0]):c?t.createElementNS.call(t,"http://www.w3.org/2000/svg",arguments[0]):t.createElement.apply(t,arguments)}function C(e,n,r,o){var i,s,a,l,f="modernizr",d=y("div"),p=function(){var e=t.body;return e||((e=y(c?"svg":"body")).fake=!0),e}();if(parseInt(r,10))for(;r--;)(a=y("div")).id=o?o[r]:f+(r+1),d.appendChild(a);return(i=y("style")).type="text/css",i.id="s"+f,(p.fake?p:d).appendChild(i),p.appendChild(d),i.styleSheet?i.styleSheet.cssText=e:i.appendChild(t.createTextNode(e)),d.id=f,p.fake&&(p.style.background="",p.style.overflow="hidden",l=u.style.overflow,u.style.overflow="hidden",u.appendChild(p)),s=n(d,e),p.fake?(p.parentNode.removeChild(p),u.style.overflow=l,u.offsetHeight):d.parentNode.removeChild(d),!!s}s.addTest("supports",v||g);var S,b=(S=e.matchMedia||e.msMatchMedia)?function(e){var t=S(e);return t&&t.matches||!1}:function(t){var n=!1;return C("@media "+t+" { #modernizr { position: absolute; } }",function(t){n="absolute"==(e.getComputedStyle?e.getComputedStyle(t,null):t.currentStyle).position}),n};i.mq=b;var x=i.testStyles=C;s.addTest("touchevents",function(){var n;if("ontouchstart"in e||e.DocumentTouch&&t instanceof DocumentTouch)n=!0;else{var r=["@media (",a.join("touch-enabled),("),"heartz",")","{#modernizr{top:9px;position:absolute}}"].join("");x(r,function(e){n=9===e.offsetTop})}return n});var w=i._config.usePrefixes?"Moz O ms Webkit".split(" "):[];function E(e,t){return function(){return e.apply(t,arguments)}}i._cssomPrefixes=w;var _={elem:y("modernizr")};s._q.push(function(){delete _.elem});var T={style:_.elem.style};function z(e){return e.replace(/([A-Z])/g,function(e,t){return"-"+t.toLowerCase()}).replace(/^ms-/,"-ms-")}function P(t,r){var o=t.length;if("CSS"in e&&"supports"in e.CSS){for(;o--;)if(e.CSS.supports(z(t[o]),r))return!0;return!1}if("CSSSupportsRule"in e){for(var i=[];o--;)i.push("("+z(t[o])+":"+r+")");return C("@supports ("+(i=i.join(" or "))+") { #modernizr { position: absolute; } }",function(t){return"absolute"==function(t,n,r){var o;if("getComputedStyle"in e){o=getComputedStyle.call(e,t,n);var i=e.console;null!==o?r&&(o=o.getPropertyValue(r)):i&&i[i.error?"error":"log"].call(i,"getComputedStyle returning null, its possible modernizr test results are inaccurate")}else o=!n&&t.currentStyle&&t.currentStyle[r];return o}(t,null,"position")})}return n}function j(e,t,r,o){if(o=!l(o,"undefined")&&o,!l(r,"undefined")){var i=P(e,r);if(!l(i,"undefined"))return i}for(var s,a,u,c,f,d=["modernizr","tspan","samp"];!T.style&&d.length;)s=!0,T.modElem=y(d.shift()),T.style=T.modElem.style;function p(){s&&(delete T.style,delete T.modElem)}for(u=e.length,a=0;a<u;a++)if(c=e[a],f=T.style[c],~(""+c).indexOf("-")&&(c=c.replace(/([a-z])-([a-z])/g,function(e,t,n){return t+n.toUpperCase()}).replace(/^-/,"")),T.style[c]!==n){if(o||l(r,"undefined"))return p(),"pfx"!=t||c;try{T.style[c]=r}catch(e){}if(T.style[c]!=f)return p(),"pfx"!=t||c}return p(),!1}s._q.unshift(function(){delete T.style});i.testProp=function(e,t,r){return j([e],n,t,r)};function k(e,t,n,r,o){var i=e.charAt(0).toUpperCase()+e.slice(1),s=(e+" "+w.join(i+" ")+i).split(" ");return l(t,"string")||l(t,"undefined")?j(s,t,r,o):function(e,t,n){var r;for(var o in e)if(e[o]in t)return!1===n?e[o]:l(r=t[e[o]],"function")?E(r,n||t):r;return!1}(s=(e+" "+m.join(i+" ")+i).split(" "),t,n)}function N(e,t,r){return k(e,n,n,t,r)}i.testAllProps=k,i.testAllProps=N,s.addTest("flexbox",N("flexBasis","1px",!0)),s.addTest("flexboxlegacy",N("boxDirection","reverse",!0)),s.addTest("csstransforms",function(){return-1===navigator.userAgent.indexOf("Android 2.")&&N("transform","scale(1)",!0)}),s.addTest("csstransforms3d",function(){var e=!!N("perspective","1px",!0),t=s._config.usePrefixes;if(e&&(!t||"webkitPerspective"in u.style)){var n;s.supports?n="@supports (perspective: 1px)":(n="@media (transform-3d)",t&&(n+=",(-webkit-transform-3d)")),x("#modernizr{width:0;height:0}"+(n+="{#modernizr{width:7px;height:18px;margin:0;padding:0;border:0}}"),function(t){e=7===t.offsetWidth&&18===t.offsetHeight})}return e}),s.addTest("csstransitions",N("transition","all",!0)),function(){var e,t,n,i,a,u;for(var c in o)if(o.hasOwnProperty(c)){if(e=[],(t=o[c]).name&&(e.push(t.name.toLowerCase()),t.options&&t.options.aliases&&t.options.aliases.length))for(n=0;n<t.options.aliases.length;n++)e.push(t.options.aliases[n].toLowerCase());for(i=l(t.fn,"function")?t.fn():t.fn,a=0;a<e.length;a++)1===(u=e[a].split(".")).length?s[u[0]]=i:(!s[u[0]]||s[u[0]]instanceof Boolean||(s[u[0]]=new Boolean(s[u[0]])),s[u[0]][u[1]]=i),r.push((i?"":"no-")+u.join("-"))}}(),f(r),delete i.addTest,delete i.addAsyncTest;for(var M=0;M<s._q.length;M++)s._q[M]();e.Modernizr=s}(window,document);"use strict";Modernizr.addTest("ios8",function(){return!!(navigator.appVersion||"").match(/OS 8_(\d+)_?(\d+)? like Mac OS X/)}),Modernizr.addTest("ie",function(){return!!(navigator.appVersion||"").match(/(MSIE|Trident)/)});!function(t,e){for(var n in e)t[n]=e[n]}(window,function(t){var e={};function n(r){if(e[r])return e[r].exports;var o=e[r]={i:r,l:!1,exports:{}};return t[r].call(o.exports,o,o.exports,n),o.l=!0,o.exports}return n.m=t,n.c=e,n.d=function(t,e,r){n.o(t,e)||Object.defineProperty(t,e,{enumerable:!0,get:r})},n.r=function(t){"undefined"!=typeof Symbol&&Symbol.toStringTag&&Object.defineProperty(t,Symbol.toStringTag,{value:"Module"}),Object.defineProperty(t,"__esModule",{value:!0})},n.t=function(t,e){if(1&e&&(t=n(t)),8&e)return t;if(4&e&&"object"==typeof t&&t&&t.__esModule)return t;var r=Object.create(null);if(n.r(r),Object.defineProperty(r,"default",{enumerable:!0,value:t}),2&e&&"string"!=typeof t)for(var o in t)n.d(r,o,function(e){return t[e]}.bind(null,o));return r},n.n=function(t){var e=t&&t.__esModule?function(){return t.default}:function(){return t};return n.d(e,"a",e),e},n.o=function(t,e){return Object.prototype.hasOwnProperty.call(t,e)},n.p="",n(n.s=37)}([function(t,e){var n=t.exports="undefined"!=typeof window&&window.Math==Math?window:"undefined"!=typeof self&&self.Math==Math?self:Function("return this")();"number"==typeof __g&&(__g=n)},function(t,e){t.exports=function(t){return"object"==typeof t?null!==t:"function"==typeof t}},function(t,e,n){var r=n(10)("wks"),o=n(11),i=n(0).Symbol,u="function"==typeof i;(t.exports=function(t){return r[t]||(r[t]=u&&i[t]||(u?i:o)("Symbol."+t))}).store=r},function(t,e,n){var r=n(1);t.exports=function(t){if(!r(t))throw TypeError(t+" is not an object!");return t}},function(t,e){t.exports=function(t){try{return!!t()}catch(t){return!0}}},function(t,e){var n=t.exports={version:"2.6.11"};"number"==typeof __e&&(__e=n)},function(t,e,n){"use strict";var r,o,i=n(25),u=RegExp.prototype.exec,c=String.prototype.replace,a=u,l=(r=/a/,o=/b*/g,u.call(r,"a"),u.call(o,"a"),0!==r.lastIndex||0!==o.lastIndex),f=void 0!==/()??/.exec("")[1];(l||f)&&(a=function(t){var e,n,r,o,a=this;return f&&(n=new RegExp("^"+a.source+"$(?!\\s)",i.call(a))),l&&(e=a.lastIndex),r=u.call(a,t),l&&r&&(a.lastIndex=a.global?r.index+r[0].length:e),f&&r&&r.length>1&&c.call(r[0],n,function(){for(o=1;o<arguments.length-2;o++)void 0===arguments[o]&&(r[o]=void 0)}),r}),t.exports=a},function(t,e,n){var r=n(29),o=n(33);t.exports=n(8)?function(t,e,n){return r.f(t,e,o(1,n))}:function(t,e,n){return t[e]=n,t}},function(t,e,n){t.exports=!n(4)(function(){return 7!=Object.defineProperty({},"a",{get:function(){return 7}}).a})},function(t,e){var n={}.toString;t.exports=function(t){return n.call(t).slice(8,-1)}},function(t,e,n){var r=n(5),o=n(0),i=o["__core-js_shared__"]||(o["__core-js_shared__"]={});(t.exports=function(t,e){return i[t]||(i[t]=void 0!==e?e:{})})("versions",[]).push({version:r.version,mode:n(18)?"pure":"global",copyright:"© 2019 Denis Pushkarev (zloirock.ru)"})},function(t,e){var n=0,r=Math.random();t.exports=function(t){return"Symbol(".concat(void 0===t?"":t,")_",(++n+r).toString(36))}},function(t,e){t.exports=function(t){if("function"!=typeof t)throw TypeError(t+" is not a function!");return t}},function(t,e){var n=Math.ceil,r=Math.floor;t.exports=function(t){return isNaN(t=+t)?0:(t>0?r:n)(t)}},function(t,e){t.exports=function(t){if(null==t)throw TypeError("Can't call method on  "+t);return t}},function(t,e,n){var r=n(0),o=n(7),i=n(34),u=n(11)("src"),c=n(35),a=(""+c).split("toString");n(5).inspectSource=function(t){return c.call(t)},(t.exports=function(t,e,n,c){var l="function"==typeof n;l&&(i(n,"name")||o(n,"name",e)),t[e]!==n&&(l&&(i(n,u)||o(n,u,t[e]?""+t[e]:a.join(String(e)))),t===r?t[e]=n:c?t[e]?t[e]=n:o(t,e,n):(delete t[e],o(t,e,n)))})(Function.prototype,"toString",function(){return"function"==typeof this&&this[u]||c.call(this)})},function(t,e,n){"use strict";var r=n(17),o=n(3),i=n(19),u=n(20),c=n(22),a=n(23),l=n(6),f=n(4),s=Math.min,p=[].push,d=!f(function(){RegExp(4294967295,"y")});n(26)("split",2,function(t,e,n,f){var v;return v="c"=="abbc".split(/(b)*/)[1]||4!="test".split(/(?:)/,-1).length||2!="ab".split(/(?:ab)*/).length||4!=".".split(/(.?)(.?)/).length||".".split(/()()/).length>1||"".split(/.?/).length?function(t,e){var o=String(this);if(void 0===t&&0===e)return[];if(!r(t))return n.call(o,t,e);for(var i,u,c,a=[],f=(t.ignoreCase?"i":"")+(t.multiline?"m":"")+(t.unicode?"u":"")+(t.sticky?"y":""),s=0,d=void 0===e?4294967295:e>>>0,v=new RegExp(t.source,f+"g");(i=l.call(v,o))&&!((u=v.lastIndex)>s&&(a.push(o.slice(s,i.index)),i.length>1&&i.index<o.length&&p.apply(a,i.slice(1)),c=i[0].length,s=u,a.length>=d));)v.lastIndex===i.index&&v.lastIndex++;return s===o.length?!c&&v.test("")||a.push(""):a.push(o.slice(s)),a.length>d?a.slice(0,d):a}:"0".split(void 0,0).length?function(t,e){return void 0===t&&0===e?[]:n.call(this,t,e)}:n,[function(n,r){var o=t(this),i=null==n?void 0:n[e];return void 0!==i?i.call(n,o,r):v.call(String(o),n,r)},function(t,e){var r=f(v,t,this,e,v!==n);if(r.done)return r.value;var l=o(t),p=String(this),g=i(l,RegExp),h=l.unicode,y=(l.ignoreCase?"i":"")+(l.multiline?"m":"")+(l.unicode?"u":"")+(d?"y":"g"),x=new g(d?l:"^(?:"+l.source+")",y),m=void 0===e?4294967295:e>>>0;if(0===m)return[];if(0===p.length)return null===a(x,p)?[p]:[];for(var b=0,E=0,S=[];E<p.length;){x.lastIndex=d?E:0;var w,_=a(x,d?p:p.slice(E));if(null===_||(w=s(c(x.lastIndex+(d?0:E)),p.length))===b)E=u(p,E,h);else{if(S.push(p.slice(b,E)),S.length===m)return S;for(var j=1;j<=_.length-1;j++)if(S.push(_[j]),S.length===m)return S;E=b=w}}return S.push(p.slice(b)),S}]})},function(t,e,n){var r=n(1),o=n(9),i=n(2)("match");t.exports=function(t){var e;return r(t)&&(void 0!==(e=t[i])?!!e:"RegExp"==o(t))}},function(t,e){t.exports=!1},function(t,e,n){var r=n(3),o=n(12),i=n(2)("species");t.exports=function(t,e){var n,u=r(t).constructor;return void 0===u||null==(n=r(u)[i])?e:o(n)}},function(t,e,n){"use strict";var r=n(21)(!0);t.exports=function(t,e,n){return e+(n?r(t,e).length:1)}},function(t,e,n){var r=n(13),o=n(14);t.exports=function(t){return function(e,n){var i,u,c=String(o(e)),a=r(n),l=c.length;return a<0||a>=l?t?"":void 0:(i=c.charCodeAt(a))<55296||i>56319||a+1===l||(u=c.charCodeAt(a+1))<56320||u>57343?t?c.charAt(a):i:t?c.slice(a,a+2):u-56320+(i-55296<<10)+65536}}},function(t,e,n){var r=n(13),o=Math.min;t.exports=function(t){return t>0?o(r(t),9007199254740991):0}},function(t,e,n){"use strict";var r=n(24),o=RegExp.prototype.exec;t.exports=function(t,e){var n=t.exec;if("function"==typeof n){var i=n.call(t,e);if("object"!=typeof i)throw new TypeError("RegExp exec method returned something other than an Object or null");return i}if("RegExp"!==r(t))throw new TypeError("RegExp#exec called on incompatible receiver");return o.call(t,e)}},function(t,e,n){var r=n(9),o=n(2)("toStringTag"),i="Arguments"==r(function(){return arguments}());t.exports=function(t){var e,n,u;return void 0===t?"Undefined":null===t?"Null":"string"==typeof(n=function(t,e){try{return t[e]}catch(t){}}(e=Object(t),o))?n:i?r(e):"Object"==(u=r(e))&&"function"==typeof e.callee?"Arguments":u}},function(t,e,n){"use strict";var r=n(3);t.exports=function(){var t=r(this),e="";return t.global&&(e+="g"),t.ignoreCase&&(e+="i"),t.multiline&&(e+="m"),t.unicode&&(e+="u"),t.sticky&&(e+="y"),e}},function(t,e,n){"use strict";n(27);var r=n(15),o=n(7),i=n(4),u=n(14),c=n(2),a=n(6),l=c("species"),f=!i(function(){var t=/./;return t.exec=function(){var t=[];return t.groups={a:"7"},t},"7"!=="".replace(t,"$<a>")}),s=function(){var t=/(?:)/,e=t.exec;t.exec=function(){return e.apply(this,arguments)};var n="ab".split(t);return 2===n.length&&"a"===n[0]&&"b"===n[1]}();t.exports=function(t,e,n){var p=c(t),d=!i(function(){var e={};return e[p]=function(){return 7},7!=""[t](e)}),v=d?!i(function(){var e=!1,n=/a/;return n.exec=function(){return e=!0,null},"split"===t&&(n.constructor={},n.constructor[l]=function(){return n}),n[p](""),!e}):void 0;if(!d||!v||"replace"===t&&!f||"split"===t&&!s){var g=/./[p],h=n(u,p,""[t],function(t,e,n,r,o){return e.exec===a?d&&!o?{done:!0,value:g.call(e,n,r)}:{done:!0,value:t.call(n,e,r)}:{done:!1}}),y=h[0],x=h[1];r(String.prototype,t,y),o(RegExp.prototype,p,2==e?function(t,e){return x.call(t,this,e)}:function(t){return x.call(t,this)})}}},function(t,e,n){"use strict";var r=n(6);n(28)({target:"RegExp",proto:!0,forced:r!==/./.exec},{exec:r})},function(t,e,n){var r=n(0),o=n(5),i=n(7),u=n(15),c=n(36),a=function(t,e,n){var l,f,s,p,d=t&a.F,v=t&a.G,g=t&a.S,h=t&a.P,y=t&a.B,x=v?r:g?r[e]||(r[e]={}):(r[e]||{}).prototype,m=v?o:o[e]||(o[e]={}),b=m.prototype||(m.prototype={});for(l in v&&(n=e),n)s=((f=!d&&x&&void 0!==x[l])?x:n)[l],p=y&&f?c(s,r):h&&"function"==typeof s?c(Function.call,s):s,x&&u(x,l,s,t&a.U),m[l]!=s&&i(m,l,p),h&&b[l]!=s&&(b[l]=s)};r.core=o,a.F=1,a.G=2,a.S=4,a.P=8,a.B=16,a.W=32,a.U=64,a.R=128,t.exports=a},function(t,e,n){var r=n(3),o=n(30),i=n(32),u=Object.defineProperty;e.f=n(8)?Object.defineProperty:function(t,e,n){if(r(t),e=i(e,!0),r(n),o)try{return u(t,e,n)}catch(t){}if("get"in n||"set"in n)throw TypeError("Accessors not supported!");return"value"in n&&(t[e]=n.value),t}},function(t,e,n){t.exports=!n(8)&&!n(4)(function(){return 7!=Object.defineProperty(n(31)("div"),"a",{get:function(){return 7}}).a})},function(t,e,n){var r=n(1),o=n(0).document,i=r(o)&&r(o.createElement);t.exports=function(t){return i?o.createElement(t):{}}},function(t,e,n){var r=n(1);t.exports=function(t,e){if(!r(t))return t;var n,o;if(e&&"function"==typeof(n=t.toString)&&!r(o=n.call(t)))return o;if("function"==typeof(n=t.valueOf)&&!r(o=n.call(t)))return o;if(!e&&"function"==typeof(n=t.toString)&&!r(o=n.call(t)))return o;throw TypeError("Can't convert object to primitive value")}},function(t,e){t.exports=function(t,e){return{enumerable:!(1&t),configurable:!(2&t),writable:!(4&t),value:e}}},function(t,e){var n={}.hasOwnProperty;t.exports=function(t,e){return n.call(t,e)}},function(t,e,n){t.exports=n(10)("native-function-to-string",Function.toString)},function(t,e,n){var r=n(12);t.exports=function(t,e,n){if(r(t),void 0===e)return t;switch(n){case 1:return function(n){return t.call(e,n)};case 2:return function(n,r){return t.call(e,n,r)};case 3:return function(n,r,o){return t.call(e,n,r,o)}}return function(){return t.apply(e,arguments)}}},function(t,e,n){"use strict";n.r(e),n(16);var r=function(t){var e=t.split("/").pop(),n=function(t){var e;return"function"==typeof window.Event?e=new Event(t):document.createEvent&&(e=document.createEvent("Event")).initEvent(t,!0,!0),e}("".concat(e,":loaded"));window.dispatchEvent(n)},o=function(t,e){for(;t[e[0]];){var n=e.shift();t[n].executed||(t[n].callback(),t[n].executed=!0,r(n))}},i=function(){return"currentScript"in document},u=function t(e,n,i,u){var c=(e.target||e.srcElement).getAttribute("src");n[c].removeEventListener("load",t),n[c].setAttribute("data-loaded","true"),i[c]||(i[c]={executed:!0},r(c)),delete n[c],o(i,u)},c=function(t,e,n,r){var o=function(){var t=document.createElement("script");return t.setAttribute("data-loaded","false"),t.type="text/javascript",t.charset="utf-8",t.async=i(),t}();return o.addEventListener("load",function(t){u(t,e,n,r)}),e[t]=o,o.src=t,e[t]};function a(t){var e=t.target||t.srcElement;e.setAttribute("media","all"),e.removeEventListener("load",a)}var l=function(){var t=document.getElementById("deferred-styles");if(t){var e=document.createElement("div");e.innerHTML=t.textContent;for(var n=e.getElementsByTagName("link"),r=0;r<n.length;r+=1)n[r].setAttribute("media","gertcha"),n[r].addEventListener("load",a);document.body.appendChild(e),t.parentElement.removeChild(t)}};n.d(e,"addDependencyQueue",function(){return g}),n.d(e,"_init",function(){return x}),n.d(e,"hasCurrentScript",function(){return i});var f={},s=[],p={},d=document.getElementsByTagName("head")[0];function v(t){var e=document.currentScript||v.currentScript;if(e){var n=e&&e.getAttribute("src");f[n]||(f[n]={callback:t,executed:!1}),o(f,s)}}function g(t){for(var e=0,n=t.length;e<n;e+=1){var r=t[e];if(!f[r]&&!p[r]){s.push(r);var o=c(r,p,f,s);d.appendChild(o)}}}function h(t){for(var e=0;e<t.length;e+=1)t[e]&&g(JSON.parse(t[e].innerHTML))}function y(){h(document.body.querySelectorAll("script[data-dependencies=deferred]")),requestAnimationFrame(l)}function x(){"loading"===document.readyState?document.addEventListener("DOMContentLoaded",y):y()}i()||Object.defineProperty(v,"currentScript",{get:function(){return d.querySelectorAll("script[data-loaded=false]")[0]}}),h(d.querySelectorAll("script[data-dependencies=immediate]")),window.addEventListener("load",function(){h(document.body.querySelectorAll("script[data-dependencies=late]"))}),x(),window.gertcha=v,v.addDependencyQueue=g,e.default=v}]));window.dataLayer = [{'cookiePreferences': JSON.parse(document.getElementById('cookiePreferences').innerText),'env':'container-prd','gtm.start':Date.now(),'event':'gtm.js'}];</script>
  <style data-styled="active" data-styled-version="5.3.3"></style>
<script nonce="">bazadebezolkohpepadr="192571967"</script><script type="text/javascript" src="./tesco_html_brand_petcare_files/b7a69ef" nonce="" defer=""></script><script data-loaded="true" type="text/javascript" charset="utf-8" async="" src="./tesco_html_brand_petcare_files/UK-554ab7b42e.en-GB.js.download"></script><script data-loaded="true" type="text/javascript" charset="utf-8" async="" src="./tesco_html_brand_petcare_files/static-vendor.bundle.07a529d39fa55b5a4b98.js.download"></script><script data-loaded="true" type="text/javascript" charset="utf-8" async="" src="./tesco_html_brand_petcare_files/static-common.bundle.926c5e26d972ffce7b3f.js.download"></script><script data-loaded="true" type="text/javascript" charset="utf-8" async="" src="./tesco_html_brand_petcare_files/static-categories.bundle.64935db59419f99294a0.js.download"></script><script data-loaded="true" type="text/javascript" charset="utf-8" async="" src="./tesco_html_brand_petcare_files/gtm.js.download"></script><script data-loaded="true" type="text/javascript" charset="utf-8" async="" src="./tesco_html_brand_petcare_files/gpt.js.download"></script><meta http-equiv="origin-trial" content="Az6AfRvI8mo7yiW5fLfj04W21t0ig6aMsGYpIqMTaX60H+b0DkO1uDr+7BrzMcimWzv/X7SXR8jI+uvbV0IJlwYAAACFeyJvcmlnaW4iOiJodHRwczovL2RvdWJsZWNsaWNrLm5ldDo0NDMiLCJmZWF0dXJlIjoiUHJpdmFjeVNhbmRib3hBZHNBUElzIiwiZXhwaXJ5IjoxNjgwNjUyNzk5LCJpc1N1YmRvbWFpbiI6dHJ1ZSwiaXNUaGlyZFBhcnR5Ijp0cnVlfQ=="><meta http-equiv="origin-trial" content="A+USTya+tNvDPaxUgJooz+LaVk5hPoAxpLvSxjogX4Mk8awCTQ9iop6zJ9d5ldgU7WmHqBlnQB41LHHRFxoaBwoAAACLeyJvcmlnaW4iOiJodHRwczovL2dvb2dsZXN5bmRpY2F0aW9uLmNvbTo0NDMiLCJmZWF0dXJlIjoiUHJpdmFjeVNhbmRib3hBZHNBUElzIiwiZXhwaXJ5IjoxNjgwNjUyNzk5LCJpc1N1YmRvbWFpbiI6dHJ1ZSwiaXNUaGlyZFBhcnR5Ijp0cnVlfQ=="><meta http-equiv="origin-trial" content="A7FovoGr67TUBYbnY+Z0IKoJbbmRmB8fCyirUGHavNDtD91CiGyHHSA2hDG9r9T3NjUKFi6egL3RbgTwhhcVDwUAAACLeyJvcmlnaW4iOiJodHRwczovL2dvb2dsZXRhZ3NlcnZpY2VzLmNvbTo0NDMiLCJmZWF0dXJlIjoiUHJpdmFjeVNhbmRib3hBZHNBUElzIiwiZXhwaXJ5IjoxNjgwNjUyNzk5LCJpc1N1YmRvbWFpbiI6dHJ1ZSwiaXNUaGlyZFBhcnR5Ijp0cnVlfQ=="><script src="./tesco_html_brand_petcare_files/pubads_impl_2022111501.js.download" nonce="" async=""></script><script id="gtagScr" src="./tesco_html_brand_petcare_files/js"></script><script charset="utf-8" src="./tesco_html_brand_petcare_files/dynamic-home.bundle.a8f2468331d996c0d6b6.js.download"></script></head>
<body id="data-attributes" data-language="en-GB" data-page="spa.js" data-app-name="prd" data-assets="{&quot;\u002Fimages\u002FHP_newuser_1.png&quot;:&quot;\u002Fimages\u002FHP_newuser_1-49fe2a5008.png&quot;,&quot;\u002Fimages\u002FHP_newuser_2.png&quot;:&quot;\u002Fimages\u002FHP_newuser_2-8954c4520e.png&quot;,&quot;\u002Fimages\u002FHP_newuser_3.png&quot;:&quot;\u002Fimages\u002FHP_newuser_3-96bc33ae4d.png&quot;,&quot;\u002Fimages\u002FHP_newuser_browse.png&quot;:&quot;\u002Fimages\u002FHP_newuser_browse-16d489042d.png&quot;,&quot;\u002Fimages\u002FHP_newuser_div.png&quot;:&quot;\u002Fimages\u002FHP_newuser_div-524b95e70d.png&quot;,&quot;\u002Fimages\u002FHP_newuser_pay.png&quot;:&quot;\u002Fimages\u002FHP_newuser_pay-577f94bf07.png&quot;,&quot;\u002Fimages\u002FHP_newuser_slot.png&quot;:&quot;\u002Fimages\u002FHP_newuser_slot-635faa26be.png&quot;,&quot;\u002Fimages\u002Fapple_contextcards.png&quot;:&quot;\u002Fimages\u002Fapple_contextcards-505ee64a75.png&quot;,&quot;\u002Fimages\u002Fbarbecue.jpg&quot;:&quot;\u002Fimages\u002Fbarbecue-3dfdb51489.jpg&quot;,&quot;\u002Fimages\u002Fbasket_icon.png&quot;:&quot;\u002Fimages\u002Fbasket_icon-32a5b5366f.png&quot;,&quot;\u002Fimages\u002Fbasket_icon.svg&quot;:&quot;\u002Fimages\u002Fbasket_icon-d551d82ae9.svg&quot;,&quot;\u002Fimages\u002Fboil.jpg&quot;:&quot;\u002Fimages\u002Fboil-bb437ff173.jpg&quot;,&quot;\u002Fimages\u002Fboil_bag.jpg&quot;:&quot;\u002Fimages\u002Fboil_bag-cb1abb96a9.jpg&quot;,&quot;\u002Fimages\u002Fbook_collection.png&quot;:&quot;\u002Fimages\u002Fbook_collection-27c9b8a110.png&quot;,&quot;\u002Fimages\u002Fbroken_eggs.png&quot;:&quot;\u002Fimages\u002Fbroken_eggs-261bc9a1d5.png&quot;,&quot;\u002Fimages\u002Fcherries.jpg&quot;:&quot;\u002Fimages\u002Fcherries-a9aa59cd06.jpg&quot;,&quot;\u002Fimages\u002Fcoffee_1.jpg&quot;:&quot;\u002Fimages\u002Fcoffee_1-2aabb3766a.jpg&quot;,&quot;\u002Fimages\u002Fcoffee_2.jpg&quot;:&quot;\u002Fimages\u002Fcoffee_2-8446fc55d2.jpg&quot;,&quot;\u002Fimages\u002Fcoffee_3.jpg&quot;:&quot;\u002Fimages\u002Fcoffee_3-185849a734.jpg&quot;,&quot;\u002Fimages\u002Fcoffee_4.jpg&quot;:&quot;\u002Fimages\u002Fcoffee_4-45ee1672ac.jpg&quot;,&quot;\u002Fimages\u002Fcoffee_5.jpg&quot;:&quot;\u002Fimages\u002Fcoffee_5-610a6325be.jpg&quot;,&quot;\u002Fimages\u002Fcogs.png&quot;:&quot;\u002Fimages\u002Fcogs-57335b794c.png&quot;,&quot;\u002Fimages\u002Fcollection_header.png&quot;:&quot;\u002Fimages\u002Fcollection_header-7f3c9dd017.png&quot;,&quot;\u002Fimages\u002Fcollection_step1.jpg&quot;:&quot;\u002Fimages\u002Fcollection_step1-8b062e06d3.jpg&quot;,&quot;\u002Fimages\u002Fcollection_step2.jpg&quot;:&quot;\u002Fimages\u002Fcollection_step2-35aa5b664f.jpg&quot;,&quot;\u002Fimages\u002Fcollection_step3.jpg&quot;:&quot;\u002Fimages\u002Fcollection_step3-001c9c3a84.jpg&quot;,&quot;\u002Fimages\u002Fcollection_step4.jpg&quot;:&quot;\u002Fimages\u002Fcollection_step4-1b3c493b88.jpg&quot;,&quot;\u002Fimages\u002Fdbd-registered.png&quot;:&quot;\u002Fimages\u002Fdbd-registered-1b8c83e84f.png&quot;,&quot;\u002Fimages\u002Fdeep_fry.jpg&quot;:&quot;\u002Fimages\u002Fdeep_fry-59e4d19c3b.jpg&quot;,&quot;\u002Fimages\u002Fdefault-image.png&quot;:&quot;\u002Fimages\u002Fdefault-image-c2ed3e2419.png&quot;,&quot;\u002Fimages\u002Fdefrost.jpg&quot;:&quot;\u002Fimages\u002Fdefrost-755e6e640f.jpg&quot;,&quot;\u002Fimages\u002Fdelivery_header.png&quot;:&quot;\u002Fimages\u002Fdelivery_header-18b6f2faef.png&quot;,&quot;\u002Fimages\u002Fdirect-marketing.png&quot;:&quot;\u002Fimages\u002Fdirect-marketing-074cdccbb0.png&quot;,&quot;\u002Fimages\u002Fdolphin_friendly.jpg&quot;:&quot;\u002Fimages\u002Fdolphin_friendly-124c28bb1a.jpg&quot;,&quot;\u002Fimages\u002Feuro-promo-bubble.png&quot;:&quot;\u002Fimages\u002Feuro-promo-bubble-cc0b9919eb.png&quot;,&quot;\u002Fimages\u002Fgiab_book_collection.png&quot;:&quot;\u002Fimages\u002Fgiab_book_collection-27c9b8a110.png&quot;,&quot;\u002Fimages\u002Fgradient.png&quot;:&quot;\u002Fimages\u002Fgradient-197811737f.png&quot;,&quot;\u002Fimages\u002Fgreen-point.png&quot;:&quot;\u002Fimages\u002Fgreen-point-cf3ca5d09d.png&quot;,&quot;\u002Fimages\u002Fgreen-point_grey-bg.png&quot;:&quot;\u002Fimages\u002Fgreen-point_grey-bg-c861ebb31d.png&quot;,&quot;\u002Fimages\u002Fgrey-point.png&quot;:&quot;\u002Fimages\u002Fgrey-point-bd795b8979.png&quot;,&quot;\u002Fimages\u002Fgrey-point_grey-bg.png&quot;:&quot;\u002Fimages\u002Fgrey-point_grey-bg-31f632b2a8.png&quot;,&quot;\u002Fimages\u002Fgrill.jpg&quot;:&quot;\u002Fimages\u002Fgrill-0daa649260.jpg&quot;,&quot;\u002Fimages\u002Fheader-banner.jpg&quot;:&quot;\u002Fimages\u002Fheader-banner-6c69dbe105.jpg&quot;,&quot;\u002Fimages\u002Fhob.jpg&quot;:&quot;\u002Fimages\u002Fhob-a173911a57.jpg&quot;,&quot;\u002Fimages\u002Fhot_curry.jpg&quot;:&quot;\u002Fimages\u002Fhot_curry-f7593b9696.jpg&quot;,&quot;\u002Fimages\u002Fimage_tomato.png&quot;:&quot;\u002Fimages\u002Fimage_tomato-97d2cff0c0.png&quot;,&quot;\u002Fimages\u002Fimage_tomato@2x.png&quot;:&quot;\u002Fimages\u002Fimage_tomato@2x-0e16be613d.png&quot;,&quot;\u002Fimages\u002Finspirational-content\u002Ftray-bake.jpg&quot;:&quot;\u002Fimages\u002Finspirational-content\u002Ftray-bake-b63acc2dd0.jpg&quot;,&quot;\u002Fimages\u002Fkosher.jpg&quot;:&quot;\u002Fimages\u002Fkosher-ab0a67484e.jpg&quot;,&quot;\u002Fimages\u002Flogo-authorised-seller-medicines.jpg&quot;:&quot;\u002Fimages\u002Flogo-authorised-seller-medicines-73c1865e7c.jpg&quot;,&quot;\u002Fimages\u002Flow_fat.jpg&quot;:&quot;\u002Fimages\u002Flow_fat-c0b589aa82.jpg&quot;,&quot;\u002Fimages\u002Flow_gi.jpg&quot;:&quot;\u002Fimages\u002Flow_gi-0af81a4e2f.jpg&quot;,&quot;\u002Fimages\u002Flow_salt.jpg&quot;:&quot;\u002Fimages\u002Flow_salt-0ac4aeb027.jpg&quot;,&quot;\u002Fimages\u002Flow_saturates.jpg&quot;:&quot;\u002Fimages\u002Flow_saturates-443bfdad24.jpg&quot;,&quot;\u002Fimages\u002Fmanvan.png&quot;:&quot;\u002Fimages\u002Fmanvan-33ee5bc635.png&quot;,&quot;\u002Fimages\u002Fmature_cheese.jpg&quot;:&quot;\u002Fimages\u002Fmature_cheese-111779e7a3.jpg&quot;,&quot;\u002Fimages\u002Fmedicine.png&quot;:&quot;\u002Fimages\u002Fmedicine-1d03ae5ff9.png&quot;,&quot;\u002Fimages\u002Fmedium_cheese.jpg&quot;:&quot;\u002Fimages\u002Fmedium_cheese-b8727ad0e7.jpg&quot;,&quot;\u002Fimages\u002Fmedium_curry.jpg&quot;:&quot;\u002Fimages\u002Fmedium_curry-730c7027c8.jpg&quot;,&quot;\u002Fimages\u002Fmedium_gi.jpg&quot;:&quot;\u002Fimages\u002Fmedium_gi-4920aae03e.jpg&quot;,&quot;\u002Fimages\u002Fmicrowave.jpg&quot;:&quot;\u002Fimages\u002Fmicrowave-6cace97efc.jpg&quot;,&quot;\u002Fimages\u002Fmicrowave_bag.jpg&quot;:&quot;\u002Fimages\u002Fmicrowave_bag-4b61fb6e06.jpg&quot;,&quot;\u002Fimages\u002Fmicrowave_tray.jpg&quot;:&quot;\u002Fimages\u002Fmicrowave_tray-95a85d5c00.jpg&quot;,&quot;\u002Fimages\u002Fmild_cheese.jpg&quot;:&quot;\u002Fimages\u002Fmild_cheese-69c5c5542a.jpg&quot;,&quot;\u002Fimages\u002Fmild_curry.jpg&quot;:&quot;\u002Fimages\u002Fmild_curry-5943fbf8c7.jpg&quot;,&quot;\u002Fimages\u002Fmsc.jpg&quot;:&quot;\u002Fimages\u002Fmsc-bfcfc05378.jpg&quot;,&quot;\u002Fimages\u002Fno-image.jpg&quot;:&quot;\u002Fimages\u002Fno-image-af90cc3673.jpg&quot;,&quot;\u002Fimages\u002Forange-point.png&quot;:&quot;\u002Fimages\u002Forange-point-785bafd1d7.png&quot;,&quot;\u002Fimages\u002Forange-point_grey-bg.png&quot;:&quot;\u002Fimages\u002Forange-point_grey-bg-5c3d4e6b0a.png&quot;,&quot;\u002Fimages\u002Fout-of-catchment\u002Fblurred-desktop.jpg&quot;:&quot;\u002Fimages\u002Fout-of-catchment\u002Fblurred-desktop-6ff2f8ba47.jpg&quot;,&quot;\u002Fimages\u002Fout-of-catchment\u002Fblurred-mobile.jpg&quot;:&quot;\u002Fimages\u002Fout-of-catchment\u002Fblurred-mobile-63b83d8d0d.jpg&quot;,&quot;\u002Fimages\u002Fout-of-catchment\u002Fblurred-tablet.jpg&quot;:&quot;\u002Fimages\u002Fout-of-catchment\u002Fblurred-tablet-6f19611880.jpg&quot;,&quot;\u002Fimages\u002Foven.jpg&quot;:&quot;\u002Fimages\u002Foven-62af8dda97.jpg&quot;,&quot;\u002Fimages\u002Foven_frozen.jpg&quot;:&quot;\u002Fimages\u002Foven_frozen-11933107c8.jpg&quot;,&quot;\u002Fimages\u002Fperfect_cook_timer.jpg&quot;:&quot;\u002Fimages\u002Fperfect_cook_timer-08584d05eb.jpg&quot;,&quot;\u002Fimages\u002Fred_tractor.jpg&quot;:&quot;\u002Fimages\u002Fred_tractor-f62d366f99.jpg&quot;,&quot;\u002Fimages\u002Freduced_fat.jpg&quot;:&quot;\u002Fimages\u002Freduced_fat-a495f24be0.jpg&quot;,&quot;\u002Fimages\u002Freduced_salt.jpg&quot;:&quot;\u002Fimages\u002Freduced_salt-74d228ddbd.jpg&quot;,&quot;\u002Fimages\u002Freduced_saturates.jpg&quot;:&quot;\u002Fimages\u002Freduced_saturates-17ed36057e.jpg&quot;,&quot;\u002Fimages\u002Fsadphone.png&quot;:&quot;\u002Fimages\u002Fsadphone-bcfc997261.png&quot;,&quot;\u002Fimages\u002Fsamples\u002FTH-live-chat.png&quot;:&quot;\u002Fimages\u002Fsamples\u002FTH-live-chat-eb75bdacbb.png&quot;,&quot;\u002Fimages\u002Fsamples\u002Fbaby.jpg&quot;:&quot;\u002Fimages\u002Fsamples\u002Fbaby-e9d81c8545.jpg&quot;,&quot;\u002Fimages\u002Fsamples\u002Fbest-sellers.jpg&quot;:&quot;\u002Fimages\u002Fsamples\u002Fbest-sellers-d43a871886.jpg&quot;,&quot;\u002Fimages\u002Fsamples\u002Fbroccoli.jpg&quot;:&quot;\u002Fimages\u002Fsamples\u002Fbroccoli-fd53f37acb.jpg&quot;,&quot;\u002Fimages\u002Fsamples\u002Fclubcard-icon.png&quot;:&quot;\u002Fimages\u002Fsamples\u002Fclubcard-icon-6d0af67bae.png&quot;,&quot;\u002Fimages\u002Fsamples\u002Fdelivery.jpg&quot;:&quot;\u002Fimages\u002Fsamples\u002Fdelivery-d7f137b380.jpg&quot;,&quot;\u002Fimages\u002Fsamples\u002Fdrinks-large.jpg&quot;:&quot;\u002Fimages\u002Fsamples\u002Fdrinks-large-0e6b8dd8b8.jpg&quot;,&quot;\u002Fimages\u002Fsamples\u002Ffood-cupboard.jpg&quot;:&quot;\u002Fimages\u002Fsamples\u002Ffood-cupboard-db40bca55f.jpg&quot;,&quot;\u002Fimages\u002Fsamples\u002Ffresh-food.jpg&quot;:&quot;\u002Fimages\u002Fsamples\u002Ffresh-food-27d4db8d8c.jpg&quot;,&quot;\u002Fimages\u002Fsamples\u002Fguide-price.png&quot;:&quot;\u002Fimages\u002Fsamples\u002Fguide-price-e2bfd5d7ff.png&quot;,&quot;\u002Fimages\u002Fsamples\u002Fhealth-and-beauty.jpg&quot;:&quot;\u002Fimages\u002Fsamples\u002Fhealth-and-beauty-a0f002bb40.jpg&quot;,&quot;\u002Fimages\u002Fsamples\u002Fhealth-beauty-large.jpg&quot;:&quot;\u002Fimages\u002Fsamples\u002Fhealth-beauty-large-3d3ada94fd.jpg&quot;,&quot;\u002Fimages\u002Fsamples\u002Fhousehold.jpg&quot;:&quot;\u002Fimages\u002Fsamples\u002Fhousehold-bb49fd8eeb.jpg&quot;,&quot;\u002Fimages\u002Fsamples\u002Ficon-clickcollect.png&quot;:&quot;\u002Fimages\u002Fsamples\u002Ficon-clickcollect-5a9bf98524.png&quot;,&quot;\u002Fimages\u002Fsamples\u002Ficon-clickcollect.svg&quot;:&quot;\u002Fimages\u002Fsamples\u002Ficon-clickcollect-ebc1a8c432.svg&quot;,&quot;\u002Fimages\u002Fsamples\u002Fimage-unavailable-placeholder-300316.jpg&quot;:&quot;\u002Fimages\u002Fsamples\u002Fimage-unavailable-placeholder-300316-f5410830e5.jpg&quot;,&quot;\u002Fimages\u002Fsamples\u002Fimage-unavailable-placeholder-example.png&quot;:&quot;\u002Fimages\u002Fsamples\u002Fimage-unavailable-placeholder-example-2e0c3ec0c4.png&quot;,&quot;\u002Fimages\u002Fsamples\u002Flabel-icon-red.png&quot;:&quot;\u002Fimages\u002Fsamples\u002Flabel-icon-red-d68988b4e0.png&quot;,&quot;\u002Fimages\u002Fsamples\u002Flabel-icon.png&quot;:&quot;\u002Fimages\u002Fsamples\u002Flabel-icon-83ae1f30a5.png&quot;,&quot;\u002Fimages\u002Fsamples\u002Fman-with-basket.png&quot;:&quot;\u002Fimages\u002Fsamples\u002Fman-with-basket-8c8cccc39f.png&quot;,&quot;\u002Fimages\u002Fsamples\u002Forganic.jpg&quot;:&quot;\u002Fimages\u002Fsamples\u002Forganic-e63bae251c.jpg&quot;,&quot;\u002Fimages\u002Fsamples\u002Fpets.jpg&quot;:&quot;\u002Fimages\u002Fsamples\u002Fpets-e5182b3b78.jpg&quot;,&quot;\u002Fimages\u002Fsamples\u002Fpicnic.jpg&quot;:&quot;\u002Fimages\u002Fsamples\u002Fpicnic-3e487bcda8.jpg&quot;,&quot;\u002Fimages\u002Fsamples\u002Fping.png&quot;:&quot;\u002Fimages\u002Fsamples\u002Fping-ccfcd5b1ef.png&quot;,&quot;\u002Fimages\u002Fsamples\u002Fproducts.png&quot;:&quot;\u002Fimages\u002Fsamples\u002Fproducts-e08b0479a8.png&quot;,&quot;\u002Fimages\u002Fsamples\u002Fpromotions-large-tomatoes.jpg&quot;:&quot;\u002Fimages\u002Fsamples\u002Fpromotions-large-tomatoes-7986a30124.jpg&quot;,&quot;\u002Fimages\u002Fsamples\u002Fready-meals.jpg&quot;:&quot;\u002Fimages\u002Fsamples\u002Fready-meals-4a029e41c8.jpg&quot;,&quot;\u002Fimages\u002Fsamples\u002Fslider\u002FFreshMeat.jpg&quot;:&quot;\u002Fimages\u002Fsamples\u002Fslider\u002FFreshMeat-ad0a01af37.jpg&quot;,&quot;\u002Fimages\u002Fsamples\u002Fslider\u002FReadyMeal.jpg&quot;:&quot;\u002Fimages\u002Fsamples\u002Fslider\u002FReadyMeal-21043b14c8.jpg&quot;,&quot;\u002Fimages\u002Fsamples\u002Fslider\u002FYogurt.jpg&quot;:&quot;\u002Fimages\u002Fsamples\u002Fslider\u002FYogurt-7653a41d7d.jpg&quot;,&quot;\u002Fimages\u002Fsamples\u002Fslider\u002Fsalad.jpg&quot;:&quot;\u002Fimages\u002Fsamples\u002Fslider\u002Fsalad-021375c93c.jpg&quot;,&quot;\u002Fimages\u002Fsamples\u002Ftesco-brand.jpg&quot;:&quot;\u002Fimages\u002Fsamples\u002Ftesco-brand-59608c38d1.jpg&quot;,&quot;\u002Fimages\u002Fsamples\u002Ftruck-tesco-logo.png&quot;:&quot;\u002Fimages\u002Fsamples\u002Ftruck-tesco-logo-0302f48739.png&quot;,&quot;\u002Fimages\u002Fsamples\u002Fyellow_arrow_down.png&quot;:&quot;\u002Fimages\u002Fsamples\u002Fyellow_arrow_down-2e71d59753.png&quot;,&quot;\u002Fimages\u002Fshallow_fry.jpg&quot;:&quot;\u002Fimages\u002Fshallow_fry-b9e26b3bcf.jpg&quot;,&quot;\u002Fimages\u002Fsimmer.jpg&quot;:&quot;\u002Fimages\u002Fsimmer-79caa9fee4.jpg&quot;,&quot;\u002Fimages\u002Fslots-hub\u002Fapple_@2x.png&quot;:&quot;\u002Fimages\u002Fslots-hub\u002Fapple_@2x-673aebfddc.png&quot;,&quot;\u002Fimages\u002Fslots-hub\u002Fapple_normal.png&quot;:&quot;\u002Fimages\u002Fslots-hub\u002Fapple_normal-c2db227686.png&quot;,&quot;\u002Fimages\u002Fslots-hub\u002Fcollection_@2x.png&quot;:&quot;\u002Fimages\u002Fslots-hub\u002Fcollection_@2x-1e807b1ee0.png&quot;,&quot;\u002Fimages\u002Fslots-hub\u002Fcollection_normal.png&quot;:&quot;\u002Fimages\u002Fslots-hub\u002Fcollection_normal-26a196d0b5.png&quot;,&quot;\u002Fimages\u002Fslots-hub\u002Fdelivery_normal.png&quot;:&quot;\u002Fimages\u002Fslots-hub\u002Fdelivery_normal-a249611624.png&quot;,&quot;\u002Fimages\u002Fslots-hub\u002Fdelivery_van@2x.png&quot;:&quot;\u002Fimages\u002Fslots-hub\u002Fdelivery_van@2x-a47060a442.png&quot;,&quot;\u002Fimages\u002Fslots-hub\u002Ffree_trial.png&quot;:&quot;\u002Fimages\u002Fslots-hub\u002Ffree_trial-4209f25f2a.png&quot;,&quot;\u002Fimages\u002Fslots-hub\u002Ffree_trial_2x.png&quot;:&quot;\u002Fimages\u002Fslots-hub\u002Ffree_trial_2x-2ae4d3804c.png&quot;,&quot;\u002Fimages\u002Fslots-hub\u002Fie\u002Fdelivery_van@2x.png&quot;:&quot;\u002Fimages\u002Fslots-hub\u002Fie\u002Fdelivery_van@2x-6e7bf3e7ba.png&quot;,&quot;\u002Fimages\u002Fslots-hub\u002Fmotorcycle@2x.png&quot;:&quot;\u002Fimages\u002Fslots-hub\u002Fmotorcycle@2x-7eccc617aa.png&quot;,&quot;\u002Fimages\u002Fslots-hub\u002Fondemand-whoosh@2x.png&quot;:&quot;\u002Fimages\u002Fslots-hub\u002Fondemand-whoosh@2x-567b31e8e8.png&quot;,&quot;\u002Fimages\u002Fslots-hub\u002Fondemandcollection-whoosh@2x.png&quot;:&quot;\u002Fimages\u002Fslots-hub\u002Fondemandcollection-whoosh@2x-7e0ef87982.png&quot;,&quot;\u002Fimages\u002Fslots-hub\u002Fprice-free.png&quot;:&quot;\u002Fimages\u002Fslots-hub\u002Fprice-free-18ebd82c03.png&quot;,&quot;\u002Fimages\u002Fslots-hub\u002Fprice-from.png&quot;:&quot;\u002Fimages\u002Fslots-hub\u002Fprice-from-5e4a19c30f.png&quot;,&quot;\u002Fimages\u002Fsteam.jpg&quot;:&quot;\u002Fimages\u002Fsteam-734da45ed2.jpg&quot;,&quot;\u002Fimages\u002Fstir_fry.jpg&quot;:&quot;\u002Fimages\u002Fstir_fry-d490111a66.jpg&quot;,&quot;\u002Fimages\u002Fsuitable_for_home_freezing.jpg&quot;:&quot;\u002Fimages\u002Fsuitable_for_home_freezing-7278624a1a.jpg&quot;,&quot;\u002Fimages\u002Ftea_1.jpg&quot;:&quot;\u002Fimages\u002Ftea_1-f4e695c3b4.jpg&quot;,&quot;\u002Fimages\u002Ftea_2.jpg&quot;:&quot;\u002Fimages\u002Ftea_2-bbdc4c8abe.jpg&quot;,&quot;\u002Fimages\u002Ftea_3.jpg&quot;:&quot;\u002Fimages\u002Ftea_3-724adb9c61.jpg&quot;,&quot;\u002Fimages\u002Ftea_4.jpg&quot;:&quot;\u002Fimages\u002Ftea_4-c32f58cd7f.jpg&quot;,&quot;\u002Fimages\u002Ftea_5.jpg&quot;:&quot;\u002Fimages\u002Ftea_5-5b68628c35.jpg&quot;,&quot;\u002Fimages\u002Ftesco_logo.png&quot;:&quot;\u002Fimages\u002Ftesco_logo-7fdd0f8480.png&quot;,&quot;\u002Fimages\u002Ftoast.jpg&quot;:&quot;\u002Fimages\u002Ftoast-1a28be72db.jpg&quot;,&quot;\u002Fimages\u002Fvegan.jpg&quot;:&quot;\u002Fimages\u002Fvegan-7bf83082ad.jpg&quot;,&quot;\u002Fimages\u002Fvegetarian.jpg&quot;:&quot;\u002Fimages\u002Fvegetarian-8abf6db5ad.jpg&quot;,&quot;\u002Fimages\u002Fwaiting-room.jpg&quot;:&quot;\u002Fimages\u002Fwaiting-room-2e019bd025.jpg&quot;,&quot;\u002Fimages\u002Fwine_1.jpg&quot;:&quot;\u002Fimages\u002Fwine_1-65cb457a59.jpg&quot;,&quot;\u002Fimages\u002Fwine_2.jpg&quot;:&quot;\u002Fimages\u002Fwine_2-3bba8cd58a.jpg&quot;,&quot;\u002Fimages\u002Fwine_3.jpg&quot;:&quot;\u002Fimages\u002Fwine_3-69cf95bf91.jpg&quot;,&quot;\u002Fimages\u002Fwine_4.jpg&quot;:&quot;\u002Fimages\u002Fwine_4-3c04211129.jpg&quot;,&quot;\u002Fimages\u002Fwine_5.jpg&quot;:&quot;\u002Fimages\u002Fwine_5-d497b4f04e.jpg&quot;,&quot;\u002Fimages\u002Fwine_6.jpg&quot;:&quot;\u002Fimages\u002Fwine_6-182b494026.jpg&quot;,&quot;\u002Fimages\u002Fwine_7.jpg&quot;:&quot;\u002Fimages\u002Fwine_7-49b82728f3.jpg&quot;,&quot;\u002Fimages\u002Fwine_8.jpg&quot;:&quot;\u002Fimages\u002Fwine_8-01de558a33.jpg&quot;,&quot;\u002Fimages\u002Fwine_a.jpg&quot;:&quot;\u002Fimages\u002Fwine_a-981caeb691.jpg&quot;,&quot;\u002Fimages\u002Fwine_b.jpg&quot;:&quot;\u002Fimages\u002Fwine_b-31be5a1750.jpg&quot;,&quot;\u002Fimages\u002Fwine_c.jpg&quot;:&quot;\u002Fimages\u002Fwine_c-031a0b27eb.jpg&quot;,&quot;\u002Fimages\u002Fwine_d.jpg&quot;:&quot;\u002Fimages\u002Fwine_d-2488cb3701.jpg&quot;,&quot;\u002Fimages\u002Fwine_e.jpg&quot;:&quot;\u002Fimages\u002Fwine_e-613120eb78.jpg&quot;,&quot;\u002Fimages\u002Fxmas-buylist-modal\u002FChristmas-Food-Phase3-sides.jpg&quot;:&quot;\u002Fimages\u002Fxmas-buylist-modal\u002FChristmas-Food-Phase3-sides-a085cb55cb.jpg&quot;,&quot;\u002Fimages\u002Fxmas-buylist-modal\u002FChristmas-Food-Phase3-turkey.jpg&quot;:&quot;\u002Fimages\u002Fxmas-buylist-modal\u002FChristmas-Food-Phase3-turkey-dec4d2643f.jpg&quot;,&quot;\u002Fimages\u002Fxmas-buylist-modal\u002FCracklingGammonJointMapleBourbonGlaze.jpg&quot;:&quot;\u002Fimages\u002Fxmas-buylist-modal\u002FCracklingGammonJointMapleBourbonGlaze-7e260b6c21.jpg&quot;,&quot;\u002Fimages\u002Fxmas-buylist-modal\u002FFinestChocolateOrangeGingerCake_Option_3.jpg&quot;:&quot;\u002Fimages\u002Fxmas-buylist-modal\u002FFinestChocolateOrangeGingerCake_Option_3-520a64c607.jpg&quot;,&quot;\u002Fimages\u002Fxmas-buylist-modal\u002FFinestChristmasDinnerfor2.jpg&quot;:&quot;\u002Fimages\u002Fxmas-buylist-modal\u002FFinestChristmasDinnerfor2-01a3b10f08.jpg&quot;,&quot;\u002Fimages\u002Fxmas-buylist-modal\u002FTesco_Easy_Carve_Lamb_Shoulder_with_Wild_Garlic.jpg&quot;:&quot;\u002Fimages\u002Fxmas-buylist-modal\u002FTesco_Easy_Carve_Lamb_Shoulder_with_Wild_Garlic-ea6767c6e2.jpg&quot;,&quot;\u002Fscripts\u002Fforesee-config.js&quot;:&quot;\u002Fscripts\u002Fforesee-config-5f1688d2fc.js&quot;,&quot;\u002Fstyles\u002Ficons\u002Fsprites\u002Fpng\u002Fpayment-icons.png&quot;:&quot;\u002Fstyles\u002Ficons\u002Fsprites\u002Fpng\u002Fpayment-icons-afc1809efb.png&quot;,&quot;\u002Fstyles\u002Ficons\u002Fsprites\u002Fsvg\u002Fhazardous-icons.svg&quot;:&quot;\u002Fstyles\u002Ficons\u002Fsprites\u002Fsvg\u002Fhazardous-icons-f8a76d4f0d.svg&quot;}" data-device="{&quot;userAgent&quot;:&quot;Mozilla\u002F5.0 (Windows NT 10.0; Win64; x64) AppleWebKit\u002F537.36 (KHTML, like Gecko) Chrome\u002F107.0.0.0 Safari\u002F537.36&quot;,&quot;cutsMustard&quot;:true,&quot;showBrowserWarning&quot;:false,&quot;isStockAndroid&quot;:false,&quot;isOldAndroid&quot;:false,&quot;deviceType&quot;:&quot;desktop&quot;,&quot;browserType&quot;:&quot;Chrome&quot;,&quot;operatingSystem&quot;:&quot;Windows&quot;,&quot;operatingSystemMajorVersion&quot;:10,&quot;osName&quot;:&quot;Windows&quot;,&quot;osMajorVersion&quot;:&quot;10&quot;,&quot;browserVersion&quot;:&quot;107&quot;}" data-csrf-token="0WbpBJF9-cS-fAMl-ByHnl5hECj1JaZiBQ20" data-environment="container" data-features="{&quot;includeFulfilmentOptions&quot;:true,&quot;bypassOptimizelyAndUseFirstNonDefaultVariant&quot;:false,&quot;bypassOptimizelyAndUseDefaultVariant&quot;:false,&quot;GDPRCompliance&quot;:true,&quot;forceFallbackHomePageData&quot;:false,&quot;showSlotsHub&quot;:true,&quot;eventsPage&quot;:true,&quot;feedbackLinks&quot;:true,&quot;foresee&quot;:true,&quot;multiSearchEnabled&quot;:true,&quot;optimizelyEnabled&quot;:true,&quot;debugExperiments&quot;:false,&quot;useEmailWhitelist&quot;:true,&quot;useUpdatedServiceChargeLabels&quot;:true,&quot;allowMultipleAddresses&quot;:true,&quot;dfpProductList&quot;:true,&quot;showShelfLifeInfo&quot;:true,&quot;showPickerNotes&quot;:true,&quot;showLineItemSubstitutionPreference&quot;:true,&quot;enableSubstitutionPreferences&quot;:true,&quot;enableLifestyleAndDietaryProductFilters&quot;:true,&quot;enableRatingsReviewsSubmission&quot;:true,&quot;enableRatingsReviewsListing&quot;:true,&quot;enableVatInvoice&quot;:false,&quot;displayNewFulfilmentUI&quot;:true,&quot;enableWismo&quot;:true,&quot;enableLoginUsingMobileNumber&quot;:false,&quot;showFDOXMessaging&quot;:false,&quot;testDFPBanners&quot;:false,&quot;allowAmendSlot&quot;:true}" data-grocery-domain="www.tesco.com" data-base-path="groceries" data-icons-svg="/groceries/web-assets/styles/icons/data.svg/UK-9c7463c43f.css" data-logged-in-action="" data-region="UK" data-consumer="default" data-external-secure-domain="https://secure.tesco.com" data-timezone="Europe/London" data-user-details="{&quot;isAuthenticated&quot;:false,&quot;isRegistered&quot;:false,&quot;isFirstTimeBuyer&quot;:false,&quot;segments&quot;:[],&quot;atrc&quot;:&quot;f2bd100c-2ff5-43c4-b661-c566f00a1f75&quot;,&quot;storeId&quot;:&quot;3060&quot;,&quot;trkid&quot;:&quot;2ad4ceeb-2df5-436e-9960-9a539674b6aa&quot;}" class="">
<div id="content"><div><div class="content-wrapper  "><div id="sticky-bar-wrapper" class="styled__StickyBarWrapper-m9pl68-0 lirHUY sticky-bar-container"><div id="sticky-bar-cookie-wrapper" class="styled__StickyBarCookieWrapper-m9pl68-1 jQHqgy sticky-bar-ddl"><span></span></div></div><div class="header-wrapper"><nav id="skip-links" aria-label="Skip links"><div role="presentation"><ul class="base-components__BaseList-sc-1mosoyj-2 styled__List-dbleqk-0 hbeGIw kdUHwa styled__SkipToContentStyled-s7psqt-0 kzLKLf skip-to-content beans-skip-to-content__list"><li class="styled__ListItem-dbleqk-1 fhDYUg beans-skip-to-content__list-item"><a class="styled__Anchor-sc-1xbujuz-0 cwkdVr styled__StyledLink-dbleqk-2 jlOzJT beans-skip-to-content__link beans-link__anchor" href="https://www.tesco.com/groceries/en-GB/shop/pets/all#main"><span class="styled__Text-sc-1xbujuz-1 ldbwMG beans-link__text">Skip to main content</span></a></li><li class="styled__ListItem-dbleqk-1 fhDYUg beans-skip-to-content__list-item"><a class="styled__Anchor-sc-1xbujuz-0 cwkdVr styled__StyledLink-dbleqk-2 jlOzJT beans-skip-to-content__link beans-link__anchor" href="https://www.tesco.com/groceries/en-GB/shop/pets/all#search-input"><span class="styled__Text-sc-1xbujuz-1 ldbwMG beans-link__text">Skip to search</span></a></li><li class="styled__ListItem-dbleqk-1 fhDYUg beans-skip-to-content__list-item"><a class="styled__Anchor-sc-1xbujuz-0 cwkdVr styled__StyledLink-dbleqk-2 jlOzJT beans-skip-to-content__link beans-link__anchor" href="https://www.tesco.com/groceries/en-GB/shop/pets/all#mini-trolley"><span class="styled__Text-sc-1xbujuz-1 ldbwMG beans-link__text">Skip to basket</span></a></li></ul></div></nav><nav aria-label="Account links" class="base-components__RootElement-sc-1mosoyj-1 styled__Container-nyybm8-0 kochV fGFLqh utility-header__StyledAppBar-iaq4c3-0 kbJIun utility-bar utility-bar-sticky beans-appbar__container" role="navigation"><div class="base-components__RootElement-sc-1mosoyj-1 styled-slwnqq-0 jptQqM klNHKd styled__StyledGrid-nyybm8-1 biNYOO beans-appbar__grid beans-grid__container"><div class="base-components__RootElement-sc-1mosoyj-1 styled-erqp9a-0 jptQqM eXOEcI styled__StyledRow-nyybm8-2 lmlFRV beans-appbar__row beans-grid__row"><div class="base-components__RootElement-sc-1mosoyj-1 styled-sc-1p7y193-0 jptQqM dToEom styled__StyledColumn-nyybm8-3 odkLa beans-appbar__column beans-grid__column"><ul aria-orientation="horizontal" class="base-components__BaseList-sc-1mosoyj-2 styled__UnorderedList-sc-1jzfemx-0 hbeGIw lfYWQr beans-appbar__menu-list beans-menu__menu-list" direction="leftToRight" orientation="horizontal" role="menubar" tabindex="-1"><li class="styled__ListItem-sc-7fugv7-0 jBBTTu beans-appbar__menu-item beans-menu__menu-item" orientation="horizontal" role="menuitem"><a class="styled__Anchor-sc-1xbujuz-0 bDhkHK beans-menu__menu-item-node beans-link__anchor" role="button" href="https://secure.tesco.com/account/en-GB/register?newReg=true&amp;from=https%3A%2F%2Fwww.tesco.com%2Fgroceries%2Fen-GB%2Fshop%2Ffresh-food%2Fchristmas-fresh-food%2Fall%3Fcount%3D48%26page%3D2" id="utility-header-registration-link" aria-current="false" aria-haspopup="false"><span class="styled__Text-sc-1xbujuz-1 ldbwMG beans-link__text">Register</span></a></li><li class="styled__ListItem-sc-7fugv7-0 jBBTTu beans-appbar__menu-item beans-menu__menu-item" orientation="horizontal" role="menuitem"><a class="styled__Anchor-sc-1xbujuz-0 bDhkHK beans-menu__menu-item-node beans-link__anchor" role="button" href="https://www.tesco.com/account/login/en-GB?from=https%3A%2F%2Fwww.tesco.com%2Fgroceries%2Fen-GB%2Fshop%2Ffresh-food%2Fchristmas-fresh-food%2Fall%3Fcount%3D48%26page%3D2" id="utility-header-login-link" aria-current="false" aria-haspopup="false"><span class="styled__Text-sc-1xbujuz-1 ldbwMG beans-link__text">Sign in</span></a></li><li class="styled__ListItem-sc-7fugv7-0 jBBTTu beans-appbar__menu-item beans-menu__menu-item" orientation="horizontal" role="menuitem" rel="help noopener"><a class="styled__Anchor-sc-1xbujuz-0 bDhkHK beans-menu__menu-item-node beans-link__anchor" role="button" href="https://www.tesco.com/help/contact/" id="utility-header-contact-us-link" rel="help noopener" aria-current="false" aria-haspopup="false"><span class="styled__Text-sc-1xbujuz-1 ldbwMG beans-link__text">Contact us</span></a></li><li class="styled__ListItem-sc-7fugv7-0 jBBTTu beans-appbar__menu-item beans-menu__menu-item" orientation="horizontal" role="menuitem" target="_blank" rel="help noopener"><a class="styled__Anchor-sc-1xbujuz-0 bDhkHK beans-menu__menu-item-node beans-link__anchor" role="button" href="https://www.tesco.com/groceries/en-GB/help/" id="utility-header-help-link" target="_blank" rel="help noopener" aria-current="false" aria-haspopup="false"><span class="styled__Text-sc-1xbujuz-1 ldbwMG beans-link__text">Help</span></a></li></ul></div></div></div></nav><div class="brand-header-wrapper"><header class="brand-header brand-header--sticky brand-header--with-search brand-header--multi-search-enabled"><div class="brand-header__main-column"><div class="brand-header__main"><div class="brand-header__nav-button"><a aria-controls="nav" aria-haspopup="true" aria-expanded="false" role="button" data-auto="burger-menu-icon" class="icon-burger_menu_icon" href="https://www.tesco.com/groceries/en-GB/shop/pets/all#nav"><span class="visually-hidden">Open navigation</span></a></div><div class="brand-header__logo"><a href="https://www.tesco.com/groceries/en-GB/" class="brand-logo-link  pull-left" title="Go to homepage"><svg class="beans-dynamic-logo__logo beans-tesco-logo__svg" preserveAspectRatio="xMinYMax meet" viewBox="0 0 121 35" xmlns="http://www.w3.org/2000/svg"><title>Tesco Home</title><defs><path d="M.218 6.389h23.973V.366H.218v6.023z" id="tesco-logo-a"></path><path d="M.376 6.389h23.973V.366H.376z" id="tesco-logo-c"></path><path d="M.11 6.389h23.972V.366H.11v6.023z" id="tesco-logo-e"></path><path d="M.267 6.389H24.24V.366H.267v6.023z" id="tesco-logo-g"></path><path d="M0 6.389h23.973V.366H0v6.023z" id="tesco-logo-i"></path></defs><g fill="none" fill-rule="evenodd"><path d="M84.647 0c2.538 0 4.735.31 6.5.777v5.405c-1.734-1.77-3.776-2.889-6.47-2.889-4.92 0-8.201 3.449-8.201 8.047 0 4.598 3.28 8.046 8.202 8.046 2.693 0 4.735-1.118 6.469-2.889v5.406c-1.765.466-3.962.807-6.5.807-8.512 0-14.671-4.256-14.671-11.37 0-7.115 6.16-11.34 14.67-11.34zM60.474 8.823c4.24.59 7.768 2.082 7.768 6.71 0 5.438-5.138 7.177-10.678 7.147-3.869-.032-7.15-.404-9.564-1.368v-4.877c3.436 2.237 6.964 2.951 9.564 2.951 2.693 0 5.17-.652 5.17-2.702s-2.291-2.548-6.996-3.263C51.683 12.8 48 11.06 47.968 7.052 47.939 1.647 53.046 0 57.936 0c3.158 0 6.222.373 9.038 1.305v5.25c-2.352-2.081-5.85-3.262-9.285-3.262-2.322 0-4.52.746-4.52 2.486 0 2.174 3.25 2.485 7.306 3.044zM37.136 18.92c2.507 0 6.685-.59 8.326-2.05v5.343H27.665c.866-1.025 1.02-1.709 1.02-3.79V4.256c0-2.081-.154-2.765-1.02-3.79h16.868V5.81c-1.64-1.46-5.819-2.05-8.326-2.05h-1.98v5.778h1.454c1.424 0 3.621-.062 5.076-.59v4.287c-1.455-.528-3.652-.59-5.076-.59h-1.455v6.275h2.91zM.984.466h24.42V5.81c-1.733-1.46-5.416-2.05-9.346-2.05v14.57c0 2.175.185 2.765 1.021 3.883h-7.77c.837-1.118 1.022-1.709 1.022-3.883V3.76c-3.93 0-7.614.59-9.347 2.05V.466zM106.48 19.386c-4.426 0-7.304-3.666-7.304-8.046 0-4.412 2.878-8.047 7.305-8.047 4.425 0 7.304 3.635 7.304 8.047 0 4.38-2.879 8.046-7.304 8.046m0-19.386C97.69 0 92.676 5.126 92.676 11.34c0 6.182 5.014 11.34 13.805 11.34 8.79 0 13.804-5.158 13.804-11.34 0-6.214-5.014-11.34-13.804-11.34" fill="#ee1c2e"></path><g transform="translate(95.9 27.755)"><mask fill="#fff" id="tesco-logo-b"><use xlink:href="#tesco-logo-a"></use></mask><path d="M9.37.366h14.747a.08.08 0 0 1 .04.01l.004.001a.055.055 0 0 1 .01.008c.028.028.03.085-.013.126a.153.153 0 0 1-.037.025l-.026.012c-1.713.784-4.008 3.173-4.008 3.173-1.715 1.636-3.001 2.668-5.744 2.668H.283C.24 6.39.22 6.35.217 6.31c0 0 0 .002 0 0a.09.09 0 0 1 .03-.066.422.422 0 0 1 .044-.032C1.835 5.346 4.14 2.948 4.14 2.948 5.084 1.828 6.969.366 9.37.366" fill="#00539f" mask="url(#tesco-logo-b)"></path></g><g transform="translate(71.713 27.755)"><mask fill="#fff" id="tesco-logo-d"><use xlink:href="#tesco-logo-c"></use></mask><path d="M9.527.366h14.748a.08.08 0 0 1 .04.01l.003.001a.055.055 0 0 1 .01.008c.029.028.031.085-.013.126a.153.153 0 0 1-.036.025l-.026.012c-1.714.784-4.008 3.173-4.008 3.173C18.529 5.357 17.244 6.39 14.5 6.39H.44c-.04 0-.062-.039-.064-.08 0 0 0 .002 0 0a.09.09 0 0 1 .03-.066.422.422 0 0 1 .044-.032c1.543-.865 3.847-3.263 3.847-3.263.944-1.12 2.83-2.582 5.23-2.582" fill="#00539f" mask="url(#tesco-logo-d)"></path></g><g transform="translate(47.95 27.755)"><mask fill="#fff" id="tesco-logo-f"><use xlink:href="#tesco-logo-e"></use></mask><path d="M9.26.366h14.748a.08.08 0 0 1 .04.01l.004.001a.055.055 0 0 1 .01.008c.028.028.03.085-.013.126a.153.153 0 0 1-.036.025l-.027.012c-1.713.784-4.008 3.173-4.008 3.173-1.715 1.636-3.001 2.668-5.744 2.668H.174c-.042 0-.063-.039-.065-.08 0 0 0 .002 0 0a.09.09 0 0 1 .03-.066.471.471 0 0 1 .044-.032c1.543-.865 3.848-3.263 3.848-3.263C4.975 1.828 6.86.366 9.261.366" fill="#00539f" mask="url(#tesco-logo-f)"></path></g><g transform="translate(23.763 27.755)"><mask fill="#fff" id="tesco-logo-h"><use xlink:href="#tesco-logo-g"></use></mask><path d="M9.418.366h14.747a.08.08 0 0 1 .04.01l.004.001a.055.055 0 0 1 .01.008c.029.028.031.085-.013.126a.153.153 0 0 1-.036.025l-.026.012c-1.714.784-4.008 3.173-4.008 3.173-1.716 1.636-3.002 2.668-5.745 2.668H.331c-.04 0-.062-.039-.064-.08 0 0 0 .002 0 0a.09.09 0 0 1 .03-.066.422.422 0 0 1 .044-.032c1.543-.865 3.847-3.263 3.847-3.263.944-1.12 2.83-2.582 5.23-2.582" fill="#00539f" mask="url(#tesco-logo-h)"></path></g><g transform="translate(0 27.755)"><mask fill="#fff" id="tesco-logo-j"><use xlink:href="#tesco-logo-i"></use></mask><path d="M9.152.366h14.747a.08.08 0 0 1 .04.01l.004.001a.055.055 0 0 1 .01.008c.028.028.03.085-.013.126a.153.153 0 0 1-.036.025l-.027.012c-1.713.784-4.008 3.173-4.008 3.173-1.715 1.636-3.001 2.668-5.744 2.668H.065C.022 6.39.001 6.35 0 6.31c0 0 0 .002 0 0a.09.09 0 0 1 .03-.066.422.422 0 0 1 .044-.032c1.543-.865 3.848-3.263 3.848-3.263C4.866 1.828 6.75.366 9.152.366" fill="#00539f" mask="url(#tesco-logo-j)"></path></g></g></svg><span class="visually-hidden">Go to homepage</span></a></div><div class="brand-header__guide-price"><button aria-expanded="true" name="hide search" title="hide search" class="brand-header__search-toggle icon-search noselect"></button><a href="https://www.tesco.com/account/login/en-GB?from=https%3A%2F%2Fwww.tesco.com%2Fgroceries%2Fen-GB%2Ftrolley" rel="nofollow" title="Basket"><div class="header-guide-price" data-product-count="0"><div class="header-guide-price--container main-container"><span class="icon-cart"><span class="visually-hidden">Basket</span></span></div><div class="header-guide-price--container status-container"><span class="header-guide-price--spinner"><span class="visually-hidden"></span></span></div></div></a></div></div><div class="brand-header__search" id="brand-header-toggleable"><div class="search-bar search-bar--multi-search-enabled"><form action="https://www.tesco.com/groceries/en-GB/search" method="get" novalidate="" role="search" id="search-form"><label class="obscure" for="search-input">Search</label><input autocapitalize="off" autocomplete="off" autocorrect="off" class="search-bar__input" data-auto="search-input" id="search-input" name="query" placeholder="Search" spellcheck="false" type="search" value=""><button type="submit" class="search-bar__submit icon-search-white">Search</button><span class="icon-search-faded"></span><input name="_csrf" type="hidden" value="0WbpBJF9-cS-fAMl-ByHnl5hECj1JaZiBQ20"></form><a href="https://www.tesco.com/groceries/en-GB/multi-search" class="search-bar__multi-search-link link--chevron" data-auto="multisearch-link">Search with a list of items&nbsp;<span class="icon icon-chevron_right"></span></a></div></div><div class="brand-header__navigation"><nav class="navigation" data-auto="navigation" aria-label="Grocery navigation"><ul class="navigation__nav-items" role="menubar" aria-label="Primary navigation"><li class="nav-item" role="none"><a href="https://www.tesco.com/groceries/en-GB/shop" class="nav-item__link nav-item__link--active" data-auto="nav-item-link" role="menuitem">Groceries<span class="nav-item__chevron"></span></a></li><li class="nav-item" role="none"><a href="https://www.tesco.com/account/login/en-GB?from=https%3A%2F%2Fwww.tesco.com%2Fgroceries%2Fen-GB%2Ffavorites" class="nav-item__link" data-auto="nav-item-link" role="menuitem">My Favourites</a></li><li class="nav-item" role="none"><a href="https://realfood.tesco.com/" class="nav-item__link" data-auto="nav-item-link" role="menuitem" target="_blank">Recipes</a></li><li class="nav-item" role="none"><a href="https://www.tesco.com/groceries/en-GB/promotions" class="nav-item__link" data-auto="nav-item-link" role="menuitem">Special Offers</a></li><li class="nav-item" role="none"><a href="https://www.tesco.com/groceries/en-GB/zone/christmas?icid=topnav_Christmas" class="nav-item__link" data-auto="nav-item-link" role="menuitem">Christmas</a></li><li class="nav-item" role="none"><a href="https://www.tesco.com/DeliverySaver/" class="nav-item__link" data-auto="nav-item-link" role="menuitem" target="_blank">Delivery Saver</a></li></ul></nav></div></div></header><div class="brand-header__spacer"></div><div aria-hidden="true" class="overlay" style=""></div><div class="brand-header__backdrop"></div></div></div><div role="main" id="main" class="has-trolley main"><div class="main__content"><div><div class="results-page"><div id="product-list" class="page-container"><div id="top"></div><div class="product-list-view has-trolley"><div class="breadcrumbs"><div class="breadcrumbs__content"><nav aria-label="breadcrumb" class="base-components__RootElement-sc-1mosoyj-1 styled__Container-sc-41vmr7-0 jptQqM kytuvg beans-breadcrumb__container"><ol class="base-components__BaseList-sc-1mosoyj-2 styled__OrderedList-sc-41vmr7-2 hbeGIw cKlfks beans-breadcrumb__list"><li class="styled__ListItem-sc-41vmr7-3 dtpjwz beans-breadcrumb__list-item"><div class="styled__Item-sc-41vmr7-4 hpBsje beans-breadcrumb__item"><a href="https://www.tesco.com/groceries/en-GB/" aria-label="Home" class="styled__Anchor-o58r6z-0 bowhrC beans-breadcrumb__list-item-link beans-link__anchor"><svg aria-hidden="true" class="styled__SVG-xxa4wh-1 hQMCqc beans-link__icon beans-icon__svg" height="22" preserveAspectRatio="xMinYMax meet" viewBox="0 1 20 22" width="20" xmlns="http://www.w3.org/2000/svg" color="currentColor"><path d="M10 1.5L1.5 8.25V20.5h6v-8h5v8h6V8.25z" fill="none" stroke="currentColor"></path></svg></a></div></li><li class="styled__ListItem-sc-41vmr7-3 dtpjwz beans-breadcrumb__list-item"><div class="styled__Item-sc-41vmr7-4 hpBsje beans-breadcrumb__item"><svg aria-hidden="true" class="styled__SVG-xxa4wh-1 hQMCqc styled__Separator-sc-41vmr7-5 gRdlR beans-breadcrumb__seprator beans-icon__svg" height="20" preserveAspectRatio="xMinYMax meet" stroke="#666666" viewBox="-1 0 12 20" width="12" xmlns="http://www.w3.org/2000/svg" color="currentColor"><path d="M1.312 1.348L10.276 10l-8.964 8.644" fill="none" stroke="#666666"></path></svg><a class="styled__Anchor-sc-1xbujuz-0 cwkdVr beans-breadcrumb__list-item-link beans-link__anchor"><span class="styled__Text-sc-1xbujuz-1 ldbwMG beans-link__text">Pets</span></a></div></li></ol></nav></div></div><div class="results-dfp results__dfp-panel"><div class="dfp-panel-wrapper content-area"><div class="ui-panel"><div class="styled__StyledDfpBanner-sc-15jm57a-0 cHkFiQ dfp-banner" id="dfp-banner-5345867142347458" data-google-query-id="CNS6m9n0xvsCFdIJigMdlukGuA"><div id="google_ads_iframe_/8326/grocery/pets_0__container__" style="border: 0pt none; display: inline-block; width: 100%; height: auto;"><iframe frameborder="0" src="./tesco_html_brand_petcare_files/container.html" id="google_ads_iframe_/8326/grocery/pets_0" title="3rd party ad content" name="" scrolling="no" marginwidth="0" marginheight="0" width="0" height="109" data-is-safeframe="true" sandbox="allow-forms allow-popups allow-popups-to-escape-sandbox allow-same-origin allow-scripts allow-top-navigation-by-user-activation" role="region" aria-label="Advertisement" tabindex="0" data-google-container-id="k" style="border: 0px; vertical-align: bottom; min-width: 100%;" data-load-complete="true"></iframe></div></div></div></div></div><div class="heading-label" id="results"><h1 class="heading query">Pets</h1></div><div class="product-list-container " data-auto="product-list-container"><div class="product-filter fancy-filter"><div class="sort-and-filter"><div class="new-filter-by show-options"><div class="items-count__filter-caption"><div class="pagination__items-displayed" data-auto="product-bin-count" role="status">Showing <strong>1 to 48</strong> of <strong>716 items</strong><span class="visually-hidden">sorted by Relevance</span></div><div class="show-more-less__link"><a href="https://www.tesco.com/groceries/en-GB/shop/pets/all?page=1&amp;count=24" rel="nofollow">Show 24 per page</a></div></div><div class="sort-and-filter-by-container"><div class="filter-by-container" data-auto="filter-by-container"><span class="filter-by-section-label">Filter by:</span><ul class="filter-by__selector-wrapper"><li class="new-selector filter-option__container" id="new-selector" data-auto="filter-option" data-auto-selected="false"><div class="checkbox" data-auto="checkbox"><input id="filter-option--new-selector-6834175" name="filter-option--new-selector-6834175" type="checkbox"><label class="checkbox-label" for="filter-option--new-selector-6834175" title="New"><a class="filter-option--link" href="https://www.tesco.com/groceries/en-GB/shop/pets/all?viewAll=new&amp;new=new"><span class="checkbox-square checkbox-square-linked"></span><span class="checkbox-check icon-tick-white"></span><span class="visually-hidden">Filter by</span><span class="filter-label--line--inline">New</span><span class="filter-label--line--inline">&nbsp;(39)</span></a></label></div></li><li class="promotions-selector filter-option__container" id="promotions-selector" data-auto="filter-option" data-auto-selected="false"><div class="checkbox" data-auto="checkbox"><input id="filter-option--promotions-selector-6925759" name="filter-option--promotions-selector-6925759" type="checkbox"><label class="checkbox-label" for="filter-option--promotions-selector-6925759" title="Special Offers"><a class="filter-option--link" href="https://www.tesco.com/groceries/en-GB/shop/pets/all?viewAll=promotion&amp;promotion=offers"><span class="checkbox-square checkbox-square-linked"></span><span class="checkbox-check icon-tick-white"></span><span class="visually-hidden">Filter by</span><span class="filter-label--line--inline">Special Offers</span><span class="filter-label--line--inline">&nbsp;(70)</span></a></label></div></li></ul><ul class="selects-row grid"><li data-auto="filter-categories"><div class="filter-select__FilterSelectContainer-x4zufj-0 iRBCDW filter-select-container filter-categories"><button aria-controls="filter-categories" aria-expanded="false" class="button-text filter-select" data-auto="filter-categories-select"><span class="filter-select--label specific-filter-label">4 Categories</span><span class="icon icon-header_down_triangle"></span></button></div><div aria-hidden="true" class="filter-options-container smooth-top-left" id="filter-categories" data-auto="filter-categories-dropdown"><div class="filter-options"><ul aria-label="4 Categories"><li class="current-filters" data-auto="department"><ul><li class="filter-option__container" id="Christmas for Pets" data-auto="filter-option" data-auto-selected="false"><div class="checkbox" data-auto="checkbox"><input id="filter-option--Christmas-for-Pets-5377743" name="filter-option--Christmas-for-Pets-5377743" type="checkbox"><label class="checkbox-label" for="filter-option--Christmas-for-Pets-5377743" title="Christmas for Pets"><a class="filter-option--link" href="https://www.tesco.com/groceries/en-GB/shop/pets/all?department=Christmas%20for%20Pets&amp;viewAll=department"><span class="checkbox-square checkbox-square-linked"></span><span class="checkbox-check icon-tick-white"></span><span class="visually-hidden">Filter by</span><span class="filter-label--line--block">Christmas for</span><span class="filter-label--line--inline filter-label--line--truncate">Pets</span><span class="filter-label--line--inline">&nbsp;(21)</span></a></label></div></li><li class="filter-option__container" id="Cat Food &amp; Accessories" data-auto="filter-option" data-auto-selected="false"><div class="checkbox" data-auto="checkbox"><input id="filter-option--Cat-Food-Accessories-229297" name="filter-option--Cat-Food-Accessories-229297" type="checkbox"><label class="checkbox-label" for="filter-option--Cat-Food-Accessories-229297" title="Cat Food &amp; Accessories"><a class="filter-option--link" href="https://www.tesco.com/groceries/en-GB/shop/pets/all?department=Cat%20Food%20%26%20Accessories&amp;viewAll=department"><span class="checkbox-square checkbox-square-linked"></span><span class="checkbox-check icon-tick-white"></span><span class="visually-hidden">Filter by</span><span class="filter-label--line--block">Cat Food &amp;</span><span class="filter-label--line--inline filter-label--line--truncate">Accessories</span><span class="filter-label--line--inline">&nbsp;(494)</span></a></label></div></li><li class="filter-option__container" id="Dog Food &amp; Accessories" data-auto="filter-option" data-auto-selected="false"><div class="checkbox" data-auto="checkbox"><input id="filter-option--Dog-Food-Accessories-5784373" name="filter-option--Dog-Food-Accessories-5784373" type="checkbox"><label class="checkbox-label" for="filter-option--Dog-Food-Accessories-5784373" title="Dog Food &amp; Accessories"><a class="filter-option--link" href="https://www.tesco.com/groceries/en-GB/shop/pets/all?department=Dog%20Food%20%26%20Accessories&amp;viewAll=department"><span class="checkbox-square checkbox-square-linked"></span><span class="checkbox-check icon-tick-white"></span><span class="visually-hidden">Filter by</span><span class="filter-label--line--block">Dog Food &amp;</span><span class="filter-label--line--inline filter-label--line--truncate">Accessories</span><span class="filter-label--line--inline">&nbsp;(608)</span></a></label></div></li><li class="filter-option__container" id="Small Animal, Fish &amp; Bird" data-auto="filter-option" data-auto-selected="false"><div class="checkbox" data-auto="checkbox"><input id="filter-option--Small-Animal,-Fish-Bird-6250134" name="filter-option--Small-Animal,-Fish-Bird-6250134" type="checkbox"><label class="checkbox-label" for="filter-option--Small-Animal,-Fish-Bird-6250134" title="Small Animal, Fish &amp; Bird"><a class="filter-option--link" href="https://www.tesco.com/groceries/en-GB/shop/pets/all?department=Small%20Animal%2C%20Fish%20%26%20Bird&amp;viewAll=department"><span class="checkbox-square checkbox-square-linked"></span><span class="checkbox-check icon-tick-white"></span><span class="visually-hidden">Filter by</span><span class="filter-label--line--block">Small Animal, Fish</span><span class="filter-label--line--inline filter-label--line--truncate">&amp; Bird</span><span class="filter-label--line--inline">&nbsp;(39)</span></a></label></div></li></ul></li></ul></div></div></li><li data-auto="filter-brands"><div class="filter-select__FilterSelectContainer-x4zufj-0 iRBCDW filter-select-container filter-brands"><button aria-controls="filter-brands" aria-expanded="true" class="button-text filter-select filter-options-open" data-auto="filter-brands-select"><span class="filter-select--label specific-filter-label">57 Brands</span><span class="icon icon-header_down_triangle"></span></button></div><div aria-hidden="false" class="filter-options-container open" id="filter-brands" data-auto="filter-brands-dropdown"><div class="filter-options"><ul aria-label="57 Brands"><li class="current-filters" data-auto="brand"><ul><li class="filter-option__container" id="Tesco Pet" data-auto="filter-option" data-auto-selected="false"><div class="checkbox" data-auto="checkbox"><input id="filter-option--Tesco-Pet-9411574" name="filter-option--Tesco-Pet-9411574" type="checkbox"><label class="checkbox-label" for="filter-option--Tesco-Pet-9411574" title="Tesco Pet"><a class="filter-option--link" href="https://www.tesco.com/groceries/en-GB/shop/pets/all?brand=Tesco%20Pet&amp;viewAll=brand"><span class="checkbox-square checkbox-square-linked"></span><span class="checkbox-check icon-tick-white"></span><span class="visually-hidden">Filter by</span><span class="filter-label--line--inline">Tesco Pet</span><span class="filter-label--line--inline">&nbsp;(88)</span></a></label></div></li><li class="filter-option__container" id="Good Boy" data-auto="filter-option" data-auto-selected="false"><div class="checkbox" data-auto="checkbox"><input id="filter-option--Good-Boy-1184537" name="filter-option--Good-Boy-1184537" type="checkbox"><label class="checkbox-label" for="filter-option--Good-Boy-1184537" title="Good Boy"><a class="filter-option--link" href="https://www.tesco.com/groceries/en-GB/shop/pets/all?brand=Good%20Boy&amp;viewAll=brand"><span class="checkbox-square checkbox-square-linked"></span><span class="checkbox-check icon-tick-white"></span><span class="visually-hidden">Filter by</span><span class="filter-label--line--inline">Good Boy</span><span class="filter-label--line--inline">&nbsp;(55)</span></a></label></div></li><li class="filter-option__container" id="Pedigree" data-auto="filter-option" data-auto-selected="false"><div class="checkbox" data-auto="checkbox"><input id="filter-option--Pedigree-74398" name="filter-option--Pedigree-74398" type="checkbox"><label class="checkbox-label" for="filter-option--Pedigree-74398" title="Pedigree"><a class="filter-option--link" href="https://www.tesco.com/groceries/en-GB/shop/pets/all?brand=Pedigree&amp;viewAll=brand"><span class="checkbox-square checkbox-square-linked"></span><span class="checkbox-check icon-tick-white"></span><span class="visually-hidden">Filter by</span><span class="filter-label--line--inline">Pedigree</span><span class="filter-label--line--inline">&nbsp;(45)</span></a></label></div></li><li class="filter-option__container" id="Whiskas" data-auto="filter-option" data-auto-selected="false"><div class="checkbox" data-auto="checkbox"><input id="filter-option--Whiskas-3744467" name="filter-option--Whiskas-3744467" type="checkbox"><label class="checkbox-label" for="filter-option--Whiskas-3744467" title="Whiskas"><a class="filter-option--link" href="https://www.tesco.com/groceries/en-GB/shop/pets/all?brand=Whiskas&amp;viewAll=brand"><span class="checkbox-square checkbox-square-linked"></span><span class="checkbox-check icon-tick-white"></span><span class="visually-hidden">Filter by</span><span class="filter-label--line--inline">Whiskas</span><span class="filter-label--line--inline">&nbsp;(33)</span></a></label></div></li><li class="filter-option__container" id="Felix" data-auto="filter-option" data-auto-selected="false"><div class="checkbox" data-auto="checkbox"><input id="filter-option--Felix-188231" name="filter-option--Felix-188231" type="checkbox"><label class="checkbox-label" for="filter-option--Felix-188231" title="Felix"><a class="filter-option--link" href="https://www.tesco.com/groceries/en-GB/shop/pets/all?brand=Felix&amp;viewAll=brand"><span class="checkbox-square checkbox-square-linked"></span><span class="checkbox-check icon-tick-white"></span><span class="visually-hidden">Filter by</span><span class="filter-label--line--inline">Felix</span><span class="filter-label--line--inline">&nbsp;(32)</span></a></label></div></li><li class="filter-option__container" id="Wagtastic" data-auto="filter-option" data-auto-selected="false"><div class="checkbox" data-auto="checkbox"><input id="filter-option--Wagtastic-1955121" name="filter-option--Wagtastic-1955121" type="checkbox"><label class="checkbox-label" for="filter-option--Wagtastic-1955121" title="Wagtastic"><a class="filter-option--link" href="https://www.tesco.com/groceries/en-GB/shop/pets/all?brand=Wagtastic&amp;viewAll=brand"><span class="checkbox-square checkbox-square-linked"></span><span class="checkbox-check icon-tick-white"></span><span class="visually-hidden">Filter by</span><span class="filter-label--line--inline">Wagtastic</span><span class="filter-label--line--inline">&nbsp;(32)</span></a></label></div></li><li class="filter-option__container" id="Lily&#39;s Kitchen" data-auto="filter-option" data-auto-selected="false"><div class="checkbox" data-auto="checkbox"><input id="filter-option--Lily&#39;s-Kitchen-6038475" name="filter-option--Lily&#39;s-Kitchen-6038475" type="checkbox"><label class="checkbox-label" for="filter-option--Lily&#39;s-Kitchen-6038475" title="Lily&#39;s Kitchen"><a class="filter-option--link" href="https://www.tesco.com/groceries/en-GB/shop/pets/all?brand=Lily%27s%20Kitchen&amp;viewAll=brand"><span class="checkbox-square checkbox-square-linked"></span><span class="checkbox-check icon-tick-white"></span><span class="visually-hidden">Filter by</span><span class="filter-label--line--block">Lily's</span><span class="filter-label--line--inline filter-label--line--truncate">Kitchen</span><span class="filter-label--line--inline">&nbsp;(31)</span></a></label></div></li><li class="filter-option__container" id="Gourmet" data-auto="filter-option" data-auto-selected="false"><div class="checkbox" data-auto="checkbox"><input id="filter-option--Gourmet-2293666" name="filter-option--Gourmet-2293666" type="checkbox"><label class="checkbox-label" for="filter-option--Gourmet-2293666" title="Gourmet"><a class="filter-option--link" href="https://www.tesco.com/groceries/en-GB/shop/pets/all?brand=Gourmet&amp;viewAll=brand"><span class="checkbox-square checkbox-square-linked"></span><span class="checkbox-check icon-tick-white"></span><span class="visually-hidden">Filter by</span><span class="filter-label--line--inline">Gourmet</span><span class="filter-label--line--inline">&nbsp;(29)</span></a></label></div></li><li class="filter-option__container" id="Harringtons" data-auto="filter-option" data-auto-selected="false"><div class="checkbox" data-auto="checkbox"><input id="filter-option--Harringtons-8810209" name="filter-option--Harringtons-8810209" type="checkbox"><label class="checkbox-label" for="filter-option--Harringtons-8810209" title="Harringtons"><a class="filter-option--link" href="https://www.tesco.com/groceries/en-GB/shop/pets/all?brand=Harringtons&amp;viewAll=brand"><span class="checkbox-square checkbox-square-linked"></span><span class="checkbox-check icon-tick-white"></span><span class="visually-hidden">Filter by</span><span class="filter-label--line--inline">Harringtons</span><span class="filter-label--line--inline">&nbsp;(23)</span></a></label></div></li><li class="filter-option__container" id="Sheba" data-auto="filter-option" data-auto-selected="false"><div class="checkbox" data-auto="checkbox"><input id="filter-option--Sheba-6239459" name="filter-option--Sheba-6239459" type="checkbox"><label class="checkbox-label" for="filter-option--Sheba-6239459" title="Sheba"><a class="filter-option--link" href="https://www.tesco.com/groceries/en-GB/shop/pets/all?brand=Sheba&amp;viewAll=brand"><span class="checkbox-square checkbox-square-linked"></span><span class="checkbox-check icon-tick-white"></span><span class="visually-hidden">Filter by</span><span class="filter-label--line--inline">Sheba</span><span class="filter-label--line--inline">&nbsp;(23)</span></a></label></div></li><li class="filter-option__container" id="Core Supply Co" data-auto="filter-option" data-auto-selected="false"><div class="checkbox" data-auto="checkbox"><input id="filter-option--Core-Supply-Co-7899511" name="filter-option--Core-Supply-Co-7899511" type="checkbox"><label class="checkbox-label" for="filter-option--Core-Supply-Co-7899511" title="Core Supply Co"><a class="filter-option--link" href="https://www.tesco.com/groceries/en-GB/shop/pets/all?brand=Core%20Supply%20Co&amp;viewAll=brand"><span class="checkbox-square checkbox-square-linked"></span><span class="checkbox-check icon-tick-white"></span><span class="visually-hidden">Filter by</span><span class="filter-label--line--block">Core Supply</span><span class="filter-label--line--inline filter-label--line--truncate">Co</span><span class="filter-label--line--inline">&nbsp;(22)</span></a></label></div></li><li class="filter-option__container" id="Bakers" data-auto="filter-option" data-auto-selected="false"><div class="checkbox" data-auto="checkbox"><input id="filter-option--Bakers-4892934" name="filter-option--Bakers-4892934" type="checkbox"><label class="checkbox-label" for="filter-option--Bakers-4892934" title="Bakers"><a class="filter-option--link" href="https://www.tesco.com/groceries/en-GB/shop/pets/all?brand=Bakers&amp;viewAll=brand"><span class="checkbox-square checkbox-square-linked"></span><span class="checkbox-check icon-tick-white"></span><span class="visually-hidden">Filter by</span><span class="filter-label--line--inline">Bakers</span><span class="filter-label--line--inline">&nbsp;(20)</span></a></label></div></li><li class="filter-option__container" id="Butchers" data-auto="filter-option" data-auto-selected="false"><div class="checkbox" data-auto="checkbox"><input id="filter-option--Butchers-4202738" name="filter-option--Butchers-4202738" type="checkbox"><label class="checkbox-label" for="filter-option--Butchers-4202738" title="Butchers"><a class="filter-option--link" href="https://www.tesco.com/groceries/en-GB/shop/pets/all?brand=Butchers&amp;viewAll=brand"><span class="checkbox-square checkbox-square-linked"></span><span class="checkbox-check icon-tick-white"></span><span class="visually-hidden">Filter by</span><span class="filter-label--line--inline">Butchers</span><span class="filter-label--line--inline">&nbsp;(18)</span></a></label></div></li><li class="filter-option__container" id="Purina One" data-auto="filter-option" data-auto-selected="false"><div class="checkbox" data-auto="checkbox"><input id="filter-option--Purina-One-5747530" name="filter-option--Purina-One-5747530" type="checkbox"><label class="checkbox-label" for="filter-option--Purina-One-5747530" title="Purina One"><a class="filter-option--link" href="https://www.tesco.com/groceries/en-GB/shop/pets/all?brand=Purina%20One&amp;viewAll=brand"><span class="checkbox-square checkbox-square-linked"></span><span class="checkbox-check icon-tick-white"></span><span class="visually-hidden">Filter by</span><span class="filter-label--line--inline">Purina One</span><span class="filter-label--line--inline">&nbsp;(17)</span></a></label></div></li><li class="filter-option__container" id="Iams" data-auto="filter-option" data-auto-selected="false"><div class="checkbox" data-auto="checkbox"><input id="filter-option--Iams-4310729" name="filter-option--Iams-4310729" type="checkbox"><label class="checkbox-label" for="filter-option--Iams-4310729" title="Iams"><a class="filter-option--link" href="https://www.tesco.com/groceries/en-GB/shop/pets/all?brand=Iams&amp;viewAll=brand"><span class="checkbox-square checkbox-square-linked"></span><span class="checkbox-check icon-tick-white"></span><span class="visually-hidden">Filter by</span><span class="filter-label--line--inline">Iams</span><span class="filter-label--line--inline">&nbsp;(15)</span></a></label></div></li><li class="filter-option__container" id="Nood" data-auto="filter-option" data-auto-selected="false"><div class="checkbox" data-auto="checkbox"><input id="filter-option--Nood-1012673" name="filter-option--Nood-1012673" type="checkbox"><label class="checkbox-label" for="filter-option--Nood-1012673" title="Nood"><a class="filter-option--link" href="https://www.tesco.com/groceries/en-GB/shop/pets/all?brand=Nood&amp;viewAll=brand"><span class="checkbox-square checkbox-square-linked"></span><span class="checkbox-check icon-tick-white"></span><span class="visually-hidden">Filter by</span><span class="filter-label--line--inline">Nood</span><span class="filter-label--line--inline">&nbsp;(15)</span></a></label></div></li><li class="filter-option__container" id="Cesar" data-auto="filter-option" data-auto-selected="false"><div class="checkbox" data-auto="checkbox"><input id="filter-option--Cesar-9675240" name="filter-option--Cesar-9675240" type="checkbox"><label class="checkbox-label" for="filter-option--Cesar-9675240" title="Cesar"><a class="filter-option--link" href="https://www.tesco.com/groceries/en-GB/shop/pets/all?brand=Cesar&amp;viewAll=brand"><span class="checkbox-square checkbox-square-linked"></span><span class="checkbox-check icon-tick-white"></span><span class="visually-hidden">Filter by</span><span class="filter-label--line--inline">Cesar</span><span class="filter-label--line--inline">&nbsp;(13)</span></a></label></div></li><li class="filter-option__container" id="Dentalife" data-auto="filter-option" data-auto-selected="false"><div class="checkbox" data-auto="checkbox"><input id="filter-option--Dentalife-3954710" name="filter-option--Dentalife-3954710" type="checkbox"><label class="checkbox-label" for="filter-option--Dentalife-3954710" title="Dentalife"><a class="filter-option--link" href="https://www.tesco.com/groceries/en-GB/shop/pets/all?brand=Dentalife&amp;viewAll=brand"><span class="checkbox-square checkbox-square-linked"></span><span class="checkbox-check icon-tick-white"></span><span class="visually-hidden">Filter by</span><span class="filter-label--line--inline">Dentalife</span><span class="filter-label--line--inline">&nbsp;(12)</span></a></label></div></li><li class="filter-option__container" id="Dreamies" data-auto="filter-option" data-auto-selected="false"><div class="checkbox" data-auto="checkbox"><input id="filter-option--Dreamies-9142997" name="filter-option--Dreamies-9142997" type="checkbox"><label class="checkbox-label" for="filter-option--Dreamies-9142997" title="Dreamies"><a class="filter-option--link" href="https://www.tesco.com/groceries/en-GB/shop/pets/all?brand=Dreamies&amp;viewAll=brand"><span class="checkbox-square checkbox-square-linked"></span><span class="checkbox-check icon-tick-white"></span><span class="visually-hidden">Filter by</span><span class="filter-label--line--inline">Dreamies</span><span class="filter-label--line--inline">&nbsp;(12)</span></a></label></div></li><li class="filter-option__container" id="Encore" data-auto="filter-option" data-auto-selected="false"><div class="checkbox" data-auto="checkbox"><input id="filter-option--Encore-2072817" name="filter-option--Encore-2072817" type="checkbox"><label class="checkbox-label" for="filter-option--Encore-2072817" title="Encore"><a class="filter-option--link" href="https://www.tesco.com/groceries/en-GB/shop/pets/all?brand=Encore&amp;viewAll=brand"><span class="checkbox-square checkbox-square-linked"></span><span class="checkbox-check icon-tick-white"></span><span class="visually-hidden">Filter by</span><span class="filter-label--line--inline">Encore</span><span class="filter-label--line--inline">&nbsp;(12)</span></a></label></div></li><li class="filter-option__container" id="Tesco" data-auto="filter-option" data-auto-selected="false"><div class="checkbox" data-auto="checkbox"><input id="filter-option--Tesco-9678230" name="filter-option--Tesco-9678230" type="checkbox"><label class="checkbox-label" for="filter-option--Tesco-9678230" title="Tesco"><a class="filter-option--link" href="https://www.tesco.com/groceries/en-GB/shop/pets/all?brand=Tesco&amp;viewAll=brand"><span class="checkbox-square checkbox-square-linked"></span><span class="checkbox-check icon-tick-white"></span><span class="visually-hidden">Filter by</span><span class="filter-label--line--inline">Tesco</span><span class="filter-label--line--inline">&nbsp;(12)</span></a></label></div></li><li class="filter-option__container" id="Freshpet" data-auto="filter-option" data-auto-selected="false"><div class="checkbox" data-auto="checkbox"><input id="filter-option--Freshpet-4728205" name="filter-option--Freshpet-4728205" type="checkbox"><label class="checkbox-label" for="filter-option--Freshpet-4728205" title="Freshpet"><a class="filter-option--link" href="https://www.tesco.com/groceries/en-GB/shop/pets/all?brand=Freshpet&amp;viewAll=brand"><span class="checkbox-square checkbox-square-linked"></span><span class="checkbox-check icon-tick-white"></span><span class="visually-hidden">Filter by</span><span class="filter-label--line--inline">Freshpet</span><span class="filter-label--line--inline">&nbsp;(11)</span></a></label></div></li><li class="filter-option__container" id="Scrumbles" data-auto="filter-option" data-auto-selected="false"><div class="checkbox" data-auto="checkbox"><input id="filter-option--Scrumbles-6661804" name="filter-option--Scrumbles-6661804" type="checkbox"><label class="checkbox-label" for="filter-option--Scrumbles-6661804" title="Scrumbles"><a class="filter-option--link" href="https://www.tesco.com/groceries/en-GB/shop/pets/all?brand=Scrumbles&amp;viewAll=brand"><span class="checkbox-square checkbox-square-linked"></span><span class="checkbox-check icon-tick-white"></span><span class="visually-hidden">Filter by</span><span class="filter-label--line--inline">Scrumbles</span><span class="filter-label--line--inline">&nbsp;(11)</span></a></label></div></li><li class="filter-option__container" id="Winalot" data-auto="filter-option" data-auto-selected="false"><div class="checkbox" data-auto="checkbox"><input id="filter-option--Winalot-2513815" name="filter-option--Winalot-2513815" type="checkbox"><label class="checkbox-label" for="filter-option--Winalot-2513815" title="Winalot"><a class="filter-option--link" href="https://www.tesco.com/groceries/en-GB/shop/pets/all?brand=Winalot&amp;viewAll=brand"><span class="checkbox-square checkbox-square-linked"></span><span class="checkbox-check icon-tick-white"></span><span class="visually-hidden">Filter by</span><span class="filter-label--line--inline">Winalot</span><span class="filter-label--line--inline">&nbsp;(11)</span></a></label></div></li><li class="filter-option__container" id="Naturo" data-auto="filter-option" data-auto-selected="false"><div class="checkbox" data-auto="checkbox"><input id="filter-option--Naturo-4044115" name="filter-option--Naturo-4044115" type="checkbox"><label class="checkbox-label" for="filter-option--Naturo-4044115" title="Naturo"><a class="filter-option--link" href="https://www.tesco.com/groceries/en-GB/shop/pets/all?brand=Naturo&amp;viewAll=brand"><span class="checkbox-square checkbox-square-linked"></span><span class="checkbox-check icon-tick-white"></span><span class="visually-hidden">Filter by</span><span class="filter-label--line--inline">Naturo</span><span class="filter-label--line--inline">&nbsp;(10)</span></a></label></div></li><li class="filter-option__container" id="Bob Martin" data-auto="filter-option" data-auto-selected="false"><div class="checkbox" data-auto="checkbox"><input id="filter-option--Bob-Martin-7596745" name="filter-option--Bob-Martin-7596745" type="checkbox"><label class="checkbox-label" for="filter-option--Bob-Martin-7596745" title="Bob Martin"><a class="filter-option--link" href="https://www.tesco.com/groceries/en-GB/shop/pets/all?brand=Bob%20Martin&amp;viewAll=brand"><span class="checkbox-square checkbox-square-linked"></span><span class="checkbox-check icon-tick-white"></span><span class="visually-hidden">Filter by</span><span class="filter-label--line--inline">Bob Martin</span><span class="filter-label--line--inline">&nbsp;(9)</span></a></label></div></li><li class="filter-option__container" id="Denzels" data-auto="filter-option" data-auto-selected="false"><div class="checkbox" data-auto="checkbox"><input id="filter-option--Denzels-6339757" name="filter-option--Denzels-6339757" type="checkbox"><label class="checkbox-label" for="filter-option--Denzels-6339757" title="Denzels"><a class="filter-option--link" href="https://www.tesco.com/groceries/en-GB/shop/pets/all?brand=Denzels&amp;viewAll=brand"><span class="checkbox-square checkbox-square-linked"></span><span class="checkbox-check icon-tick-white"></span><span class="visually-hidden">Filter by</span><span class="filter-label--line--inline">Denzels</span><span class="filter-label--line--inline">&nbsp;(9)</span></a></label></div></li><li class="filter-option__container" id="Webbox" data-auto="filter-option" data-auto-selected="false"><div class="checkbox" data-auto="checkbox"><input id="filter-option--Webbox-6429637" name="filter-option--Webbox-6429637" type="checkbox"><label class="checkbox-label" for="filter-option--Webbox-6429637" title="Webbox"><a class="filter-option--link" href="https://www.tesco.com/groceries/en-GB/shop/pets/all?brand=Webbox&amp;viewAll=brand"><span class="checkbox-square checkbox-square-linked"></span><span class="checkbox-check icon-tick-white"></span><span class="visually-hidden">Filter by</span><span class="filter-label--line--inline">Webbox</span><span class="filter-label--line--inline">&nbsp;(9)</span></a></label></div></li><li class="filter-option__container" id="Good Girl" data-auto="filter-option" data-auto-selected="false"><div class="checkbox" data-auto="checkbox"><input id="filter-option--Good-Girl-7473988" name="filter-option--Good-Girl-7473988" type="checkbox"><label class="checkbox-label" for="filter-option--Good-Girl-7473988" title="Good Girl"><a class="filter-option--link" href="https://www.tesco.com/groceries/en-GB/shop/pets/all?brand=Good%20Girl&amp;viewAll=brand"><span class="checkbox-square checkbox-square-linked"></span><span class="checkbox-check icon-tick-white"></span><span class="visually-hidden">Filter by</span><span class="filter-label--line--inline">Good Girl</span><span class="filter-label--line--inline">&nbsp;(8)</span></a></label></div></li><li class="filter-option__container" id="Petface" data-auto="filter-option" data-auto-selected="false"><div class="checkbox" data-auto="checkbox"><input id="filter-option--Petface-4242058" name="filter-option--Petface-4242058" type="checkbox"><label class="checkbox-label" for="filter-option--Petface-4242058" title="Petface"><a class="filter-option--link" href="https://www.tesco.com/groceries/en-GB/shop/pets/all?brand=Petface&amp;viewAll=brand"><span class="checkbox-square checkbox-square-linked"></span><span class="checkbox-check icon-tick-white"></span><span class="visually-hidden">Filter by</span><span class="filter-label--line--inline">Petface</span><span class="filter-label--line--inline">&nbsp;(8)</span></a></label></div></li><li class="filter-option__container" id="Go Cat" data-auto="filter-option" data-auto-selected="false"><div class="checkbox" data-auto="checkbox"><input id="filter-option--Go-Cat-8584955" name="filter-option--Go-Cat-8584955" type="checkbox"><label class="checkbox-label" for="filter-option--Go-Cat-8584955" title="Go Cat"><a class="filter-option--link" href="https://www.tesco.com/groceries/en-GB/shop/pets/all?brand=Go%20Cat&amp;viewAll=brand"><span class="checkbox-square checkbox-square-linked"></span><span class="checkbox-check icon-tick-white"></span><span class="visually-hidden">Filter by</span><span class="filter-label--line--inline">Go Cat</span><span class="filter-label--line--inline">&nbsp;(7)</span></a></label></div></li><li class="filter-option__container" id="Peckish" data-auto="filter-option" data-auto-selected="false"><div class="checkbox" data-auto="checkbox"><input id="filter-option--Peckish-9647203" name="filter-option--Peckish-9647203" type="checkbox"><label class="checkbox-label" for="filter-option--Peckish-9647203" title="Peckish"><a class="filter-option--link" href="https://www.tesco.com/groceries/en-GB/shop/pets/all?brand=Peckish&amp;viewAll=brand"><span class="checkbox-square checkbox-square-linked"></span><span class="checkbox-check icon-tick-white"></span><span class="visually-hidden">Filter by</span><span class="filter-label--line--inline">Peckish</span><span class="filter-label--line--inline">&nbsp;(6)</span></a></label></div></li><li class="filter-option__container" id="Hi Life" data-auto="filter-option" data-auto-selected="false"><div class="checkbox" data-auto="checkbox"><input id="filter-option--Hi-Life-6919488" name="filter-option--Hi-Life-6919488" type="checkbox"><label class="checkbox-label" for="filter-option--Hi-Life-6919488" title="Hi Life"><a class="filter-option--link" href="https://www.tesco.com/groceries/en-GB/shop/pets/all?brand=Hi%20Life&amp;viewAll=brand"><span class="checkbox-square checkbox-square-linked"></span><span class="checkbox-check icon-tick-white"></span><span class="visually-hidden">Filter by</span><span class="filter-label--line--inline">Hi Life</span><span class="filter-label--line--inline">&nbsp;(5)</span></a></label></div></li><li class="filter-option__container" id="Wagg" data-auto="filter-option" data-auto-selected="false"><div class="checkbox" data-auto="checkbox"><input id="filter-option--Wagg-3612390" name="filter-option--Wagg-3612390" type="checkbox"><label class="checkbox-label" for="filter-option--Wagg-3612390" title="Wagg"><a class="filter-option--link" href="https://www.tesco.com/groceries/en-GB/shop/pets/all?brand=Wagg&amp;viewAll=brand"><span class="checkbox-square checkbox-square-linked"></span><span class="checkbox-check icon-tick-white"></span><span class="visually-hidden">Filter by</span><span class="filter-label--line--inline">Wagg</span><span class="filter-label--line--inline">&nbsp;(5)</span></a></label></div></li><li class="filter-option__container" id="Frontline" data-auto="filter-option" data-auto-selected="false"><div class="checkbox" data-auto="checkbox"><input id="filter-option--Frontline-5296512" name="filter-option--Frontline-5296512" type="checkbox"><label class="checkbox-label" for="filter-option--Frontline-5296512" title="Frontline"><a class="filter-option--link" href="https://www.tesco.com/groceries/en-GB/shop/pets/all?brand=Frontline&amp;viewAll=brand"><span class="checkbox-square checkbox-square-linked"></span><span class="checkbox-check icon-tick-white"></span><span class="visually-hidden">Filter by</span><span class="filter-label--line--inline">Frontline</span><span class="filter-label--line--inline">&nbsp;(4)</span></a></label></div></li><li class="filter-option__container" id="Meowee" data-auto="filter-option" data-auto-selected="false"><div class="checkbox" data-auto="checkbox"><input id="filter-option--Meowee-9164402" name="filter-option--Meowee-9164402" type="checkbox"><label class="checkbox-label" for="filter-option--Meowee-9164402" title="Meowee"><a class="filter-option--link" href="https://www.tesco.com/groceries/en-GB/shop/pets/all?brand=Meowee&amp;viewAll=brand"><span class="checkbox-square checkbox-square-linked"></span><span class="checkbox-check icon-tick-white"></span><span class="visually-hidden">Filter by</span><span class="filter-label--line--inline">Meowee</span><span class="filter-label--line--inline">&nbsp;(4)</span></a></label></div></li><li class="filter-option__container" id="Adventuros" data-auto="filter-option" data-auto-selected="false"><div class="checkbox" data-auto="checkbox"><input id="filter-option--Adventuros-1357977" name="filter-option--Adventuros-1357977" type="checkbox"><label class="checkbox-label" for="filter-option--Adventuros-1357977" title="Adventuros"><a class="filter-option--link" href="https://www.tesco.com/groceries/en-GB/shop/pets/all?brand=Adventuros&amp;viewAll=brand"><span class="checkbox-square checkbox-square-linked"></span><span class="checkbox-check icon-tick-white"></span><span class="visually-hidden">Filter by</span><span class="filter-label--line--inline">Adventuros</span><span class="filter-label--line--inline">&nbsp;(3)</span></a></label></div></li><li class="filter-option__container" id="Bonio" data-auto="filter-option" data-auto-selected="false"><div class="checkbox" data-auto="checkbox"><input id="filter-option--Bonio-3351025" name="filter-option--Bonio-3351025" type="checkbox"><label class="checkbox-label" for="filter-option--Bonio-3351025" title="Bonio"><a class="filter-option--link" href="https://www.tesco.com/groceries/en-GB/shop/pets/all?brand=Bonio&amp;viewAll=brand"><span class="checkbox-square checkbox-square-linked"></span><span class="checkbox-check icon-tick-white"></span><span class="visually-hidden">Filter by</span><span class="filter-label--line--inline">Bonio</span><span class="filter-label--line--inline">&nbsp;(3)</span></a></label></div></li><li class="filter-option__container" id="Burgess" data-auto="filter-option" data-auto-selected="false"><div class="checkbox" data-auto="checkbox"><input id="filter-option--Burgess-1940436" name="filter-option--Burgess-1940436" type="checkbox"><label class="checkbox-label" for="filter-option--Burgess-1940436" title="Burgess"><a class="filter-option--link" href="https://www.tesco.com/groceries/en-GB/shop/pets/all?brand=Burgess&amp;viewAll=brand"><span class="checkbox-square checkbox-square-linked"></span><span class="checkbox-check icon-tick-white"></span><span class="visually-hidden">Filter by</span><span class="filter-label--line--inline">Burgess</span><span class="filter-label--line--inline">&nbsp;(3)</span></a></label></div></li><li class="filter-option__container" id="Catsan" data-auto="filter-option" data-auto-selected="false"><div class="checkbox" data-auto="checkbox"><input id="filter-option--Catsan-4992790" name="filter-option--Catsan-4992790" type="checkbox"><label class="checkbox-label" for="filter-option--Catsan-4992790" title="Catsan"><a class="filter-option--link" href="https://www.tesco.com/groceries/en-GB/shop/pets/all?brand=Catsan&amp;viewAll=brand"><span class="checkbox-square checkbox-square-linked"></span><span class="checkbox-check icon-tick-white"></span><span class="visually-hidden">Filter by</span><span class="filter-label--line--inline">Catsan</span><span class="filter-label--line--inline">&nbsp;(3)</span></a></label></div></li><li class="filter-option__container" id="Keep It Handy" data-auto="filter-option" data-auto-selected="false"><div class="checkbox" data-auto="checkbox"><input id="filter-option--Keep-It-Handy-4785636" name="filter-option--Keep-It-Handy-4785636" type="checkbox"><label class="checkbox-label" for="filter-option--Keep-It-Handy-4785636" title="Keep It Handy"><a class="filter-option--link" href="https://www.tesco.com/groceries/en-GB/shop/pets/all?brand=Keep%20It%20Handy&amp;viewAll=brand"><span class="checkbox-square checkbox-square-linked"></span><span class="checkbox-check icon-tick-white"></span><span class="visually-hidden">Filter by</span><span class="filter-label--line--inline">Keep It Handy</span><span class="filter-label--line--inline">&nbsp;(3)</span></a></label></div></li><li class="filter-option__container" id="Perfect Fit" data-auto="filter-option" data-auto-selected="false"><div class="checkbox" data-auto="checkbox"><input id="filter-option--Perfect-Fit-5872192" name="filter-option--Perfect-Fit-5872192" type="checkbox"><label class="checkbox-label" for="filter-option--Perfect-Fit-5872192" title="Perfect Fit"><a class="filter-option--link" href="https://www.tesco.com/groceries/en-GB/shop/pets/all?brand=Perfect%20Fit&amp;viewAll=brand"><span class="checkbox-square checkbox-square-linked"></span><span class="checkbox-check icon-tick-white"></span><span class="visually-hidden">Filter by</span><span class="filter-label--line--inline">Perfect Fit</span><span class="filter-label--line--inline">&nbsp;(3)</span></a></label></div></li><li class="filter-option__container" id="Tetra" data-auto="filter-option" data-auto-selected="false"><div class="checkbox" data-auto="checkbox"><input id="filter-option--Tetra-8079477" name="filter-option--Tetra-8079477" type="checkbox"><label class="checkbox-label" for="filter-option--Tetra-8079477" title="Tetra"><a class="filter-option--link" href="https://www.tesco.com/groceries/en-GB/shop/pets/all?brand=Tetra&amp;viewAll=brand"><span class="checkbox-square checkbox-square-linked"></span><span class="checkbox-check icon-tick-white"></span><span class="visually-hidden">Filter by</span><span class="filter-label--line--inline">Tetra</span><span class="filter-label--line--inline">&nbsp;(3)</span></a></label></div></li><li class="filter-option__container" id="Animology" data-auto="filter-option" data-auto-selected="false"><div class="checkbox" data-auto="checkbox"><input id="filter-option--Animology-3727368" name="filter-option--Animology-3727368" type="checkbox"><label class="checkbox-label" for="filter-option--Animology-3727368" title="Animology"><a class="filter-option--link" href="https://www.tesco.com/groceries/en-GB/shop/pets/all?brand=Animology&amp;viewAll=brand"><span class="checkbox-square checkbox-square-linked"></span><span class="checkbox-check icon-tick-white"></span><span class="visually-hidden">Filter by</span><span class="filter-label--line--inline">Animology</span><span class="filter-label--line--inline">&nbsp;(2)</span></a></label></div></li><li class="filter-option__container" id="Aquarian" data-auto="filter-option" data-auto-selected="false"><div class="checkbox" data-auto="checkbox"><input id="filter-option--Aquarian-9427630" name="filter-option--Aquarian-9427630" type="checkbox"><label class="checkbox-label" for="filter-option--Aquarian-9427630" title="Aquarian"><a class="filter-option--link" href="https://www.tesco.com/groceries/en-GB/shop/pets/all?brand=Aquarian&amp;viewAll=brand"><span class="checkbox-square checkbox-square-linked"></span><span class="checkbox-check icon-tick-white"></span><span class="visually-hidden">Filter by</span><span class="filter-label--line--inline">Aquarian</span><span class="filter-label--line--inline">&nbsp;(2)</span></a></label></div></li><li class="filter-option__container" id="Crave" data-auto="filter-option" data-auto-selected="false"><div class="checkbox" data-auto="checkbox"><input id="filter-option--Crave-1891788" name="filter-option--Crave-1891788" type="checkbox"><label class="checkbox-label" for="filter-option--Crave-1891788" title="Crave"><a class="filter-option--link" href="https://www.tesco.com/groceries/en-GB/shop/pets/all?brand=Crave&amp;viewAll=brand"><span class="checkbox-square checkbox-square-linked"></span><span class="checkbox-check icon-tick-white"></span><span class="visually-hidden">Filter by</span><span class="filter-label--line--inline">Crave</span><span class="filter-label--line--inline">&nbsp;(2)</span></a></label></div></li><li class="filter-option__container" id="Rotastak" data-auto="filter-option" data-auto-selected="false"><div class="checkbox" data-auto="checkbox"><input id="filter-option--Rotastak-2467446" name="filter-option--Rotastak-2467446" type="checkbox"><label class="checkbox-label" for="filter-option--Rotastak-2467446" title="Rotastak"><a class="filter-option--link" href="https://www.tesco.com/groceries/en-GB/shop/pets/all?brand=Rotastak&amp;viewAll=brand"><span class="checkbox-square checkbox-square-linked"></span><span class="checkbox-check icon-tick-white"></span><span class="visually-hidden">Filter by</span><span class="filter-label--line--inline">Rotastak</span><span class="filter-label--line--inline">&nbsp;(2)</span></a></label></div></li><li class="filter-option__container" id="Vets Kitchen" data-auto="filter-option" data-auto-selected="false"><div class="checkbox" data-auto="checkbox"><input id="filter-option--Vets-Kitchen-2732900" name="filter-option--Vets-Kitchen-2732900" type="checkbox"><label class="checkbox-label" for="filter-option--Vets-Kitchen-2732900" title="Vets Kitchen"><a class="filter-option--link" href="https://www.tesco.com/groceries/en-GB/shop/pets/all?brand=Vets%20Kitchen&amp;viewAll=brand"><span class="checkbox-square checkbox-square-linked"></span><span class="checkbox-check icon-tick-white"></span><span class="visually-hidden">Filter by</span><span class="filter-label--line--inline">Vets Kitchen</span><span class="filter-label--line--inline">&nbsp;(2)</span></a></label></div></li><li class="filter-option__container" id="Agriselect" data-auto="filter-option" data-auto-selected="false"><div class="checkbox" data-auto="checkbox"><input id="filter-option--Agriselect-2792182" name="filter-option--Agriselect-2792182" type="checkbox"><label class="checkbox-label" for="filter-option--Agriselect-2792182" title="Agriselect"><a class="filter-option--link" href="https://www.tesco.com/groceries/en-GB/shop/pets/all?brand=Agriselect&amp;viewAll=brand"><span class="checkbox-square checkbox-square-linked"></span><span class="checkbox-check icon-tick-white"></span><span class="visually-hidden">Filter by</span><span class="filter-label--line--inline">Agriselect</span><span class="filter-label--line--inline">&nbsp;(1)</span></a></label></div></li><li class="filter-option__container" id="Core Home" data-auto="filter-option" data-auto-selected="false"><div class="checkbox" data-auto="checkbox"><input id="filter-option--Core-Home-6462154" name="filter-option--Core-Home-6462154" type="checkbox"><label class="checkbox-label" for="filter-option--Core-Home-6462154" title="Core Home"><a class="filter-option--link" href="https://www.tesco.com/groceries/en-GB/shop/pets/all?brand=Core%20Home&amp;viewAll=brand"><span class="checkbox-square checkbox-square-linked"></span><span class="checkbox-check icon-tick-white"></span><span class="visually-hidden">Filter by</span><span class="filter-label--line--inline">Core Home</span><span class="filter-label--line--inline">&nbsp;(1)</span></a></label></div></li><li class="filter-option__container" id="Duerr&#39;s" data-auto="filter-option" data-auto-selected="false"><div class="checkbox" data-auto="checkbox"><input id="filter-option--Duerr&#39;s-6469915" name="filter-option--Duerr&#39;s-6469915" type="checkbox"><label class="checkbox-label" for="filter-option--Duerr&#39;s-6469915" title="Duerr&#39;s"><a class="filter-option--link" href="https://www.tesco.com/groceries/en-GB/shop/pets/all?brand=Duerr%27s&amp;viewAll=brand"><span class="checkbox-square checkbox-square-linked"></span><span class="checkbox-check icon-tick-white"></span><span class="visually-hidden">Filter by</span><span class="filter-label--line--inline">Duerr's</span><span class="filter-label--line--inline">&nbsp;(1)</span></a></label></div></li><li class="filter-option__container" id="Pascoe&#39;s" data-auto="filter-option" data-auto-selected="false"><div class="checkbox" data-auto="checkbox"><input id="filter-option--Pascoe&#39;s-9636002" name="filter-option--Pascoe&#39;s-9636002" type="checkbox"><label class="checkbox-label" for="filter-option--Pascoe&#39;s-9636002" title="Pascoe&#39;s"><a class="filter-option--link" href="https://www.tesco.com/groceries/en-GB/shop/pets/all?brand=Pascoe%27s&amp;viewAll=brand"><span class="checkbox-square checkbox-square-linked"></span><span class="checkbox-check icon-tick-white"></span><span class="visually-hidden">Filter by</span><span class="filter-label--line--inline">Pascoe's</span><span class="filter-label--line--inline">&nbsp;(1)</span></a></label></div></li><li class="filter-option__container" id="Rosewood" data-auto="filter-option" data-auto-selected="false"><div class="checkbox" data-auto="checkbox"><input id="filter-option--Rosewood-5421222" name="filter-option--Rosewood-5421222" type="checkbox"><label class="checkbox-label" for="filter-option--Rosewood-5421222" title="Rosewood"><a class="filter-option--link" href="https://www.tesco.com/groceries/en-GB/shop/pets/all?brand=Rosewood&amp;viewAll=brand"><span class="checkbox-square checkbox-square-linked"></span><span class="checkbox-check icon-tick-white"></span><span class="visually-hidden">Filter by</span><span class="filter-label--line--inline">Rosewood</span><span class="filter-label--line--inline">&nbsp;(1)</span></a></label></div></li><li class="filter-option__container" id="Tesco Home" data-auto="filter-option" data-auto-selected="false"><div class="checkbox" data-auto="checkbox"><input id="filter-option--Tesco-Home-3434212" name="filter-option--Tesco-Home-3434212" type="checkbox"><label class="checkbox-label" for="filter-option--Tesco-Home-3434212" title="Tesco Home"><a class="filter-option--link" href="https://www.tesco.com/groceries/en-GB/shop/pets/all?brand=Tesco%20Home&amp;viewAll=brand"><span class="checkbox-square checkbox-square-linked"></span><span class="checkbox-check icon-tick-white"></span><span class="visually-hidden">Filter by</span><span class="filter-label--line--inline">Tesco Home</span><span class="filter-label--line--inline">&nbsp;(1)</span></a></label></div></li><li class="filter-option__container" id="Top Life" data-auto="filter-option" data-auto-selected="false"><div class="checkbox" data-auto="checkbox"><input id="filter-option--Top-Life-5856718" name="filter-option--Top-Life-5856718" type="checkbox"><label class="checkbox-label" for="filter-option--Top-Life-5856718" title="Top Life"><a class="filter-option--link" href="https://www.tesco.com/groceries/en-GB/shop/pets/all?brand=Top%20Life&amp;viewAll=brand"><span class="checkbox-square checkbox-square-linked"></span><span class="checkbox-check icon-tick-white"></span><span class="visually-hidden">Filter by</span><span class="filter-label--line--inline">Top Life</span><span class="filter-label--line--inline">&nbsp;(1)</span></a></label></div></li><li class="filter-option__container" id="Vanish" data-auto="filter-option" data-auto-selected="false"><div class="checkbox" data-auto="checkbox"><input id="filter-option--Vanish-5966158" name="filter-option--Vanish-5966158" type="checkbox"><label class="checkbox-label" for="filter-option--Vanish-5966158" title="Vanish"><a class="filter-option--link" href="https://www.tesco.com/groceries/en-GB/shop/pets/all?brand=Vanish&amp;viewAll=brand"><span class="checkbox-square checkbox-square-linked"></span><span class="checkbox-check icon-tick-white"></span><span class="visually-hidden">Filter by</span><span class="filter-label--line--inline">Vanish</span><span class="filter-label--line--inline">&nbsp;(1)</span></a></label></div></li><li class="filter-option__container" id="Westland" data-auto="filter-option" data-auto-selected="false"><div class="checkbox" data-auto="checkbox"><input id="filter-option--Westland-529028" name="filter-option--Westland-529028" type="checkbox"><label class="checkbox-label" for="filter-option--Westland-529028" title="Westland"><a class="filter-option--link" href="https://www.tesco.com/groceries/en-GB/shop/pets/all?brand=Westland&amp;viewAll=brand"><span class="checkbox-square checkbox-square-linked"></span><span class="checkbox-check icon-tick-white"></span><span class="visually-hidden">Filter by</span><span class="filter-label--line--inline">Westland</span><span class="filter-label--line--inline">&nbsp;(1)</span></a></label></div></li><li class="more-filters--container hidden"><button class="button-text more-filters">More brands<span class="icon icon-header_down_triangle expand-icon"></span></button></li><li class="more-filters--container"><button class="button-text more-filters">Fewer brands<span class="icon icon-header_down_triangle contract-icon"></span></button></li></ul></li></ul></div></div></li><li data-auto="filter-lifestyle-and-dietary"><div class="filter-select__FilterSelectContainer-x4zufj-0 iRBCDW filter-select-container filter-lifestyle-and-dietary"><button aria-controls="filter-lifestyle-and-dietary" aria-expanded="false" class="button-text filter-select disabled" data-auto="filter-lifestyle-and-dietary-select"><span class="filter-select--label specific-filter-label">Lifestyle &amp; Dietary</span></button></div><div aria-hidden="true" class="filter-options-container last-child" id="filter-lifestyle-and-dietary" data-auto="filter-lifestyle-and-dietary-dropdown"><div class="filter-options">Filters should not be used as an alternative to medical advice. Always check the label.<ul aria-label="Lifestyle &amp; Dietary"></ul><div class="filter-options-footer"><span><span>In partnership with SpoonGuru.&nbsp;<a href="https://www.tesco.com/help/terms-and-conditions/#Dietary" class="filter-options-footer--lifestyle-and-dietary-link" target="_blank" rel="noopener">Find out more about each filter<span class="icon icon-chevron_right"></span></a></span></span></div></div></div></li></ul></div><div class="sort-control-container"><label class="instructions-label" for="sort-by">Sort by: </label><ul class="selects-row grid"><li><div class="filter-select-container"><select class="filter-select sort-control" id="sort-by"><option value="relevance">Relevance</option><option value="price-ascending">Price: Low to High</option><option value="price-descending">Price: High to Low</option></select><span class="icon icon-header_down_triangle"></span></div></li></ul></div></div></div><div class="filter-by-mobile"><a data-auto="filter-by-mobile-button" class="button button-secondary small" href="https://www.tesco.com/groceries/en-GB/shop/pets/all#sort-n-filter"><span>Sort and filter</span><span class="items-count" data-auto="items-count"> (716)</span></a></div></div></div><div class="product-lists"><div class="product-lists-wrapper"><div><div class="overlay-spinner--overlay overlay-spinner--large" data-auto="overlay-spinner"></div></div><div class="category product-list--page product-list--current-page"><div class="list-page-1"><ul class="product-list grid" data-auto="product-list" data-auto-last-updated="1669296133692"><li class="product-list--list-item first"><div class="styles__StyledVerticalTileWrapper-dvv1wj-0 dtCNPH"><div data-auto="product-tile" data-auto-type="Quantity" data-auto-available="true" data-auto-is-restricted-disabled="false" data-auto-is-substitute="false" class="styles__StyledVerticalTile-dvv1wj-1 gSCsYK"><div class="styles__StyledTileContentWrapper-dvv1wj-2 bkNhNP beans"><div id="tile-260814123" data-auto-id="260814123" class="styles__StyledTiledContent-dvv1wj-3 bcglTg"><a href="https://www.tesco.com/groceries/en-GB/products/260814123" aria-hidden="true" class="product-image-wrapper" tabindex="1"><div class="product-image__container"><picture><img class="styled__Image-sjvkdn-0 bJErKA product-image beans-responsive-image__image" src="./tesco_html_brand_petcare_files/343c7961-722e-4991-865e-b2b8a9fcd5af_1669630367.jpeg" srcset="https://digitalcontent.api.tesco.com/v2/media/ghs/c35fdab3-70de-43dd-96c3-4f8489e2debd/343c7961-722e-4991-865e-b2b8a9fcd5af_1669630367.jpeg?h=225&amp;w=225 768w, https://digitalcontent.api.tesco.com/v2/media/ghs/c35fdab3-70de-43dd-96c3-4f8489e2debd/343c7961-722e-4991-865e-b2b8a9fcd5af_1669630367.jpeg?h=225&amp;w=225 4000w" alt="Catsan Cat Litter 20 Litres"></picture></div></a><div class="product-details--wrapper"><h3 class="styles__H3-oa5soe-0 bCKNNq"><a href="https://www.tesco.com/groceries/en-GB/products/260814123" class="styled__Anchor-sc-1xbujuz-0 csVOnh beans-link__anchor" data-auto="product-tile--title"><span class="styled__Text-sc-1xbujuz-1 ldbwMG beans-link__text">Catsan Cat Litter 20 Litres</span></a></h3><div class="styles__StyledPromotionsAboveMobile-dvv1wj-7 iPTMuo"></div><div class="styles__StyledProductDetailsContent-dvv1wj-5 ddRSrq"><a href="https://www.tesco.com/groceries/en-GB/reviews/submission/260814123?from=%2Fshop%2Fpets%2Fall" aria-label="Write a review for Catsan Cat Litter 20 Litres" class="styled__Anchor-sc-1xbujuz-0 jSzuDt write-a-review-link beans-link__anchor" data-auto="review-link"><span class="styled__Text-sc-1xbujuz-1 fyDIEo beans-link__text">Write a review</span><span class="styled__IconContainer-sc-1xbujuz-2 bSauSL beans-link__icon-container"><svg aria-hidden="true" class="styled__SVG-xxa4wh-1 hQMCqc beans-link__icon beans-icon__svg" height="13.33" preserveAspectRatio="xMinYMax meet" viewBox="-1 0 12 20" width="8" xmlns="http://www.w3.org/2000/svg" color="currentColor"><path d="M1.312 1.348L10.276 10l-8.964 8.644" fill="none" stroke="currentColor"></path></svg></span></a><div><a href="https://www.tesco.com/groceries/en-GB/shop/pets/cat-food-and-accessories/cat-litter/cat-litter" class="styled__Anchor-sc-1xbujuz-0 jSzuDt rest-of-shelf-link beans-link__anchor" data-auto="rest-of-shelf-link"><span class="styled__Text-sc-1xbujuz-1 fyDIEo beans-link__text">Rest of <span class="visually-hidden">Cat Litter</span> shelf</span><span class="styled__IconContainer-sc-1xbujuz-2 bSauSL beans-link__icon-container"><svg aria-hidden="true" class="styled__SVG-xxa4wh-1 hQMCqc beans-link__icon beans-icon__svg" height="13.33" preserveAspectRatio="xMinYMax meet" viewBox="-1 0 12 20" width="8" xmlns="http://www.w3.org/2000/svg" color="currentColor"><path d="M1.312 1.348L10.276 10l-8.964 8.644" fill="none" stroke="currentColor"></path></svg></span></a></div><div class="product-info-message-section"><div class="product-info-message-list"></div></div></div><div class="styles__StyledBuyBoxWrapper-dvv1wj-4 dSvjUC"><div class="styles__StyledBuyBoxContainer-sc-1wx0qp6-0 erryje" data-auto="buybox-container"><div class="styles__SafeFormWrapper-jtpu2t-0 lcrYKS"><form action="https://www.tesco.com/groceries/en-GB/trolley/items/260814123?_method=PUT" method="POST"><input type="submit" class="hidden"><input name="id" type="hidden" value="260814123"><input name="identifier" type="hidden" value="Page"><input name="anchorId" type="hidden" value="#tile-260814123"><input name="returnUrl" type="hidden" value="/groceries/en-GB/shop/pets/all?redirectIfUnavailable=true#tile-260814123"><input name="backToUrl" type="hidden" value="#"><input name="oldValue" type="hidden" value="0"><input name="oldUnitChoice" type="hidden" value="pcs"><input name="newUnitChoice" type="hidden" value="pcs"><div class="base-components__RootElement-sc-1mosoyj-1 styled__Container-sc-6nhkzi-0 jptQqM hSNpTb beans-buybox__container"><div class="base-components__BaseElement-sc-1mosoyj-0 styled__PriceAndActions-sc-6nhkzi-3 oznwo eEPLov beans-buybox__price-and-actions"><div class="base-components__RootElement-sc-1mosoyj-1 styled__Container-sc-8qlq5b-0 jptQqM bgZrjw styled__StyledPrice-sc-6nhkzi-5 iYHeik beans-buybox__price beans-price__container"><p class="styled__StyledHeading-sc-119w3hf-2 jWPEtj styled__Text-sc-8qlq5b-1 lnaeiZ beans-price__text">£13.70</p><p class="styled__StyledFootnote-sc-119w3hf-7 icrlVF styled__Subtext-sc-8qlq5b-2 bNJmdc beans-price__subtext">£0.68/litre</p></div><div class="base-components__RootElement-sc-1mosoyj-1 styled__Container-vtxwzb-0 jptQqM bDFhXJ beans-buybox__actions beans-quantity-controls__container"><div class="base-components__RootElement-sc-1mosoyj-1 styled__Container-sc-16t2b2a-0 jptQqM PUfgZ styled__StyledFormGroup-vtxwzb-1 kzKuAr beans-quantity-controls__form-group beans-form-group__container"><label class="styled__StyledLabel-sc-1ttuvhr-0 izGEjV beans-form-group__label beans-label" for="quantity-controls-260814123">Quantity controls </label><div class="base-components__BaseElement-sc-1mosoyj-0 styled__Children-sc-16t2b2a-3 oznwo gdJvjO beans-form-group__children"><div class="styled__StyledQuantityControlWrapper-vtxwzb-6 LCxOg"><label id="quantity-controls-260814123-label" class="styled__VisuallyHiddenLabel-vtxwzb-7 gXlLiM">Quantity of Catsan Cat Litter 20 Litres</label><div class="component__Wrapper-sc-1kpmik-3 dReplG input-wrapper"><input class="base-components__RootElement-sc-1mosoyj-1 styled__StyledInput-sc-1jd5f57-0 component__StyledAsInput-sc-1kpmik-4 jptQqM eJLlow styled__StyledInput-vtxwzb-3 lwMHo beans-quantity-controls__input beans-input" data-auto="beans-quantity-controls-input" autocomplete="off" id="quantity-controls-260814123" maxlength="2" name="newValue" type="number" aria-labelledby="quantity-controls-260814123-label" value="1"></div></div><button class="styled__BaseButton-rsekm1-0 styled__PrimaryButton-rsekm1-2 jChbeY geeWOF styled__StyledButton-vtxwzb-5 japAxb beans-quantity-controls__add-button beans-button__container" type="submit" data-auto="beans-quantity-controls-add-button" aria-label="Quantity of Catsan Cat Litter 20 Litres"><span class="base-components__BaseElement-sc-1mosoyj-0 styled__InnerContainer-rsekm1-1 oznwo fuFres beans-button__inner-container"><span class="base-components__BaseElement-sc-1mosoyj-0 styled__TextSpan-rsekm1-4 oznwo GDiMp beans-button__text">Add</span></span></button></div></div></div></div></div><input name="_csrf" type="hidden" value="0WbpBJF9-cS-fAMl-ByHnl5hECj1JaZiBQ20"></form></div></div></div></div><div class="hidden-medium product-info-section-small"><div class="product-info-message-list"></div></div></div></div></div></div></li><li class="product-list--list-item"><div class="styles__StyledVerticalTileWrapper-dvv1wj-0 dtCNPH"><div data-auto="product-tile" data-auto-type="Quantity" data-auto-available="true" data-auto-is-restricted-disabled="false" data-auto-is-substitute="false" class="styles__StyledVerticalTile-dvv1wj-1 gSCsYK"><div class="styles__StyledTileContentWrapper-dvv1wj-2 bkNhNP beans"><div id="tile-254960689" data-auto-id="254960689" class="styles__StyledTiledContent-dvv1wj-3 bcglTg"><a href="https://www.tesco.com/groceries/en-GB/products/254960689" aria-hidden="true" class="product-image-wrapper" tabindex="1"><div class="product-image__container"><picture><img class="styled__Image-sjvkdn-0 bJErKA product-image beans-responsive-image__image" src="./tesco_html_brand_petcare_files/cec0e2e1-a12b-4f25-b655-f5aa9ab3270a_1825273817.jpeg" srcset="https://digitalcontent.api.tesco.com/v2/media/ghs/4a99b693-a81a-41e8-ba19-c5d4bcec50c8/cec0e2e1-a12b-4f25-b655-f5aa9ab3270a_1825273817.jpeg?h=225&amp;w=225 768w, https://digitalcontent.api.tesco.com/v2/media/ghs/4a99b693-a81a-41e8-ba19-c5d4bcec50c8/cec0e2e1-a12b-4f25-b655-f5aa9ab3270a_1825273817.jpeg?h=225&amp;w=225 4000w" alt="Catsan Cat Litter 10 Litres"></picture></div></a><div class="product-details--wrapper"><h3 class="styles__H3-oa5soe-0 bCKNNq"><a href="https://www.tesco.com/groceries/en-GB/products/254960689" class="styled__Anchor-sc-1xbujuz-0 csVOnh beans-link__anchor" data-auto="product-tile--title"><span class="styled__Text-sc-1xbujuz-1 ldbwMG beans-link__text">Catsan Cat Litter 10 Litres</span></a></h3><div class="styles__StyledPromotionsAboveMobile-dvv1wj-7 iPTMuo"></div><div class="styles__StyledProductDetailsContent-dvv1wj-5 ddRSrq"><a href="https://www.tesco.com/groceries/en-GB/reviews/submission/254960689?from=%2Fshop%2Fpets%2Fall" aria-label="Write a review for Catsan Cat Litter 10 Litres" class="styled__Anchor-sc-1xbujuz-0 jSzuDt write-a-review-link beans-link__anchor" data-auto="review-link"><span class="styled__Text-sc-1xbujuz-1 fyDIEo beans-link__text">Write a review</span><span class="styled__IconContainer-sc-1xbujuz-2 bSauSL beans-link__icon-container"><svg aria-hidden="true" class="styled__SVG-xxa4wh-1 hQMCqc beans-link__icon beans-icon__svg" height="13.33" preserveAspectRatio="xMinYMax meet" viewBox="-1 0 12 20" width="8" xmlns="http://www.w3.org/2000/svg" color="currentColor"><path d="M1.312 1.348L10.276 10l-8.964 8.644" fill="none" stroke="currentColor"></path></svg></span></a><div><a href="https://www.tesco.com/groceries/en-GB/shop/pets/cat-food-and-accessories/cat-litter/cat-litter" class="styled__Anchor-sc-1xbujuz-0 jSzuDt rest-of-shelf-link beans-link__anchor" data-auto="rest-of-shelf-link"><span class="styled__Text-sc-1xbujuz-1 fyDIEo beans-link__text">Rest of <span class="visually-hidden">Cat Litter</span> shelf</span><span class="styled__IconContainer-sc-1xbujuz-2 bSauSL beans-link__icon-container"><svg aria-hidden="true" class="styled__SVG-xxa4wh-1 hQMCqc beans-link__icon beans-icon__svg" height="13.33" preserveAspectRatio="xMinYMax meet" viewBox="-1 0 12 20" width="8" xmlns="http://www.w3.org/2000/svg" color="currentColor"><path d="M1.312 1.348L10.276 10l-8.964 8.644" fill="none" stroke="currentColor"></path></svg></span></a></div><div class="product-info-message-section"><div class="product-info-message-list"></div></div></div><div class="styles__StyledBuyBoxWrapper-dvv1wj-4 dSvjUC"><div class="styles__StyledBuyBoxContainer-sc-1wx0qp6-0 erryje" data-auto="buybox-container"><div class="styles__SafeFormWrapper-jtpu2t-0 lcrYKS"><form action="https://www.tesco.com/groceries/en-GB/trolley/items/254960689?_method=PUT" method="POST"><input type="submit" class="hidden"><input name="id" type="hidden" value="254960689"><input name="identifier" type="hidden" value="Page"><input name="anchorId" type="hidden" value="#tile-254960689"><input name="returnUrl" type="hidden" value="/groceries/en-GB/shop/pets/all?redirectIfUnavailable=true#tile-254960689"><input name="backToUrl" type="hidden" value="#"><input name="oldValue" type="hidden" value="0"><input name="oldUnitChoice" type="hidden" value="pcs"><input name="newUnitChoice" type="hidden" value="pcs"><div class="base-components__RootElement-sc-1mosoyj-1 styled__Container-sc-6nhkzi-0 jptQqM hSNpTb beans-buybox__container"><div class="base-components__BaseElement-sc-1mosoyj-0 styled__PriceAndActions-sc-6nhkzi-3 oznwo eEPLov beans-buybox__price-and-actions"><div class="base-components__RootElement-sc-1mosoyj-1 styled__Container-sc-8qlq5b-0 jptQqM bgZrjw styled__StyledPrice-sc-6nhkzi-5 iYHeik beans-buybox__price beans-price__container"><p class="styled__StyledHeading-sc-119w3hf-2 jWPEtj styled__Text-sc-8qlq5b-1 lnaeiZ beans-price__text">£7.00</p><p class="styled__StyledFootnote-sc-119w3hf-7 icrlVF styled__Subtext-sc-8qlq5b-2 bNJmdc beans-price__subtext">£0.70/litre</p></div><div class="base-components__RootElement-sc-1mosoyj-1 styled__Container-vtxwzb-0 jptQqM bDFhXJ beans-buybox__actions beans-quantity-controls__container"><div class="base-components__RootElement-sc-1mosoyj-1 styled__Container-sc-16t2b2a-0 jptQqM PUfgZ styled__StyledFormGroup-vtxwzb-1 kzKuAr beans-quantity-controls__form-group beans-form-group__container"><label class="styled__StyledLabel-sc-1ttuvhr-0 izGEjV beans-form-group__label beans-label" for="quantity-controls-254960689">Quantity controls </label><div class="base-components__BaseElement-sc-1mosoyj-0 styled__Children-sc-16t2b2a-3 oznwo gdJvjO beans-form-group__children"><div class="styled__StyledQuantityControlWrapper-vtxwzb-6 LCxOg"><label id="quantity-controls-254960689-label" class="styled__VisuallyHiddenLabel-vtxwzb-7 gXlLiM">Quantity of Catsan Cat Litter 10 Litres</label><div class="component__Wrapper-sc-1kpmik-3 dReplG input-wrapper"><input class="base-components__RootElement-sc-1mosoyj-1 styled__StyledInput-sc-1jd5f57-0 component__StyledAsInput-sc-1kpmik-4 jptQqM eJLlow styled__StyledInput-vtxwzb-3 lwMHo beans-quantity-controls__input beans-input" data-auto="beans-quantity-controls-input" autocomplete="off" id="quantity-controls-254960689" maxlength="2" name="newValue" type="number" aria-labelledby="quantity-controls-254960689-label" value="1"></div></div><button class="styled__BaseButton-rsekm1-0 styled__PrimaryButton-rsekm1-2 jChbeY geeWOF styled__StyledButton-vtxwzb-5 japAxb beans-quantity-controls__add-button beans-button__container" type="submit" data-auto="beans-quantity-controls-add-button" aria-label="Quantity of Catsan Cat Litter 10 Litres"><span class="base-components__BaseElement-sc-1mosoyj-0 styled__InnerContainer-rsekm1-1 oznwo fuFres beans-button__inner-container"><span class="base-components__BaseElement-sc-1mosoyj-0 styled__TextSpan-rsekm1-4 oznwo GDiMp beans-button__text">Add</span></span></button></div></div></div></div></div><input name="_csrf" type="hidden" value="0WbpBJF9-cS-fAMl-ByHnl5hECj1JaZiBQ20"></form></div></div></div></div><div class="hidden-medium product-info-section-small"><div class="product-info-message-list"></div></div></div></div></div></div></li><li class="product-list--list-item"><div class="styles__StyledVerticalTileWrapper-dvv1wj-0 dtCNPH"><div data-auto="product-tile" data-auto-type="Quantity" data-auto-available="true" data-auto-is-restricted-disabled="false" data-auto-is-substitute="false" class="styles__StyledVerticalTile-dvv1wj-1 gSCsYK"><div class="styles__StyledTileContentWrapper-dvv1wj-2 bkNhNP beans"><div id="tile-308462959" data-auto-id="308462959" class="styles__StyledTiledContent-dvv1wj-3 bcglTg"><a href="https://www.tesco.com/groceries/en-GB/products/308462959" aria-hidden="true" class="product-image-wrapper" tabindex="1"><div class="product-image__container"><picture><img class="styled__Image-sjvkdn-0 bJErKA product-image beans-responsive-image__image" src="./tesco_html_brand_petcare_files/8faff6af-b314-4014-bb07-2888fb2e9733_747306230.jpeg" srcset="https://digitalcontent.api.tesco.com/v2/media/ghs/e0d82411-c5ad-4954-85f1-f68cee44f678/8faff6af-b314-4014-bb07-2888fb2e9733_747306230.jpeg?h=225&amp;w=225 768w, https://digitalcontent.api.tesco.com/v2/media/ghs/e0d82411-c5ad-4954-85f1-f68cee44f678/8faff6af-b314-4014-bb07-2888fb2e9733_747306230.jpeg?h=225&amp;w=225 4000w" alt="Tesco Adult Dog Select In Jelly 12 X 400G"></picture></div></a><div class="product-details--wrapper"><h3 class="styles__H3-oa5soe-0 bCKNNq"><a href="https://www.tesco.com/groceries/en-GB/products/308462959" class="styled__Anchor-sc-1xbujuz-0 csVOnh beans-link__anchor" data-auto="product-tile--title"><span class="styled__Text-sc-1xbujuz-1 ldbwMG beans-link__text">Tesco Adult Dog Select In Jelly 12 X 400G</span></a></h3><div class="styles__StyledPromotionsAboveMobile-dvv1wj-7 iPTMuo"></div><div class="styles__StyledProductDetailsContent-dvv1wj-5 ddRSrq"><a href="https://www.tesco.com/groceries/en-GB/reviews/submission/308462959?from=%2Fshop%2Fpets%2Fall" aria-label="Write a review for Tesco Adult Dog Select In Jelly 12 X 400G" class="styled__Anchor-sc-1xbujuz-0 jSzuDt write-a-review-link beans-link__anchor" data-auto="review-link"><span class="styled__Text-sc-1xbujuz-1 fyDIEo beans-link__text">Write a review</span><span class="styled__IconContainer-sc-1xbujuz-2 bSauSL beans-link__icon-container"><svg aria-hidden="true" class="styled__SVG-xxa4wh-1 hQMCqc beans-link__icon beans-icon__svg" height="13.33" preserveAspectRatio="xMinYMax meet" viewBox="-1 0 12 20" width="8" xmlns="http://www.w3.org/2000/svg" color="currentColor"><path d="M1.312 1.348L10.276 10l-8.964 8.644" fill="none" stroke="currentColor"></path></svg></span></a><div><a href="https://www.tesco.com/groceries/en-GB/shop/pets/dog-food-and-accessories/wet-dog-food/tinned-dog-food" class="styled__Anchor-sc-1xbujuz-0 jSzuDt rest-of-shelf-link beans-link__anchor" data-auto="rest-of-shelf-link"><span class="styled__Text-sc-1xbujuz-1 fyDIEo beans-link__text">Rest of <span class="visually-hidden">Tinned Dog Food</span> shelf</span><span class="styled__IconContainer-sc-1xbujuz-2 bSauSL beans-link__icon-container"><svg aria-hidden="true" class="styled__SVG-xxa4wh-1 hQMCqc beans-link__icon beans-icon__svg" height="13.33" preserveAspectRatio="xMinYMax meet" viewBox="-1 0 12 20" width="8" xmlns="http://www.w3.org/2000/svg" color="currentColor"><path d="M1.312 1.348L10.276 10l-8.964 8.644" fill="none" stroke="currentColor"></path></svg></span></a></div><div class="product-info-message-section"><div class="product-info-message-list"></div></div></div><div class="styles__StyledBuyBoxWrapper-dvv1wj-4 dSvjUC"><div class="styles__StyledBuyBoxContainer-sc-1wx0qp6-0 erryje" data-auto="buybox-container"><div class="styles__SafeFormWrapper-jtpu2t-0 lcrYKS"><form action="https://www.tesco.com/groceries/en-GB/trolley/items/308462959?_method=PUT" method="POST"><input type="submit" class="hidden"><input name="id" type="hidden" value="308462959"><input name="identifier" type="hidden" value="Page"><input name="anchorId" type="hidden" value="#tile-308462959"><input name="returnUrl" type="hidden" value="/groceries/en-GB/shop/pets/all?redirectIfUnavailable=true#tile-308462959"><input name="backToUrl" type="hidden" value="#"><input name="oldValue" type="hidden" value="0"><input name="oldUnitChoice" type="hidden" value="pcs"><input name="newUnitChoice" type="hidden" value="pcs"><div class="base-components__RootElement-sc-1mosoyj-1 styled__Container-sc-6nhkzi-0 jptQqM hSNpTb beans-buybox__container"><div class="base-components__BaseElement-sc-1mosoyj-0 styled__PriceAndActions-sc-6nhkzi-3 oznwo eEPLov beans-buybox__price-and-actions"><div class="base-components__RootElement-sc-1mosoyj-1 styled__Container-sc-8qlq5b-0 jptQqM bgZrjw styled__StyledPrice-sc-6nhkzi-5 iYHeik beans-buybox__price beans-price__container"><p class="styled__StyledHeading-sc-119w3hf-2 jWPEtj styled__Text-sc-8qlq5b-1 lnaeiZ beans-price__text">£7.00</p><p class="styled__StyledFootnote-sc-119w3hf-7 icrlVF styled__Subtext-sc-8qlq5b-2 bNJmdc beans-price__subtext">£1.46/kg</p></div><div class="base-components__RootElement-sc-1mosoyj-1 styled__Container-vtxwzb-0 jptQqM bDFhXJ beans-buybox__actions beans-quantity-controls__container"><div class="base-components__RootElement-sc-1mosoyj-1 styled__Container-sc-16t2b2a-0 jptQqM PUfgZ styled__StyledFormGroup-vtxwzb-1 kzKuAr beans-quantity-controls__form-group beans-form-group__container"><label class="styled__StyledLabel-sc-1ttuvhr-0 izGEjV beans-form-group__label beans-label" for="quantity-controls-308462959">Quantity controls </label><div class="base-components__BaseElement-sc-1mosoyj-0 styled__Children-sc-16t2b2a-3 oznwo gdJvjO beans-form-group__children"><div class="styled__StyledQuantityControlWrapper-vtxwzb-6 LCxOg"><label id="quantity-controls-308462959-label" class="styled__VisuallyHiddenLabel-vtxwzb-7 gXlLiM">Quantity of Tesco Adult Dog Select In Jelly 12 X 400G</label><div class="component__Wrapper-sc-1kpmik-3 dReplG input-wrapper"><input class="base-components__RootElement-sc-1mosoyj-1 styled__StyledInput-sc-1jd5f57-0 component__StyledAsInput-sc-1kpmik-4 jptQqM eJLlow styled__StyledInput-vtxwzb-3 lwMHo beans-quantity-controls__input beans-input" data-auto="beans-quantity-controls-input" autocomplete="off" id="quantity-controls-308462959" maxlength="2" name="newValue" type="number" aria-labelledby="quantity-controls-308462959-label" value="1"></div></div><button class="styled__BaseButton-rsekm1-0 styled__PrimaryButton-rsekm1-2 jChbeY geeWOF styled__StyledButton-vtxwzb-5 japAxb beans-quantity-controls__add-button beans-button__container" type="submit" data-auto="beans-quantity-controls-add-button" aria-label="Quantity of Tesco Adult Dog Select In Jelly 12 X 400G"><span class="base-components__BaseElement-sc-1mosoyj-0 styled__InnerContainer-rsekm1-1 oznwo fuFres beans-button__inner-container"><span class="base-components__BaseElement-sc-1mosoyj-0 styled__TextSpan-rsekm1-4 oznwo GDiMp beans-button__text">Add</span></span></button></div></div></div></div></div><input name="_csrf" type="hidden" value="0WbpBJF9-cS-fAMl-ByHnl5hECj1JaZiBQ20"></form></div></div></div></div><div class="hidden-medium product-info-section-small"><div class="product-info-message-list"></div></div></div></div></div></div></li><li class="product-list--list-item"><div class="styles__StyledVerticalTileWrapper-dvv1wj-0 dtCNPH"><div data-auto="product-tile" data-auto-type="Quantity" data-auto-available="true" data-auto-is-restricted-disabled="false" data-auto-is-substitute="false" class="styles__StyledVerticalTile-dvv1wj-1 gSCsYK"><div class="styles__StyledTileContentWrapper-dvv1wj-2 bkNhNP beans"><div id="tile-308481592" data-auto-id="308481592" class="styles__StyledTiledContent-dvv1wj-3 bcglTg"><a href="https://www.tesco.com/groceries/en-GB/products/308481592" aria-hidden="true" class="product-image-wrapper" tabindex="1"><div class="product-image__container"><picture><img class="styled__Image-sjvkdn-0 bJErKA product-image beans-responsive-image__image" src="./tesco_html_brand_petcare_files/0f800f92-986d-474b-b176-7d75673b08bf_1767021322.jpeg" srcset="https://digitalcontent.api.tesco.com/v2/media/ghs/69a67c04-4fed-467a-b947-ee2acd6628a1/0f800f92-986d-474b-b176-7d75673b08bf_1767021322.jpeg?h=225&amp;w=225 768w, https://digitalcontent.api.tesco.com/v2/media/ghs/69a67c04-4fed-467a-b947-ee2acd6628a1/0f800f92-986d-474b-b176-7d75673b08bf_1767021322.jpeg?h=225&amp;w=225 4000w" alt="T.Adult Dog Food Mixed Select In Jelly 6X400g"></picture></div></a><div class="product-details--wrapper"><h3 class="styles__H3-oa5soe-0 bCKNNq"><a href="https://www.tesco.com/groceries/en-GB/products/308481592" class="styled__Anchor-sc-1xbujuz-0 csVOnh beans-link__anchor" data-auto="product-tile--title"><span class="styled__Text-sc-1xbujuz-1 ldbwMG beans-link__text">T.Adult Dog Food Mixed Select In Jelly 6X400g</span></a></h3><div class="styles__StyledPromotionsAboveMobile-dvv1wj-7 iPTMuo"></div><div class="styles__StyledProductDetailsContent-dvv1wj-5 ddRSrq"><a href="https://www.tesco.com/groceries/en-GB/reviews/submission/308481592?from=%2Fshop%2Fpets%2Fall" aria-label="Write a review for T.Adult Dog Food Mixed Select In Jelly 6X400g" class="styled__Anchor-sc-1xbujuz-0 jSzuDt write-a-review-link beans-link__anchor" data-auto="review-link"><span class="styled__Text-sc-1xbujuz-1 fyDIEo beans-link__text">Write a review</span><span class="styled__IconContainer-sc-1xbujuz-2 bSauSL beans-link__icon-container"><svg aria-hidden="true" class="styled__SVG-xxa4wh-1 hQMCqc beans-link__icon beans-icon__svg" height="13.33" preserveAspectRatio="xMinYMax meet" viewBox="-1 0 12 20" width="8" xmlns="http://www.w3.org/2000/svg" color="currentColor"><path d="M1.312 1.348L10.276 10l-8.964 8.644" fill="none" stroke="currentColor"></path></svg></span></a><div><a href="https://www.tesco.com/groceries/en-GB/shop/pets/dog-food-and-accessories/wet-dog-food/tinned-dog-food" class="styled__Anchor-sc-1xbujuz-0 jSzuDt rest-of-shelf-link beans-link__anchor" data-auto="rest-of-shelf-link"><span class="styled__Text-sc-1xbujuz-1 fyDIEo beans-link__text">Rest of <span class="visually-hidden">Tinned Dog Food</span> shelf</span><span class="styled__IconContainer-sc-1xbujuz-2 bSauSL beans-link__icon-container"><svg aria-hidden="true" class="styled__SVG-xxa4wh-1 hQMCqc beans-link__icon beans-icon__svg" height="13.33" preserveAspectRatio="xMinYMax meet" viewBox="-1 0 12 20" width="8" xmlns="http://www.w3.org/2000/svg" color="currentColor"><path d="M1.312 1.348L10.276 10l-8.964 8.644" fill="none" stroke="currentColor"></path></svg></span></a></div><div class="product-info-message-section"><div class="product-info-message-list"></div></div></div><div class="styles__StyledBuyBoxWrapper-dvv1wj-4 dSvjUC"><div class="styles__StyledBuyBoxContainer-sc-1wx0qp6-0 erryje" data-auto="buybox-container"><div class="styles__SafeFormWrapper-jtpu2t-0 lcrYKS"><form action="https://www.tesco.com/groceries/en-GB/trolley/items/308481592?_method=PUT" method="POST"><input type="submit" class="hidden"><input name="id" type="hidden" value="308481592"><input name="identifier" type="hidden" value="Page"><input name="anchorId" type="hidden" value="#tile-308481592"><input name="returnUrl" type="hidden" value="/groceries/en-GB/shop/pets/all?redirectIfUnavailable=true#tile-308481592"><input name="backToUrl" type="hidden" value="#"><input name="oldValue" type="hidden" value="0"><input name="oldUnitChoice" type="hidden" value="pcs"><input name="newUnitChoice" type="hidden" value="pcs"><div class="base-components__RootElement-sc-1mosoyj-1 styled__Container-sc-6nhkzi-0 jptQqM hSNpTb beans-buybox__container"><div class="base-components__BaseElement-sc-1mosoyj-0 styled__PriceAndActions-sc-6nhkzi-3 oznwo eEPLov beans-buybox__price-and-actions"><div class="base-components__RootElement-sc-1mosoyj-1 styled__Container-sc-8qlq5b-0 jptQqM bgZrjw styled__StyledPrice-sc-6nhkzi-5 iYHeik beans-buybox__price beans-price__container"><p class="styled__StyledHeading-sc-119w3hf-2 jWPEtj styled__Text-sc-8qlq5b-1 lnaeiZ beans-price__text">£4.40</p><p class="styled__StyledFootnote-sc-119w3hf-7 icrlVF styled__Subtext-sc-8qlq5b-2 bNJmdc beans-price__subtext">£1.84/kg</p></div><div class="base-components__RootElement-sc-1mosoyj-1 styled__Container-vtxwzb-0 jptQqM bDFhXJ beans-buybox__actions beans-quantity-controls__container"><div class="base-components__RootElement-sc-1mosoyj-1 styled__Container-sc-16t2b2a-0 jptQqM PUfgZ styled__StyledFormGroup-vtxwzb-1 kzKuAr beans-quantity-controls__form-group beans-form-group__container"><label class="styled__StyledLabel-sc-1ttuvhr-0 izGEjV beans-form-group__label beans-label" for="quantity-controls-308481592">Quantity controls </label><div class="base-components__BaseElement-sc-1mosoyj-0 styled__Children-sc-16t2b2a-3 oznwo gdJvjO beans-form-group__children"><div class="styled__StyledQuantityControlWrapper-vtxwzb-6 LCxOg"><label id="quantity-controls-308481592-label" class="styled__VisuallyHiddenLabel-vtxwzb-7 gXlLiM">Quantity of T.Adult Dog Food Mixed Select In Jelly 6X400g</label><div class="component__Wrapper-sc-1kpmik-3 dReplG input-wrapper"><input class="base-components__RootElement-sc-1mosoyj-1 styled__StyledInput-sc-1jd5f57-0 component__StyledAsInput-sc-1kpmik-4 jptQqM eJLlow styled__StyledInput-vtxwzb-3 lwMHo beans-quantity-controls__input beans-input" data-auto="beans-quantity-controls-input" autocomplete="off" id="quantity-controls-308481592" maxlength="2" name="newValue" type="number" aria-labelledby="quantity-controls-308481592-label" value="1"></div></div><button class="styled__BaseButton-rsekm1-0 styled__PrimaryButton-rsekm1-2 jChbeY geeWOF styled__StyledButton-vtxwzb-5 japAxb beans-quantity-controls__add-button beans-button__container" type="submit" data-auto="beans-quantity-controls-add-button" aria-label="Quantity of T.Adult Dog Food Mixed Select In Jelly 6X400g"><span class="base-components__BaseElement-sc-1mosoyj-0 styled__InnerContainer-rsekm1-1 oznwo fuFres beans-button__inner-container"><span class="base-components__BaseElement-sc-1mosoyj-0 styled__TextSpan-rsekm1-4 oznwo GDiMp beans-button__text">Add</span></span></button></div></div></div></div></div><input name="_csrf" type="hidden" value="0WbpBJF9-cS-fAMl-ByHnl5hECj1JaZiBQ20"></form></div></div></div></div><div class="hidden-medium product-info-section-small"><div class="product-info-message-list"></div></div></div></div></div></div></li><li class="product-list--list-item"><div class="styles__StyledVerticalTileWrapper-dvv1wj-0 dtCNPH"><div data-auto="product-tile" data-auto-type="Quantity" data-auto-available="true" data-auto-is-restricted-disabled="false" data-auto-is-substitute="false" class="styles__StyledVerticalTile-dvv1wj-1 gSCsYK"><div class="styles__StyledTileContentWrapper-dvv1wj-2 bkNhNP beans"><div id="tile-274776111" data-auto-id="274776111" class="styles__StyledTiledContent-dvv1wj-3 bcglTg"><a href="https://www.tesco.com/groceries/en-GB/products/274776111" aria-hidden="true" class="product-image-wrapper" tabindex="1"><div class="product-image__container"><picture><img class="styled__Image-sjvkdn-0 bJErKA product-image beans-responsive-image__image" src="data:image/gif;base64,R0lGODlhAQABAAAAACH5BAEKAAEALAAAAAABAAEAAAICTAEAOw==" srcset="https://digitalcontent.api.tesco.com/v2/media/ghs/72e39058-2f22-4f4c-8677-cfc715a639d1/2de8cad2-3c6b-4fd2-869a-e3590b9a7e5e_1342144644.jpeg?h=225&amp;w=225 768w, data:image/gif;base64,R0lGODlhAQABAAAAACH5BAEKAAEALAAAAAABAAEAAAICTAEAOw== 4000w" alt="Tesco Chunks In Jelly Chicken Tinned Dog Food 400G"></picture></div></a><div class="product-details--wrapper"><h3 class="styles__H3-oa5soe-0 bCKNNq"><a href="https://www.tesco.com/groceries/en-GB/products/274776111" class="styled__Anchor-sc-1xbujuz-0 csVOnh beans-link__anchor" data-auto="product-tile--title"><span class="styled__Text-sc-1xbujuz-1 ldbwMG beans-link__text">Tesco Chunks In Jelly Chicken Tinned Dog Food 400G</span></a></h3><div class="styles__StyledPromotionsAboveMobile-dvv1wj-7 iPTMuo"></div><div class="styles__StyledProductDetailsContent-dvv1wj-5 ddRSrq"><a href="https://www.tesco.com/groceries/en-GB/reviews/submission/274776111?from=%2Fshop%2Fpets%2Fall" aria-label="Write a review for Tesco Chunks In Jelly Chicken Tinned Dog Food 400G" class="styled__Anchor-sc-1xbujuz-0 jSzuDt write-a-review-link beans-link__anchor" data-auto="review-link"><span class="styled__Text-sc-1xbujuz-1 fyDIEo beans-link__text">Write a review</span><span class="styled__IconContainer-sc-1xbujuz-2 bSauSL beans-link__icon-container"><svg aria-hidden="true" class="styled__SVG-xxa4wh-1 hQMCqc beans-link__icon beans-icon__svg" height="13.33" preserveAspectRatio="xMinYMax meet" viewBox="-1 0 12 20" width="8" xmlns="http://www.w3.org/2000/svg" color="currentColor"><path d="M1.312 1.348L10.276 10l-8.964 8.644" fill="none" stroke="currentColor"></path></svg></span></a><div><a href="https://www.tesco.com/groceries/en-GB/shop/pets/dog-food-and-accessories/wet-dog-food/tinned-dog-food" class="styled__Anchor-sc-1xbujuz-0 jSzuDt rest-of-shelf-link beans-link__anchor" data-auto="rest-of-shelf-link"><span class="styled__Text-sc-1xbujuz-1 fyDIEo beans-link__text">Rest of <span class="visually-hidden">Tinned Dog Food</span> shelf</span><span class="styled__IconContainer-sc-1xbujuz-2 bSauSL beans-link__icon-container"><svg aria-hidden="true" class="styled__SVG-xxa4wh-1 hQMCqc beans-link__icon beans-icon__svg" height="13.33" preserveAspectRatio="xMinYMax meet" viewBox="-1 0 12 20" width="8" xmlns="http://www.w3.org/2000/svg" color="currentColor"><path d="M1.312 1.348L10.276 10l-8.964 8.644" fill="none" stroke="currentColor"></path></svg></span></a></div><div class="product-info-message-section"><div class="product-info-message-list"></div></div></div><div class="styles__StyledBuyBoxWrapper-dvv1wj-4 dSvjUC"><div class="styles__StyledBuyBoxContainer-sc-1wx0qp6-0 erryje" data-auto="buybox-container"><div class="styles__SafeFormWrapper-jtpu2t-0 lcrYKS"><form action="https://www.tesco.com/groceries/en-GB/trolley/items/274776111?_method=PUT" method="POST"><input type="submit" class="hidden"><input name="id" type="hidden" value="274776111"><input name="identifier" type="hidden" value="Page"><input name="anchorId" type="hidden" value="#tile-274776111"><input name="returnUrl" type="hidden" value="/groceries/en-GB/shop/pets/all?redirectIfUnavailable=true#tile-274776111"><input name="backToUrl" type="hidden" value="#"><input name="oldValue" type="hidden" value="0"><input name="oldUnitChoice" type="hidden" value="pcs"><input name="newUnitChoice" type="hidden" value="pcs"><div class="base-components__RootElement-sc-1mosoyj-1 styled__Container-sc-6nhkzi-0 jptQqM hSNpTb beans-buybox__container"><div class="base-components__BaseElement-sc-1mosoyj-0 styled__PriceAndActions-sc-6nhkzi-3 oznwo eEPLov beans-buybox__price-and-actions"><div class="base-components__RootElement-sc-1mosoyj-1 styled__Container-sc-8qlq5b-0 jptQqM bgZrjw styled__StyledPrice-sc-6nhkzi-5 iYHeik beans-buybox__price beans-price__container"><p class="styled__StyledHeading-sc-119w3hf-2 jWPEtj styled__Text-sc-8qlq5b-1 lnaeiZ beans-price__text">£0.75</p><p class="styled__StyledFootnote-sc-119w3hf-7 icrlVF styled__Subtext-sc-8qlq5b-2 bNJmdc beans-price__subtext">£1.88/kg</p></div><div class="base-components__RootElement-sc-1mosoyj-1 styled__Container-vtxwzb-0 jptQqM bDFhXJ beans-buybox__actions beans-quantity-controls__container"><div class="base-components__RootElement-sc-1mosoyj-1 styled__Container-sc-16t2b2a-0 jptQqM PUfgZ styled__StyledFormGroup-vtxwzb-1 kzKuAr beans-quantity-controls__form-group beans-form-group__container"><label class="styled__StyledLabel-sc-1ttuvhr-0 izGEjV beans-form-group__label beans-label" for="quantity-controls-274776111">Quantity controls </label><div class="base-components__BaseElement-sc-1mosoyj-0 styled__Children-sc-16t2b2a-3 oznwo gdJvjO beans-form-group__children"><div class="styled__StyledQuantityControlWrapper-vtxwzb-6 LCxOg"><label id="quantity-controls-274776111-label" class="styled__VisuallyHiddenLabel-vtxwzb-7 gXlLiM">Quantity of Tesco Chunks In Jelly Chicken Tinned Dog Food 400G</label><div class="component__Wrapper-sc-1kpmik-3 dReplG input-wrapper"><input class="base-components__RootElement-sc-1mosoyj-1 styled__StyledInput-sc-1jd5f57-0 component__StyledAsInput-sc-1kpmik-4 jptQqM eJLlow styled__StyledInput-vtxwzb-3 lwMHo beans-quantity-controls__input beans-input" data-auto="beans-quantity-controls-input" autocomplete="off" id="quantity-controls-274776111" maxlength="2" name="newValue" type="number" aria-labelledby="quantity-controls-274776111-label" value="1"></div></div><button class="styled__BaseButton-rsekm1-0 styled__PrimaryButton-rsekm1-2 jChbeY geeWOF styled__StyledButton-vtxwzb-5 japAxb beans-quantity-controls__add-button beans-button__container" type="submit" data-auto="beans-quantity-controls-add-button" aria-label="Quantity of Tesco Chunks In Jelly Chicken Tinned Dog Food 400G"><span class="base-components__BaseElement-sc-1mosoyj-0 styled__InnerContainer-rsekm1-1 oznwo fuFres beans-button__inner-container"><span class="base-components__BaseElement-sc-1mosoyj-0 styled__TextSpan-rsekm1-4 oznwo GDiMp beans-button__text">Add</span></span></button></div></div></div></div></div><input name="_csrf" type="hidden" value="0WbpBJF9-cS-fAMl-ByHnl5hECj1JaZiBQ20"></form></div></div></div></div><div class="hidden-medium product-info-section-small"><div class="product-info-message-list"></div></div></div></div></div></div></li><li class="product-list--list-item"><div class="styles__StyledVerticalTileWrapper-dvv1wj-0 dtCNPH"><div data-auto="product-tile" data-auto-type="Quantity" data-auto-available="true" data-auto-is-restricted-disabled="false" data-auto-is-substitute="false" class="styles__StyledVerticalTile-dvv1wj-1 gSCsYK"><div class="styles__StyledTileContentWrapper-dvv1wj-2 bkNhNP beans"><div id="tile-308480316" data-auto-id="308480316" class="styles__StyledTiledContent-dvv1wj-3 bcglTg"><a href="https://www.tesco.com/groceries/en-GB/products/308480316" aria-hidden="true" class="product-image-wrapper" tabindex="1"><div class="product-image__container"><picture><img class="styled__Image-sjvkdn-0 bJErKA product-image beans-responsive-image__image" src="data:image/gif;base64,R0lGODlhAQABAAAAACH5BAEKAAEALAAAAAABAAEAAAICTAEAOw==" srcset="https://digitalcontent.api.tesco.com/v2/media/ghs/ff7ebe98-ed33-4815-beb3-0fc8141aec9e/0e98135b-7e17-438a-a736-ca015cacd32c_716922033.jpeg?h=225&amp;w=225 768w, data:image/gif;base64,R0lGODlhAQABAAAAACH5BAEKAAEALAAAAAABAAEAAAICTAEAOw== 4000w" alt="Tesco Adult Cat Poultry Selection In Jelly 6X400g"></picture></div></a><div class="product-details--wrapper"><h3 class="styles__H3-oa5soe-0 bCKNNq"><a href="https://www.tesco.com/groceries/en-GB/products/308480316" class="styled__Anchor-sc-1xbujuz-0 csVOnh beans-link__anchor" data-auto="product-tile--title"><span class="styled__Text-sc-1xbujuz-1 ldbwMG beans-link__text">Tesco Adult Cat Poultry Selection In Jelly 6X400g</span></a></h3><div class="styles__StyledPromotionsAboveMobile-dvv1wj-7 iPTMuo"></div><div class="styles__StyledProductDetailsContent-dvv1wj-5 ddRSrq"><a href="https://www.tesco.com/groceries/en-GB/reviews/submission/308480316?from=%2Fshop%2Fpets%2Fall" aria-label="Write a review for Tesco Adult Cat Poultry Selection In Jelly 6X400g" class="styled__Anchor-sc-1xbujuz-0 jSzuDt write-a-review-link beans-link__anchor" data-auto="review-link"><span class="styled__Text-sc-1xbujuz-1 fyDIEo beans-link__text">Write a review</span><span class="styled__IconContainer-sc-1xbujuz-2 bSauSL beans-link__icon-container"><svg aria-hidden="true" class="styled__SVG-xxa4wh-1 hQMCqc beans-link__icon beans-icon__svg" height="13.33" preserveAspectRatio="xMinYMax meet" viewBox="-1 0 12 20" width="8" xmlns="http://www.w3.org/2000/svg" color="currentColor"><path d="M1.312 1.348L10.276 10l-8.964 8.644" fill="none" stroke="currentColor"></path></svg></span></a><div><a href="https://www.tesco.com/groceries/en-GB/shop/pets/cat-food-and-accessories/wet-cat-food/tinned-cat-food" class="styled__Anchor-sc-1xbujuz-0 jSzuDt rest-of-shelf-link beans-link__anchor" data-auto="rest-of-shelf-link"><span class="styled__Text-sc-1xbujuz-1 fyDIEo beans-link__text">Rest of <span class="visually-hidden">Tinned Cat Food</span> shelf</span><span class="styled__IconContainer-sc-1xbujuz-2 bSauSL beans-link__icon-container"><svg aria-hidden="true" class="styled__SVG-xxa4wh-1 hQMCqc beans-link__icon beans-icon__svg" height="13.33" preserveAspectRatio="xMinYMax meet" viewBox="-1 0 12 20" width="8" xmlns="http://www.w3.org/2000/svg" color="currentColor"><path d="M1.312 1.348L10.276 10l-8.964 8.644" fill="none" stroke="currentColor"></path></svg></span></a></div><div class="product-info-message-section"><div class="product-info-message-list"></div></div></div><div class="styles__StyledBuyBoxWrapper-dvv1wj-4 dSvjUC"><div class="styles__StyledBuyBoxContainer-sc-1wx0qp6-0 erryje" data-auto="buybox-container"><div class="styles__SafeFormWrapper-jtpu2t-0 lcrYKS"><form action="https://www.tesco.com/groceries/en-GB/trolley/items/308480316?_method=PUT" method="POST"><input type="submit" class="hidden"><input name="id" type="hidden" value="308480316"><input name="identifier" type="hidden" value="Page"><input name="anchorId" type="hidden" value="#tile-308480316"><input name="returnUrl" type="hidden" value="/groceries/en-GB/shop/pets/all?redirectIfUnavailable=true#tile-308480316"><input name="backToUrl" type="hidden" value="#"><input name="oldValue" type="hidden" value="0"><input name="oldUnitChoice" type="hidden" value="pcs"><input name="newUnitChoice" type="hidden" value="pcs"><div class="base-components__RootElement-sc-1mosoyj-1 styled__Container-sc-6nhkzi-0 jptQqM hSNpTb beans-buybox__container"><div class="base-components__BaseElement-sc-1mosoyj-0 styled__PriceAndActions-sc-6nhkzi-3 oznwo eEPLov beans-buybox__price-and-actions"><div class="base-components__RootElement-sc-1mosoyj-1 styled__Container-sc-8qlq5b-0 jptQqM bgZrjw styled__StyledPrice-sc-6nhkzi-5 iYHeik beans-buybox__price beans-price__container"><p class="styled__StyledHeading-sc-119w3hf-2 jWPEtj styled__Text-sc-8qlq5b-1 lnaeiZ beans-price__text">£4.50</p><p class="styled__StyledFootnote-sc-119w3hf-7 icrlVF styled__Subtext-sc-8qlq5b-2 bNJmdc beans-price__subtext">£1.88/kg</p></div><div class="base-components__RootElement-sc-1mosoyj-1 styled__Container-vtxwzb-0 jptQqM bDFhXJ beans-buybox__actions beans-quantity-controls__container"><div class="base-components__RootElement-sc-1mosoyj-1 styled__Container-sc-16t2b2a-0 jptQqM PUfgZ styled__StyledFormGroup-vtxwzb-1 kzKuAr beans-quantity-controls__form-group beans-form-group__container"><label class="styled__StyledLabel-sc-1ttuvhr-0 izGEjV beans-form-group__label beans-label" for="quantity-controls-308480316">Quantity controls </label><div class="base-components__BaseElement-sc-1mosoyj-0 styled__Children-sc-16t2b2a-3 oznwo gdJvjO beans-form-group__children"><div class="styled__StyledQuantityControlWrapper-vtxwzb-6 LCxOg"><label id="quantity-controls-308480316-label" class="styled__VisuallyHiddenLabel-vtxwzb-7 gXlLiM">Quantity of Tesco Adult Cat Poultry Selection In Jelly 6X400g</label><div class="component__Wrapper-sc-1kpmik-3 dReplG input-wrapper"><input class="base-components__RootElement-sc-1mosoyj-1 styled__StyledInput-sc-1jd5f57-0 component__StyledAsInput-sc-1kpmik-4 jptQqM eJLlow styled__StyledInput-vtxwzb-3 lwMHo beans-quantity-controls__input beans-input" data-auto="beans-quantity-controls-input" autocomplete="off" id="quantity-controls-308480316" maxlength="2" name="newValue" type="number" aria-labelledby="quantity-controls-308480316-label" value="1"></div></div><button class="styled__BaseButton-rsekm1-0 styled__PrimaryButton-rsekm1-2 jChbeY geeWOF styled__StyledButton-vtxwzb-5 japAxb beans-quantity-controls__add-button beans-button__container" type="submit" data-auto="beans-quantity-controls-add-button" aria-label="Quantity of Tesco Adult Cat Poultry Selection In Jelly 6X400g"><span class="base-components__BaseElement-sc-1mosoyj-0 styled__InnerContainer-rsekm1-1 oznwo fuFres beans-button__inner-container"><span class="base-components__BaseElement-sc-1mosoyj-0 styled__TextSpan-rsekm1-4 oznwo GDiMp beans-button__text">Add</span></span></button></div></div></div></div></div><input name="_csrf" type="hidden" value="0WbpBJF9-cS-fAMl-ByHnl5hECj1JaZiBQ20"></form></div></div></div></div><div class="hidden-medium product-info-section-small"><div class="product-info-message-list"></div></div></div></div></div></div></li><li class="product-list--list-item"><div class="styles__StyledVerticalTileWrapper-dvv1wj-0 dtCNPH"><div data-auto="product-tile" data-auto-type="Quantity" data-auto-available="true" data-auto-is-restricted-disabled="false" data-auto-is-substitute="false" class="styles__StyledVerticalTile-dvv1wj-1 gSCsYK"><div class="styles__StyledTileContentWrapper-dvv1wj-2 bkNhNP beans"><div id="tile-279626921" data-auto-id="279626921" class="styles__StyledTiledContent-dvv1wj-3 bcglTg"><a href="https://www.tesco.com/groceries/en-GB/products/279626921" aria-hidden="true" class="product-image-wrapper" tabindex="1"><div class="product-image__container"><picture><img class="styled__Image-sjvkdn-0 bJErKA product-image beans-responsive-image__image" src="data:image/gif;base64,R0lGODlhAQABAAAAACH5BAEKAAEALAAAAAABAAEAAAICTAEAOw==" srcset="https://digitalcontent.api.tesco.com/v2/media/ghs/d448a439-ce20-4885-9ff7-c84f2d1145e5/f40521ab-0681-412d-b1b5-3640c56189ca_569960812.jpeg?h=225&amp;w=225 768w, data:image/gif;base64,R0lGODlhAQABAAAAACH5BAEKAAEALAAAAAABAAEAAAICTAEAOw== 4000w" alt="Tesco Dog Poop Bags 75&#39;S"></picture></div></a><div class="product-details--wrapper"><h3 class="styles__H3-oa5soe-0 bCKNNq"><a href="https://www.tesco.com/groceries/en-GB/products/279626921" class="styled__Anchor-sc-1xbujuz-0 csVOnh beans-link__anchor" data-auto="product-tile--title"><span class="styled__Text-sc-1xbujuz-1 ldbwMG beans-link__text">Tesco Dog Poop Bags 75'S</span></a></h3><div class="styles__StyledPromotionsAboveMobile-dvv1wj-7 iPTMuo"></div><div class="styles__StyledProductDetailsContent-dvv1wj-5 ddRSrq"><a href="https://www.tesco.com/groceries/en-GB/reviews/submission/279626921?from=%2Fshop%2Fpets%2Fall" aria-label="Write a review for Tesco Dog Poop Bags 75&#39;S" class="styled__Anchor-sc-1xbujuz-0 jSzuDt write-a-review-link beans-link__anchor" data-auto="review-link"><span class="styled__Text-sc-1xbujuz-1 fyDIEo beans-link__text">Write a review</span><span class="styled__IconContainer-sc-1xbujuz-2 bSauSL beans-link__icon-container"><svg aria-hidden="true" class="styled__SVG-xxa4wh-1 hQMCqc beans-link__icon beans-icon__svg" height="13.33" preserveAspectRatio="xMinYMax meet" viewBox="-1 0 12 20" width="8" xmlns="http://www.w3.org/2000/svg" color="currentColor"><path d="M1.312 1.348L10.276 10l-8.964 8.644" fill="none" stroke="currentColor"></path></svg></span></a><div><a href="https://www.tesco.com/groceries/en-GB/shop/pets/dog-food-and-accessories/dog-toys-healthcare-and-accessories/dog-poo-bags-and-accessories" class="styled__Anchor-sc-1xbujuz-0 jSzuDt rest-of-shelf-link beans-link__anchor" data-auto="rest-of-shelf-link"><span class="styled__Text-sc-1xbujuz-1 fyDIEo beans-link__text">Rest of <span class="visually-hidden">Dog Poo Bags &amp; Accessories</span> shelf</span><span class="styled__IconContainer-sc-1xbujuz-2 bSauSL beans-link__icon-container"><svg aria-hidden="true" class="styled__SVG-xxa4wh-1 hQMCqc beans-link__icon beans-icon__svg" height="13.33" preserveAspectRatio="xMinYMax meet" viewBox="-1 0 12 20" width="8" xmlns="http://www.w3.org/2000/svg" color="currentColor"><path d="M1.312 1.348L10.276 10l-8.964 8.644" fill="none" stroke="currentColor"></path></svg></span></a></div><div class="product-info-message-section"><div class="product-info-message-list"></div></div></div><div class="styles__StyledBuyBoxWrapper-dvv1wj-4 dSvjUC"><div class="styles__StyledBuyBoxContainer-sc-1wx0qp6-0 erryje" data-auto="buybox-container"><div class="styles__SafeFormWrapper-jtpu2t-0 lcrYKS"><form action="https://www.tesco.com/groceries/en-GB/trolley/items/279626921?_method=PUT" method="POST"><input type="submit" class="hidden"><input name="id" type="hidden" value="279626921"><input name="identifier" type="hidden" value="Page"><input name="anchorId" type="hidden" value="#tile-279626921"><input name="returnUrl" type="hidden" value="/groceries/en-GB/shop/pets/all?redirectIfUnavailable=true#tile-279626921"><input name="backToUrl" type="hidden" value="#"><input name="oldValue" type="hidden" value="0"><input name="oldUnitChoice" type="hidden" value="pcs"><input name="newUnitChoice" type="hidden" value="pcs"><div class="base-components__RootElement-sc-1mosoyj-1 styled__Container-sc-6nhkzi-0 jptQqM hSNpTb beans-buybox__container"><div class="base-components__BaseElement-sc-1mosoyj-0 styled__PriceAndActions-sc-6nhkzi-3 oznwo eEPLov beans-buybox__price-and-actions"><div class="base-components__RootElement-sc-1mosoyj-1 styled__Container-sc-8qlq5b-0 jptQqM bgZrjw styled__StyledPrice-sc-6nhkzi-5 iYHeik beans-buybox__price beans-price__container"><p class="styled__StyledHeading-sc-119w3hf-2 jWPEtj styled__Text-sc-8qlq5b-1 lnaeiZ beans-price__text">£1.65</p><p class="styled__StyledFootnote-sc-119w3hf-7 icrlVF styled__Subtext-sc-8qlq5b-2 bNJmdc beans-price__subtext">£0.02/each</p></div><div class="base-components__RootElement-sc-1mosoyj-1 styled__Container-vtxwzb-0 jptQqM bDFhXJ beans-buybox__actions beans-quantity-controls__container"><div class="base-components__RootElement-sc-1mosoyj-1 styled__Container-sc-16t2b2a-0 jptQqM PUfgZ styled__StyledFormGroup-vtxwzb-1 kzKuAr beans-quantity-controls__form-group beans-form-group__container"><label class="styled__StyledLabel-sc-1ttuvhr-0 izGEjV beans-form-group__label beans-label" for="quantity-controls-279626921">Quantity controls </label><div class="base-components__BaseElement-sc-1mosoyj-0 styled__Children-sc-16t2b2a-3 oznwo gdJvjO beans-form-group__children"><div class="styled__StyledQuantityControlWrapper-vtxwzb-6 LCxOg"><label id="quantity-controls-279626921-label" class="styled__VisuallyHiddenLabel-vtxwzb-7 gXlLiM">Quantity of Tesco Dog Poop Bags 75'S</label><div class="component__Wrapper-sc-1kpmik-3 dReplG input-wrapper"><input class="base-components__RootElement-sc-1mosoyj-1 styled__StyledInput-sc-1jd5f57-0 component__StyledAsInput-sc-1kpmik-4 jptQqM eJLlow styled__StyledInput-vtxwzb-3 lwMHo beans-quantity-controls__input beans-input" data-auto="beans-quantity-controls-input" autocomplete="off" id="quantity-controls-279626921" maxlength="2" name="newValue" type="number" aria-labelledby="quantity-controls-279626921-label" value="1"></div></div><button class="styled__BaseButton-rsekm1-0 styled__PrimaryButton-rsekm1-2 jChbeY geeWOF styled__StyledButton-vtxwzb-5 japAxb beans-quantity-controls__add-button beans-button__container" type="submit" data-auto="beans-quantity-controls-add-button" aria-label="Quantity of Tesco Dog Poop Bags 75&#39;S"><span class="base-components__BaseElement-sc-1mosoyj-0 styled__InnerContainer-rsekm1-1 oznwo fuFres beans-button__inner-container"><span class="base-components__BaseElement-sc-1mosoyj-0 styled__TextSpan-rsekm1-4 oznwo GDiMp beans-button__text">Add</span></span></button></div></div></div></div></div><input name="_csrf" type="hidden" value="0WbpBJF9-cS-fAMl-ByHnl5hECj1JaZiBQ20"></form></div></div></div></div><div class="hidden-medium product-info-section-small"><div class="product-info-message-list"></div></div></div></div></div></div></li><li class="product-list--list-item"><div class="styles__StyledVerticalTileWrapper-dvv1wj-0 dtCNPH"><div data-auto="product-tile" data-auto-type="Quantity" data-auto-available="true" data-auto-is-restricted-disabled="false" data-auto-is-substitute="false" class="styles__StyledVerticalTile-dvv1wj-1 gSCsYK"><div class="styles__StyledTileContentWrapper-dvv1wj-2 bkNhNP beans"><div id="tile-308492734" data-auto-id="308492734" class="styles__StyledTiledContent-dvv1wj-3 bcglTg"><a href="https://www.tesco.com/groceries/en-GB/products/308492734" aria-hidden="true" class="product-image-wrapper" tabindex="1"><div class="product-image__container"><picture><img class="styled__Image-sjvkdn-0 bJErKA product-image beans-responsive-image__image" src="data:image/gif;base64,R0lGODlhAQABAAAAACH5BAEKAAEALAAAAAABAAEAAAICTAEAOw==" srcset="https://digitalcontent.api.tesco.com/v2/media/ghs/d3880b94-95a6-4d06-90c6-2f39064b524d/3c42071d-811f-404d-9fa3-4a7ebdcfc36e_635021746.jpeg?h=225&amp;w=225 768w, data:image/gif;base64,R0lGODlhAQABAAAAACH5BAEKAAEALAAAAAABAAEAAAICTAEAOw== 4000w" alt="Tesco Adult Cat Food Mixed Selection In Jelly 12X100g"></picture></div></a><div class="product-details--wrapper"><h3 class="styles__H3-oa5soe-0 bCKNNq"><a href="https://www.tesco.com/groceries/en-GB/products/308492734" class="styled__Anchor-sc-1xbujuz-0 csVOnh beans-link__anchor" data-auto="product-tile--title"><span class="styled__Text-sc-1xbujuz-1 ldbwMG beans-link__text">Tesco Adult Cat Food Mixed Selection In Jelly 12X100g</span></a></h3><div class="styles__StyledPromotionsAboveMobile-dvv1wj-7 iPTMuo"></div><div class="styles__StyledProductDetailsContent-dvv1wj-5 ddRSrq"><a href="https://www.tesco.com/groceries/en-GB/reviews/submission/308492734?from=%2Fshop%2Fpets%2Fall" aria-label="Write a review for Tesco Adult Cat Food Mixed Selection In Jelly 12X100g" class="styled__Anchor-sc-1xbujuz-0 jSzuDt write-a-review-link beans-link__anchor" data-auto="review-link"><span class="styled__Text-sc-1xbujuz-1 fyDIEo beans-link__text">Write a review</span><span class="styled__IconContainer-sc-1xbujuz-2 bSauSL beans-link__icon-container"><svg aria-hidden="true" class="styled__SVG-xxa4wh-1 hQMCqc beans-link__icon beans-icon__svg" height="13.33" preserveAspectRatio="xMinYMax meet" viewBox="-1 0 12 20" width="8" xmlns="http://www.w3.org/2000/svg" color="currentColor"><path d="M1.312 1.348L10.276 10l-8.964 8.644" fill="none" stroke="currentColor"></path></svg></span></a><div><a href="https://www.tesco.com/groceries/en-GB/shop/pets/cat-food-and-accessories/wet-cat-food/cat-food-pouches" class="styled__Anchor-sc-1xbujuz-0 jSzuDt rest-of-shelf-link beans-link__anchor" data-auto="rest-of-shelf-link"><span class="styled__Text-sc-1xbujuz-1 fyDIEo beans-link__text">Rest of <span class="visually-hidden">Cat Food Pouches</span> shelf</span><span class="styled__IconContainer-sc-1xbujuz-2 bSauSL beans-link__icon-container"><svg aria-hidden="true" class="styled__SVG-xxa4wh-1 hQMCqc beans-link__icon beans-icon__svg" height="13.33" preserveAspectRatio="xMinYMax meet" viewBox="-1 0 12 20" width="8" xmlns="http://www.w3.org/2000/svg" color="currentColor"><path d="M1.312 1.348L10.276 10l-8.964 8.644" fill="none" stroke="currentColor"></path></svg></span></a></div><div class="product-info-message-section"><div class="product-info-message-list"></div></div></div><div class="styles__StyledBuyBoxWrapper-dvv1wj-4 dSvjUC"><div class="styles__StyledBuyBoxContainer-sc-1wx0qp6-0 erryje" data-auto="buybox-container"><div class="styles__SafeFormWrapper-jtpu2t-0 lcrYKS"><form action="https://www.tesco.com/groceries/en-GB/trolley/items/308492734?_method=PUT" method="POST"><input type="submit" class="hidden"><input name="id" type="hidden" value="308492734"><input name="identifier" type="hidden" value="Page"><input name="anchorId" type="hidden" value="#tile-308492734"><input name="returnUrl" type="hidden" value="/groceries/en-GB/shop/pets/all?redirectIfUnavailable=true#tile-308492734"><input name="backToUrl" type="hidden" value="#"><input name="oldValue" type="hidden" value="0"><input name="oldUnitChoice" type="hidden" value="pcs"><input name="newUnitChoice" type="hidden" value="pcs"><div class="base-components__RootElement-sc-1mosoyj-1 styled__Container-sc-6nhkzi-0 jptQqM hSNpTb beans-buybox__container"><div class="base-components__BaseElement-sc-1mosoyj-0 styled__PriceAndActions-sc-6nhkzi-3 oznwo eEPLov beans-buybox__price-and-actions"><div class="base-components__RootElement-sc-1mosoyj-1 styled__Container-sc-8qlq5b-0 jptQqM bgZrjw styled__StyledPrice-sc-6nhkzi-5 iYHeik beans-buybox__price beans-price__container"><p class="styled__StyledHeading-sc-119w3hf-2 jWPEtj styled__Text-sc-8qlq5b-1 lnaeiZ beans-price__text">£3.10</p><p class="styled__StyledFootnote-sc-119w3hf-7 icrlVF styled__Subtext-sc-8qlq5b-2 bNJmdc beans-price__subtext">£2.59/kg</p></div><div class="base-components__RootElement-sc-1mosoyj-1 styled__Container-vtxwzb-0 jptQqM bDFhXJ beans-buybox__actions beans-quantity-controls__container"><div class="base-components__RootElement-sc-1mosoyj-1 styled__Container-sc-16t2b2a-0 jptQqM PUfgZ styled__StyledFormGroup-vtxwzb-1 kzKuAr beans-quantity-controls__form-group beans-form-group__container"><label class="styled__StyledLabel-sc-1ttuvhr-0 izGEjV beans-form-group__label beans-label" for="quantity-controls-308492734">Quantity controls </label><div class="base-components__BaseElement-sc-1mosoyj-0 styled__Children-sc-16t2b2a-3 oznwo gdJvjO beans-form-group__children"><div class="styled__StyledQuantityControlWrapper-vtxwzb-6 LCxOg"><label id="quantity-controls-308492734-label" class="styled__VisuallyHiddenLabel-vtxwzb-7 gXlLiM">Quantity of Tesco Adult Cat Food Mixed Selection In Jelly 12X100g</label><div class="component__Wrapper-sc-1kpmik-3 dReplG input-wrapper"><input class="base-components__RootElement-sc-1mosoyj-1 styled__StyledInput-sc-1jd5f57-0 component__StyledAsInput-sc-1kpmik-4 jptQqM eJLlow styled__StyledInput-vtxwzb-3 lwMHo beans-quantity-controls__input beans-input" data-auto="beans-quantity-controls-input" autocomplete="off" id="quantity-controls-308492734" maxlength="2" name="newValue" type="number" aria-labelledby="quantity-controls-308492734-label" value="1"></div></div><button class="styled__BaseButton-rsekm1-0 styled__PrimaryButton-rsekm1-2 jChbeY geeWOF styled__StyledButton-vtxwzb-5 japAxb beans-quantity-controls__add-button beans-button__container" type="submit" data-auto="beans-quantity-controls-add-button" aria-label="Quantity of Tesco Adult Cat Food Mixed Selection In Jelly 12X100g"><span class="base-components__BaseElement-sc-1mosoyj-0 styled__InnerContainer-rsekm1-1 oznwo fuFres beans-button__inner-container"><span class="base-components__BaseElement-sc-1mosoyj-0 styled__TextSpan-rsekm1-4 oznwo GDiMp beans-button__text">Add</span></span></button></div></div></div></div></div><input name="_csrf" type="hidden" value="0WbpBJF9-cS-fAMl-ByHnl5hECj1JaZiBQ20"></form></div></div></div></div><div class="hidden-medium product-info-section-small"><div class="product-info-message-list"></div></div></div></div></div></div></li><li class="product-list--list-item"><div class="styles__StyledVerticalTileWrapper-dvv1wj-0 dtCNPH"><div data-auto="product-tile" data-auto-type="Quantity" data-auto-available="true" data-auto-is-restricted-disabled="false" data-auto-is-substitute="false" class="styles__StyledVerticalTile-dvv1wj-1 gSCsYK"><div class="styles__StyledTileContentWrapper-dvv1wj-2 bkNhNP beans"><div id="tile-308485708" data-auto-id="308485708" class="styles__StyledTiledContent-dvv1wj-3 bcglTg"><a href="https://www.tesco.com/groceries/en-GB/products/308485708" aria-hidden="true" class="product-image-wrapper" tabindex="1"><div class="product-image__container"><picture><img class="styled__Image-sjvkdn-0 bJErKA product-image beans-responsive-image__image" src="data:image/gif;base64,R0lGODlhAQABAAAAACH5BAEKAAEALAAAAAABAAEAAAICTAEAOw==" srcset="https://digitalcontent.api.tesco.com/v2/media/ghs/e0e5254c-f4e7-42e8-95cc-59f641fc9b5d/2aca920b-cde7-4f8a-82f9-f24eb2035f91_1934326839.jpeg?h=225&amp;w=225 768w, data:image/gif;base64,R0lGODlhAQABAAAAACH5BAEKAAEALAAAAAABAAEAAAICTAEAOw== 4000w" alt="Tesco Adult Cat 12X100g Fish Select In Jelly"></picture></div></a><div class="product-details--wrapper"><h3 class="styles__H3-oa5soe-0 bCKNNq"><a href="https://www.tesco.com/groceries/en-GB/products/308485708" class="styled__Anchor-sc-1xbujuz-0 csVOnh beans-link__anchor" data-auto="product-tile--title"><span class="styled__Text-sc-1xbujuz-1 ldbwMG beans-link__text">Tesco Adult Cat 12X100g Fish Select In Jelly</span></a></h3><div class="styles__StyledPromotionsAboveMobile-dvv1wj-7 iPTMuo"></div><div class="styles__StyledProductDetailsContent-dvv1wj-5 ddRSrq"><a href="https://www.tesco.com/groceries/en-GB/reviews/submission/308485708?from=%2Fshop%2Fpets%2Fall" aria-label="Write a review for Tesco Adult Cat 12X100g Fish Select In Jelly" class="styled__Anchor-sc-1xbujuz-0 jSzuDt write-a-review-link beans-link__anchor" data-auto="review-link"><span class="styled__Text-sc-1xbujuz-1 fyDIEo beans-link__text">Write a review</span><span class="styled__IconContainer-sc-1xbujuz-2 bSauSL beans-link__icon-container"><svg aria-hidden="true" class="styled__SVG-xxa4wh-1 hQMCqc beans-link__icon beans-icon__svg" height="13.33" preserveAspectRatio="xMinYMax meet" viewBox="-1 0 12 20" width="8" xmlns="http://www.w3.org/2000/svg" color="currentColor"><path d="M1.312 1.348L10.276 10l-8.964 8.644" fill="none" stroke="currentColor"></path></svg></span></a><div><a href="https://www.tesco.com/groceries/en-GB/shop/pets/cat-food-and-accessories/wet-cat-food/cat-food-pouches" class="styled__Anchor-sc-1xbujuz-0 jSzuDt rest-of-shelf-link beans-link__anchor" data-auto="rest-of-shelf-link"><span class="styled__Text-sc-1xbujuz-1 fyDIEo beans-link__text">Rest of <span class="visually-hidden">Cat Food Pouches</span> shelf</span><span class="styled__IconContainer-sc-1xbujuz-2 bSauSL beans-link__icon-container"><svg aria-hidden="true" class="styled__SVG-xxa4wh-1 hQMCqc beans-link__icon beans-icon__svg" height="13.33" preserveAspectRatio="xMinYMax meet" viewBox="-1 0 12 20" width="8" xmlns="http://www.w3.org/2000/svg" color="currentColor"><path d="M1.312 1.348L10.276 10l-8.964 8.644" fill="none" stroke="currentColor"></path></svg></span></a></div><div class="product-info-message-section"><div class="product-info-message-list"></div></div></div><div class="styles__StyledBuyBoxWrapper-dvv1wj-4 dSvjUC"><div class="styles__StyledBuyBoxContainer-sc-1wx0qp6-0 erryje" data-auto="buybox-container"><div class="styles__SafeFormWrapper-jtpu2t-0 lcrYKS"><form action="https://www.tesco.com/groceries/en-GB/trolley/items/308485708?_method=PUT" method="POST"><input type="submit" class="hidden"><input name="id" type="hidden" value="308485708"><input name="identifier" type="hidden" value="Page"><input name="anchorId" type="hidden" value="#tile-308485708"><input name="returnUrl" type="hidden" value="/groceries/en-GB/shop/pets/all?redirectIfUnavailable=true#tile-308485708"><input name="backToUrl" type="hidden" value="#"><input name="oldValue" type="hidden" value="0"><input name="oldUnitChoice" type="hidden" value="pcs"><input name="newUnitChoice" type="hidden" value="pcs"><div class="base-components__RootElement-sc-1mosoyj-1 styled__Container-sc-6nhkzi-0 jptQqM hSNpTb beans-buybox__container"><div class="base-components__BaseElement-sc-1mosoyj-0 styled__PriceAndActions-sc-6nhkzi-3 oznwo eEPLov beans-buybox__price-and-actions"><div class="base-components__RootElement-sc-1mosoyj-1 styled__Container-sc-8qlq5b-0 jptQqM bgZrjw styled__StyledPrice-sc-6nhkzi-5 iYHeik beans-buybox__price beans-price__container"><p class="styled__StyledHeading-sc-119w3hf-2 jWPEtj styled__Text-sc-8qlq5b-1 lnaeiZ beans-price__text">£3.10</p><p class="styled__StyledFootnote-sc-119w3hf-7 icrlVF styled__Subtext-sc-8qlq5b-2 bNJmdc beans-price__subtext">£2.59/kg</p></div><div class="base-components__RootElement-sc-1mosoyj-1 styled__Container-vtxwzb-0 jptQqM bDFhXJ beans-buybox__actions beans-quantity-controls__container"><div class="base-components__RootElement-sc-1mosoyj-1 styled__Container-sc-16t2b2a-0 jptQqM PUfgZ styled__StyledFormGroup-vtxwzb-1 kzKuAr beans-quantity-controls__form-group beans-form-group__container"><label class="styled__StyledLabel-sc-1ttuvhr-0 izGEjV beans-form-group__label beans-label" for="quantity-controls-308485708">Quantity controls </label><div class="base-components__BaseElement-sc-1mosoyj-0 styled__Children-sc-16t2b2a-3 oznwo gdJvjO beans-form-group__children"><div class="styled__StyledQuantityControlWrapper-vtxwzb-6 LCxOg"><label id="quantity-controls-308485708-label" class="styled__VisuallyHiddenLabel-vtxwzb-7 gXlLiM">Quantity of Tesco Adult Cat 12X100g Fish Select In Jelly</label><div class="component__Wrapper-sc-1kpmik-3 dReplG input-wrapper"><input class="base-components__RootElement-sc-1mosoyj-1 styled__StyledInput-sc-1jd5f57-0 component__StyledAsInput-sc-1kpmik-4 jptQqM eJLlow styled__StyledInput-vtxwzb-3 lwMHo beans-quantity-controls__input beans-input" data-auto="beans-quantity-controls-input" autocomplete="off" id="quantity-controls-308485708" maxlength="2" name="newValue" type="number" aria-labelledby="quantity-controls-308485708-label" value="1"></div></div><button class="styled__BaseButton-rsekm1-0 styled__PrimaryButton-rsekm1-2 jChbeY geeWOF styled__StyledButton-vtxwzb-5 japAxb beans-quantity-controls__add-button beans-button__container" type="submit" data-auto="beans-quantity-controls-add-button" aria-label="Quantity of Tesco Adult Cat 12X100g Fish Select In Jelly"><span class="base-components__BaseElement-sc-1mosoyj-0 styled__InnerContainer-rsekm1-1 oznwo fuFres beans-button__inner-container"><span class="base-components__BaseElement-sc-1mosoyj-0 styled__TextSpan-rsekm1-4 oznwo GDiMp beans-button__text">Add</span></span></button></div></div></div></div></div><input name="_csrf" type="hidden" value="0WbpBJF9-cS-fAMl-ByHnl5hECj1JaZiBQ20"></form></div></div></div></div><div class="hidden-medium product-info-section-small"><div class="product-info-message-list"></div></div></div></div></div></div></li><li class="product-list--list-item"><div class="styles__StyledVerticalTileWrapper-dvv1wj-0 dtCNPH"><div data-auto="product-tile" data-auto-type="Quantity" data-auto-available="true" data-auto-is-restricted-disabled="false" data-auto-is-substitute="false" class="styles__StyledVerticalTile-dvv1wj-1 gSCsYK"><div class="styles__StyledTileContentWrapper-dvv1wj-2 bkNhNP beans"><div id="tile-284044006" data-auto-id="284044006" class="styles__StyledTiledContent-dvv1wj-3 bcglTg"><a href="https://www.tesco.com/groceries/en-GB/products/284044006" aria-hidden="true" class="product-image-wrapper" tabindex="1"><div class="product-image__container"><picture><img class="styled__Image-sjvkdn-0 bJErKA product-image beans-responsive-image__image" src="data:image/gif;base64,R0lGODlhAQABAAAAACH5BAEKAAEALAAAAAABAAEAAAICTAEAOw==" srcset="https://digitalcontent.api.tesco.com/v2/media/ghs/33594b97-5ec1-44a4-9bcc-59994ed53b0c/a08869d7-0144-4d4e-9d5c-e96271ba84bf.jpeg?h=225&amp;w=225 768w, data:image/gif;base64,R0lGODlhAQABAAAAACH5BAEKAAEALAAAAAABAAEAAAICTAEAOw== 4000w" alt="Gourmet Mon Petit Chicken 6X50g"></picture></div></a><div class="product-details--wrapper"><h3 class="styles__H3-oa5soe-0 bCKNNq"><a href="https://www.tesco.com/groceries/en-GB/products/284044006" class="styled__Anchor-sc-1xbujuz-0 csVOnh beans-link__anchor" data-auto="product-tile--title"><span class="styled__Text-sc-1xbujuz-1 ldbwMG beans-link__text">Gourmet Mon Petit Chicken 6X50g</span></a></h3><div class="styles__StyledPromotionsAboveMobile-dvv1wj-7 iPTMuo"></div><div class="styles__StyledProductDetailsContent-dvv1wj-5 ddRSrq"><a href="https://www.tesco.com/groceries/en-GB/reviews/submission/284044006?from=%2Fshop%2Fpets%2Fall" aria-label="Write a review for Gourmet Mon Petit Chicken 6X50g" class="styled__Anchor-sc-1xbujuz-0 jSzuDt write-a-review-link beans-link__anchor" data-auto="review-link"><span class="styled__Text-sc-1xbujuz-1 fyDIEo beans-link__text">Write a review</span><span class="styled__IconContainer-sc-1xbujuz-2 bSauSL beans-link__icon-container"><svg aria-hidden="true" class="styled__SVG-xxa4wh-1 hQMCqc beans-link__icon beans-icon__svg" height="13.33" preserveAspectRatio="xMinYMax meet" viewBox="-1 0 12 20" width="8" xmlns="http://www.w3.org/2000/svg" color="currentColor"><path d="M1.312 1.348L10.276 10l-8.964 8.644" fill="none" stroke="currentColor"></path></svg></span></a><div><a href="https://www.tesco.com/groceries/en-GB/shop/pets/cat-food-and-accessories/luxury-cat-food/luxury-cat-food-pouches" class="styled__Anchor-sc-1xbujuz-0 jSzuDt rest-of-shelf-link beans-link__anchor" data-auto="rest-of-shelf-link"><span class="styled__Text-sc-1xbujuz-1 fyDIEo beans-link__text">Rest of <span class="visually-hidden">Luxury Cat Food Pouches</span> shelf</span><span class="styled__IconContainer-sc-1xbujuz-2 bSauSL beans-link__icon-container"><svg aria-hidden="true" class="styled__SVG-xxa4wh-1 hQMCqc beans-link__icon beans-icon__svg" height="13.33" preserveAspectRatio="xMinYMax meet" viewBox="-1 0 12 20" width="8" xmlns="http://www.w3.org/2000/svg" color="currentColor"><path d="M1.312 1.348L10.276 10l-8.964 8.644" fill="none" stroke="currentColor"></path></svg></span></a></div><div class="product-info-message-section"><div class="product-info-message-list"><ul><li><div data-auto="info-message" class="product-info-message"><p>£5 off £20 or more shop on selected Petcare items. Coupon deducted from total basket after Clubcard Prices applied. Enter eCoupon code GRKLHH at checkout (case sensitive). T&amp;Cs apply. Valid on orders collected or delivered between 16/11/22 - 06/12/22</p></div></li></ul><div class="styled__WhiteBackground-sc-9yzfq2-1 jthPIJ"><svg width="56" height="61" viewBox="0 0 56 61" fill="none" xmlns="http://www.w3.org/2000/svg"><path d="M30.8759 45.8182C40.0086 42.7996 46.6572 34.3312 46.9801 24.2629H47V23.502V22.7397H46.9801C46.5765 10.112 36.2237 0 23.4993 0C10.5209 0 0 10.5209 0 23.4993C0 33.8972 6.75323 42.7162 16.1109 45.8142L16.1294 42.8684C13.3741 41.8189 10.9007 40.1978 8.8508 38.1492C5.099 34.3961 2.78308 29.2256 2.78308 23.4993C2.78308 17.7744 5.10032 12.6039 8.8508 8.84947C12.6039 5.09768 17.7744 2.78175 23.5007 2.78175C29.2256 2.78175 34.3961 5.09768 38.1505 8.84947C41.9023 12.6026 44.2182 17.7731 44.2182 23.4993C44.2182 29.2256 41.901 34.3948 38.1505 38.1492C36.1033 40.1952 33.6338 41.815 30.8838 42.8644L30.8772 45.8182H30.8759Z" fill="#EE1C2E"></path><path d="M9.82217 16.0368C10.5434 14.6962 11.4566 13.472 12.5245 12.4041C15.3354 9.59453 19.2116 7.85825 23.4994 7.85825C27.7871 7.85825 31.6633 9.59453 34.4742 12.4041C35.5435 13.4734 36.4553 14.6962 37.1765 16.0368H38.6256C35.8995 10.4309 30.1507 6.56662 23.498 6.56662C16.8454 6.56662 11.0966 10.4309 8.37042 16.0368H9.81952H9.82217Z" fill="black"></path><path d="M38.2419 28.245C37.4743 30.5728 36.1694 32.6571 34.4742 34.3537C32.8385 35.9881 30.8428 37.2599 28.6142 38.038C28.605 38.0407 28.5825 38.0394 28.5878 38.0473C28.773 38.3278 28.7836 39.3429 28.7836 39.3429C33.9567 37.6318 38.0142 33.4763 39.593 28.245H38.2419Z" fill="black"></path><path d="M12.5245 34.3537C10.4322 32.2601 8.9355 29.5763 8.30822 26.5722H6.99409C8.14941 32.5791 12.4994 37.4491 18.2085 39.3416C18.2111 39.3416 18.2177 39.3482 18.2177 39.3442C18.2627 38.2286 18.3898 38.0394 18.3898 38.0394C18.3818 38.0367 18.3726 38.0341 18.3646 38.0301C16.144 37.2519 14.1536 35.9828 12.5232 34.3524L12.5245 34.3537Z" fill="black"></path><path d="M17.6645 15.8727H20.1062V16.8335H16.623V11.2289H17.6645V15.8727Z" fill="black"></path><path d="M20.527 13.6745C20.7031 13.3516 20.9532 13.0975 21.2761 12.9136C21.599 12.7296 21.9682 12.637 22.3851 12.637C22.8019 12.637 23.1712 12.7296 23.4941 12.9136C23.817 13.0975 24.0658 13.3516 24.2431 13.6745C24.4191 13.9974 24.5065 14.3614 24.5065 14.7676C24.5065 15.1739 24.4191 15.5379 24.2431 15.8608C24.0671 16.1837 23.817 16.4364 23.4941 16.6217C23.1712 16.8057 22.8019 16.897 22.3851 16.897C21.9682 16.897 21.599 16.8057 21.2761 16.6217C20.9532 16.4378 20.7031 16.1837 20.527 15.8608C20.351 15.5379 20.2637 15.1739 20.2637 14.7676C20.2637 14.3614 20.351 13.9974 20.527 13.6745ZM21.5805 15.6477C21.7856 15.8727 22.0542 15.9838 22.3851 15.9838C22.7159 15.9838 22.9846 15.8713 23.1897 15.6477C23.3948 15.424 23.498 15.1303 23.498 14.7676C23.498 14.405 23.3948 14.1112 23.1897 13.8876C22.9846 13.6639 22.7159 13.5515 22.3851 13.5515C22.0542 13.5515 21.7856 13.6639 21.5805 13.8876C21.3753 14.1112 21.2721 14.405 21.2721 14.7676C21.2721 15.1303 21.3753 15.424 21.5805 15.6477Z" fill="black"></path><path d="M29.1687 16.8334H28.208L27.5119 14.1271L26.8158 16.8334H25.855L24.566 12.7018H25.5347L26.3182 15.4082L27.0315 12.7018H27.9923L28.7056 15.4082L29.489 12.7018H30.4577L29.1687 16.8334Z" fill="black"></path><path d="M8.61654 18.931H5.58202V20.4026H8.01572V21.6042H5.58202V23.5377H8.71579V24.738H4.27981V17.7294H8.61654V18.931Z" fill="black"></path><path d="M8.73168 19.5715H9.9836L11.2051 23.0269L12.4266 19.5715H13.6785L11.7662 24.738H10.644L8.73168 19.5715Z" fill="black"></path><path d="M18.7126 22.5558H14.8973C14.9635 22.9369 15.121 23.2254 15.3684 23.4226C15.6159 23.6198 15.9163 23.7177 16.2697 23.7177C16.5635 23.7177 16.8083 23.6555 17.0055 23.5324C17.2027 23.4093 17.3906 23.2201 17.5719 22.966L18.6226 23.5377C18.3686 23.9519 18.047 24.2682 17.6566 24.4892C17.2662 24.7089 16.7805 24.8201 16.1995 24.8201C15.6517 24.8201 15.1832 24.6917 14.7928 24.435C14.4024 24.1782 14.1099 23.8461 13.9167 23.4385C13.7235 23.0322 13.6269 22.6047 13.6269 22.1574C13.6269 21.7101 13.7288 21.2827 13.9326 20.8764C14.1364 20.4688 14.4315 20.1366 14.8192 19.8799C15.207 19.6231 15.6636 19.4948 16.1916 19.4948C16.7196 19.4948 17.1828 19.6152 17.5626 19.8547C17.9438 20.0956 18.2296 20.4106 18.4241 20.801C18.6174 21.1914 18.714 21.6069 18.714 22.0476V22.5584L18.7126 22.5558ZM17.4409 21.5751C17.3945 21.2813 17.2582 21.0418 17.0346 20.8539C16.8109 20.6673 16.5291 20.5733 16.1889 20.5733C15.9018 20.5733 15.645 20.662 15.4174 20.838C15.1911 21.0153 15.0336 21.2602 14.9463 21.5738H17.4395L17.4409 21.5751Z" fill="black"></path><path d="M19.3849 19.5715H20.6263V20.3523C20.7732 20.0718 20.9809 19.8587 21.2469 19.7118C21.5142 19.5649 21.8107 19.4921 22.1376 19.4921C22.4644 19.4921 22.745 19.5689 22.9382 19.7224L22.5174 20.7732C22.344 20.6805 22.1601 20.6329 21.9668 20.6329C21.5791 20.6329 21.2588 20.7996 21.0061 21.1331C20.752 21.4666 20.6249 21.9814 20.6249 22.6749V24.738H19.3836V19.5715H19.3849Z" fill="black"></path><path d="M24.8518 24.4178L22.9792 19.5715H24.2312L25.4434 22.8562L26.5841 19.5715H27.8255L25.1827 26.7813H23.981L24.8518 24.4178Z" fill="black"></path><path d="M28.8074 24.4786C28.4607 24.251 28.1881 23.9347 27.9909 23.5271C27.7937 23.1195 27.6958 22.663 27.6958 22.1548C27.6958 21.6466 27.7911 21.1821 27.9816 20.7785C28.1722 20.3748 28.4369 20.0585 28.7783 19.8322C29.1184 19.6059 29.5088 19.4921 29.9495 19.4921C30.2962 19.4921 30.6006 19.5543 30.86 19.6774C31.1207 19.8005 31.3205 19.9765 31.4608 20.2028V17.65H32.7021V24.7393H31.4608V24.1187C31.3139 24.3251 31.1141 24.4945 30.86 24.6242C30.6059 24.7539 30.3055 24.8201 29.9588 24.8201C29.5379 24.8201 29.1541 24.7063 28.8074 24.48V24.4786ZM31.1763 23.2664C31.4198 22.9925 31.5415 22.6219 31.5415 22.1548C31.5415 21.6876 31.4198 21.3171 31.1763 21.0431C30.9328 20.7692 30.6271 20.6329 30.2605 20.6329C29.8939 20.6329 29.5882 20.7705 29.3447 21.0431C29.1012 21.3171 28.9795 21.6876 28.9795 22.1548C28.9795 22.6219 29.1012 22.9925 29.3447 23.2664C29.5882 23.5404 29.8939 23.6767 30.2605 23.6767C30.6271 23.6767 30.9328 23.5404 31.1763 23.2664Z" fill="black"></path><path d="M34.2624 24.6388C33.9951 24.5183 33.782 24.3437 33.6219 24.1134C33.4618 23.8831 33.3824 23.6079 33.3824 23.2876C33.3824 22.7807 33.5729 22.3718 33.9527 22.0608C34.3339 21.7511 34.8473 21.595 35.4945 21.595H36.6061V21.415C36.6061 21.1543 36.5161 20.9465 36.3361 20.789C36.1562 20.6329 35.9127 20.5535 35.6056 20.5535C35.3582 20.5535 35.1345 20.6183 34.9347 20.7493C34.7349 20.879 34.584 21.0312 34.4834 21.2046L33.5319 20.6342C33.7119 20.3073 33.9792 20.0347 34.3325 19.8177C34.6859 19.6006 35.1094 19.4921 35.6043 19.4921C36.3123 19.4921 36.8629 19.6615 37.2559 20.003C37.6503 20.3431 37.8461 20.834 37.8461 21.4746V24.7393H36.8245L36.6538 24.079C36.487 24.3066 36.2753 24.4866 36.0172 24.6189C35.7605 24.7526 35.4574 24.8187 35.1107 24.8187C34.8103 24.8187 34.5271 24.7592 34.2598 24.6388H34.2624ZM36.2607 23.457C36.491 23.2572 36.6061 23.0097 36.6061 22.7159V22.5756H35.6255C35.3383 22.5756 35.1094 22.6312 34.94 22.741C34.7693 22.8509 34.6846 23.0031 34.6846 23.1963C34.6846 23.3763 34.7468 23.5152 34.8698 23.6118C34.9929 23.7084 35.1755 23.7574 35.4151 23.7574C35.7486 23.7574 36.0304 23.6568 36.2607 23.457V23.457Z" fill="black"></path><path d="M39.7571 24.4178L37.8845 19.5715H39.1364L40.3473 22.8562L41.4894 19.5715H42.7308L40.088 26.7813H38.8863L39.7571 24.4178Z" fill="black"></path><path d="M13.652 33.1164H12.6185V27.5515H14.6618C15.7985 27.5515 16.4589 28.3072 16.4589 29.2772C16.4589 30.2473 15.7985 31.0029 14.6618 31.0029H13.652V33.1177V33.1164ZM15.4095 29.2759C15.4095 28.7505 15.076 28.5044 14.5824 28.5044H13.652V30.0461H14.5824C15.0747 30.0461 15.4095 29.8 15.4095 29.2746V29.2759Z" fill="black"></path><path d="M17.0981 29.0139H18.084V29.6345C18.3222 29.1899 18.7682 28.9503 19.2843 28.9503C19.5464 28.9503 19.7687 29.0139 19.9209 29.133L19.5874 29.968C19.4524 29.8966 19.3095 29.8569 19.1507 29.8569C18.5856 29.8569 18.0854 30.3015 18.0854 31.4793V33.1177H17.0994V29.0152L17.0981 29.0139Z" fill="black"></path><path d="M20.9703 27.312C21.3356 27.312 21.6069 27.5899 21.6069 27.9485C21.6069 28.3072 21.3369 28.5851 20.9703 28.5851C20.6038 28.5851 20.3338 28.3072 20.3338 27.9485C20.3338 27.5899 20.6038 27.312 20.9703 27.312ZM21.4626 33.1164H20.4767V29.0139H21.4626V33.1164Z" fill="black"></path><path d="M22.2355 31.0651C22.2355 29.8251 23.0785 28.9503 24.3026 28.9503C25.1774 28.9503 25.8205 29.2997 26.1553 30.0713L25.2568 30.4762C25.0583 30.0792 24.7565 29.8555 24.3026 29.8555C23.6899 29.8555 23.2373 30.3399 23.2373 31.0638C23.2373 31.7877 23.6899 32.272 24.3026 32.272C24.7552 32.272 25.0583 32.0497 25.2568 31.6514L26.1553 32.0563C25.8219 32.8279 25.1774 33.1772 24.3026 33.1772C23.0785 33.1772 22.2355 32.3025 22.2355 31.0625V31.0651Z" fill="black"></path><path d="M30.5874 31.3827H27.5581C27.6693 32.0113 28.1153 32.3051 28.6473 32.3051C29.1316 32.3051 29.4109 32.0907 29.6808 31.7083L30.5159 32.1609C30.1348 32.7736 29.5617 33.1786 28.5917 33.1786C27.2167 33.1786 26.5484 32.0894 26.5484 31.0638C26.5484 30.0382 27.2723 28.949 28.5838 28.949C29.8952 28.949 30.5874 29.9667 30.5874 30.9765V31.3814V31.3827ZM29.5776 30.6033C29.5062 30.1586 29.1409 29.8079 28.5838 29.8079C28.1391 29.8079 27.7408 30.0938 27.5978 30.6033H29.5776V30.6033Z" fill="black"></path><path d="M31.0294 32.2416L31.7374 31.6448C31.9677 32.0577 32.2866 32.3051 32.7551 32.3051C33.0965 32.3051 33.3281 32.1463 33.3281 31.8922C33.3281 31.6381 33.0105 31.4952 32.4613 31.343C31.785 31.1604 31.253 30.7713 31.253 30.1507C31.253 29.4665 31.8975 28.9503 32.7154 28.9503C33.4472 28.9503 33.876 29.3156 34.1142 29.7139L33.4776 30.2631C33.2553 29.9058 32.9602 29.7933 32.7061 29.7933C32.3726 29.7933 32.1728 29.9442 32.1728 30.1189C32.1728 30.365 32.3951 30.4762 33.0634 30.6522C33.7397 30.8269 34.2796 31.1855 34.2796 31.8922C34.2796 32.5989 33.7225 33.1799 32.6902 33.1799C31.9028 33.1799 31.3311 32.8464 31.0281 32.2416H31.0294Z" fill="black"></path><path d="M23.5046 47.8549H24.2007C24.3979 47.8549 24.4045 47.8443 24.3609 47.6498C24.2643 47.2263 24.1796 46.8015 24.0724 46.382C24.0155 46.161 24.0287 46.0207 24.2391 45.8579C24.7473 45.4675 24.7658 44.7013 24.3212 44.2315C23.8792 43.7643 23.1288 43.763 22.6855 44.2275C22.2395 44.696 22.2514 45.4636 22.7609 45.854C22.9898 46.0286 22.9925 46.1822 22.9237 46.4018C22.9171 46.423 22.9118 46.4429 22.9078 46.464C22.8165 46.8743 22.7238 47.2859 22.6339 47.6961C22.6021 47.8443 22.614 47.8562 22.7715 47.8562C23.0163 47.8562 23.2611 47.8562 23.506 47.8562M23.4954 41.1361C24.2179 41.1361 24.9392 41.1334 25.6604 41.1374C25.7689 41.1374 25.8166 41.1096 25.8139 40.9932C25.8086 40.62 25.8139 40.2454 25.81 39.8723C25.806 39.5771 25.7517 39.29 25.634 39.0187C25.1602 37.9229 24.0406 37.3803 22.88 37.6807C22.0357 37.8991 21.329 38.668 21.2337 39.5374C21.1808 40.0139 21.2072 40.4982 21.1914 40.9786C21.1874 41.1056 21.235 41.1387 21.3568 41.1387C22.0701 41.1334 22.7834 41.1361 23.4967 41.1361M23.4967 50.6023C22.217 50.6023 20.9359 50.6023 19.6562 50.6023C18.6849 50.6023 17.9186 50.0041 17.699 49.0592C17.6619 48.903 17.654 48.735 17.654 48.5735C17.6513 46.7856 17.6566 44.9977 17.65 43.2112C17.6473 42.4899 17.9028 41.9037 18.4943 41.4815C18.8132 41.2539 19.1758 41.1427 19.5689 41.1374C19.7396 41.1348 19.7383 41.1321 19.7396 40.9627C19.7436 40.5035 19.7198 40.0403 19.7595 39.5851C19.9408 37.4822 21.7631 35.9683 23.862 36.1549C25.7584 36.3243 27.2578 37.96 27.2617 39.867C27.2617 40.2282 27.2617 40.5895 27.2617 40.9495C27.2617 41.1321 27.2617 41.1308 27.4457 41.1387C28.2159 41.1731 28.7796 41.5357 29.1436 42.212C29.3024 42.5071 29.3513 42.8274 29.3513 43.1595C29.3513 44.9779 29.3553 46.7949 29.3513 48.6132C29.3487 49.5965 28.732 50.3601 27.7845 50.5639C27.6429 50.5943 27.4946 50.6023 27.3491 50.6023C26.0641 50.6049 24.7804 50.6036 23.4954 50.6036" fill="black"></path></svg><p class="styled__StyledBodyText-sc-119w3hf-5 ggtTyf styled__DarkGreyBodyText-sc-9yzfq2-2 lmkdDf">Low Everyday Price</p></div></div></div></div><div class="styles__StyledBuyBoxWrapper-dvv1wj-4 dSvjUC"><div class="styles__StyledBuyBoxContainer-sc-1wx0qp6-0 erryje" data-auto="buybox-container"><div class="styles__SafeFormWrapper-jtpu2t-0 lcrYKS"><form action="https://www.tesco.com/groceries/en-GB/trolley/items/284044006?_method=PUT" method="POST"><input type="submit" class="hidden"><input name="id" type="hidden" value="284044006"><input name="identifier" type="hidden" value="Page"><input name="anchorId" type="hidden" value="#tile-284044006"><input name="returnUrl" type="hidden" value="/groceries/en-GB/shop/pets/all?redirectIfUnavailable=true#tile-284044006"><input name="backToUrl" type="hidden" value="#"><input name="oldValue" type="hidden" value="0"><input name="oldUnitChoice" type="hidden" value="pcs"><input name="newUnitChoice" type="hidden" value="pcs"><div class="base-components__RootElement-sc-1mosoyj-1 styled__Container-sc-6nhkzi-0 jptQqM hSNpTb beans-buybox__container"><div class="base-components__BaseElement-sc-1mosoyj-0 styled__PriceAndActions-sc-6nhkzi-3 oznwo eEPLov beans-buybox__price-and-actions"><div class="base-components__RootElement-sc-1mosoyj-1 styled__Container-sc-8qlq5b-0 jptQqM bgZrjw styled__StyledPrice-sc-6nhkzi-5 iYHeik beans-buybox__price beans-price__container"><p class="styled__StyledHeading-sc-119w3hf-2 jWPEtj styled__Text-sc-8qlq5b-1 lnaeiZ beans-price__text">£1.75</p><p class="styled__StyledFootnote-sc-119w3hf-7 icrlVF styled__Subtext-sc-8qlq5b-2 bNJmdc beans-price__subtext">£5.84/kg</p></div><div class="base-components__RootElement-sc-1mosoyj-1 styled__Container-vtxwzb-0 jptQqM bDFhXJ beans-buybox__actions beans-quantity-controls__container"><div class="base-components__RootElement-sc-1mosoyj-1 styled__Container-sc-16t2b2a-0 jptQqM PUfgZ styled__StyledFormGroup-vtxwzb-1 kzKuAr beans-quantity-controls__form-group beans-form-group__container"><label class="styled__StyledLabel-sc-1ttuvhr-0 izGEjV beans-form-group__label beans-label" for="quantity-controls-284044006">Quantity controls </label><div class="base-components__BaseElement-sc-1mosoyj-0 styled__Children-sc-16t2b2a-3 oznwo gdJvjO beans-form-group__children"><div class="styled__StyledQuantityControlWrapper-vtxwzb-6 LCxOg"><label id="quantity-controls-284044006-label" class="styled__VisuallyHiddenLabel-vtxwzb-7 gXlLiM">Quantity of Gourmet Mon Petit Chicken 6X50g</label><div class="component__Wrapper-sc-1kpmik-3 dReplG input-wrapper"><input class="base-components__RootElement-sc-1mosoyj-1 styled__StyledInput-sc-1jd5f57-0 component__StyledAsInput-sc-1kpmik-4 jptQqM eJLlow styled__StyledInput-vtxwzb-3 lwMHo beans-quantity-controls__input beans-input" data-auto="beans-quantity-controls-input" autocomplete="off" id="quantity-controls-284044006" maxlength="2" name="newValue" type="number" aria-labelledby="quantity-controls-284044006-label" value="1"></div></div><button class="styled__BaseButton-rsekm1-0 styled__PrimaryButton-rsekm1-2 jChbeY geeWOF styled__StyledButton-vtxwzb-5 japAxb beans-quantity-controls__add-button beans-button__container" type="submit" data-auto="beans-quantity-controls-add-button" aria-label="Quantity of Gourmet Mon Petit Chicken 6X50g"><span class="base-components__BaseElement-sc-1mosoyj-0 styled__InnerContainer-rsekm1-1 oznwo fuFres beans-button__inner-container"><span class="base-components__BaseElement-sc-1mosoyj-0 styled__TextSpan-rsekm1-4 oznwo GDiMp beans-button__text">Add</span></span></button></div></div></div></div></div><input name="_csrf" type="hidden" value="0WbpBJF9-cS-fAMl-ByHnl5hECj1JaZiBQ20"></form></div></div></div></div><div class="hidden-medium product-info-section-small"><div class="product-info-message-list"><ul><li><div data-auto="info-message" class="product-info-message"><p>£5 off £20 or more shop on selected Petcare items. Coupon deducted from total basket after Clubcard Prices applied. Enter eCoupon code GRKLHH at checkout (case sensitive). T&amp;Cs apply. Valid on orders collected or delivered between 16/11/22 - 06/12/22</p></div></li></ul><div class="styled__WhiteBackground-sc-9yzfq2-1 jthPIJ"><svg width="56" height="61" viewBox="0 0 56 61" fill="none" xmlns="http://www.w3.org/2000/svg"><path d="M30.8759 45.8182C40.0086 42.7996 46.6572 34.3312 46.9801 24.2629H47V23.502V22.7397H46.9801C46.5765 10.112 36.2237 0 23.4993 0C10.5209 0 0 10.5209 0 23.4993C0 33.8972 6.75323 42.7162 16.1109 45.8142L16.1294 42.8684C13.3741 41.8189 10.9007 40.1978 8.8508 38.1492C5.099 34.3961 2.78308 29.2256 2.78308 23.4993C2.78308 17.7744 5.10032 12.6039 8.8508 8.84947C12.6039 5.09768 17.7744 2.78175 23.5007 2.78175C29.2256 2.78175 34.3961 5.09768 38.1505 8.84947C41.9023 12.6026 44.2182 17.7731 44.2182 23.4993C44.2182 29.2256 41.901 34.3948 38.1505 38.1492C36.1033 40.1952 33.6338 41.815 30.8838 42.8644L30.8772 45.8182H30.8759Z" fill="#EE1C2E"></path><path d="M9.82217 16.0368C10.5434 14.6962 11.4566 13.472 12.5245 12.4041C15.3354 9.59453 19.2116 7.85825 23.4994 7.85825C27.7871 7.85825 31.6633 9.59453 34.4742 12.4041C35.5435 13.4734 36.4553 14.6962 37.1765 16.0368H38.6256C35.8995 10.4309 30.1507 6.56662 23.498 6.56662C16.8454 6.56662 11.0966 10.4309 8.37042 16.0368H9.81952H9.82217Z" fill="black"></path><path d="M38.2419 28.245C37.4743 30.5728 36.1694 32.6571 34.4742 34.3537C32.8385 35.9881 30.8428 37.2599 28.6142 38.038C28.605 38.0407 28.5825 38.0394 28.5878 38.0473C28.773 38.3278 28.7836 39.3429 28.7836 39.3429C33.9567 37.6318 38.0142 33.4763 39.593 28.245H38.2419Z" fill="black"></path><path d="M12.5245 34.3537C10.4322 32.2601 8.9355 29.5763 8.30822 26.5722H6.99409C8.14941 32.5791 12.4994 37.4491 18.2085 39.3416C18.2111 39.3416 18.2177 39.3482 18.2177 39.3442C18.2627 38.2286 18.3898 38.0394 18.3898 38.0394C18.3818 38.0367 18.3726 38.0341 18.3646 38.0301C16.144 37.2519 14.1536 35.9828 12.5232 34.3524L12.5245 34.3537Z" fill="black"></path><path d="M17.6645 15.8727H20.1062V16.8335H16.623V11.2289H17.6645V15.8727Z" fill="black"></path><path d="M20.527 13.6745C20.7031 13.3516 20.9532 13.0975 21.2761 12.9136C21.599 12.7296 21.9682 12.637 22.3851 12.637C22.8019 12.637 23.1712 12.7296 23.4941 12.9136C23.817 13.0975 24.0658 13.3516 24.2431 13.6745C24.4191 13.9974 24.5065 14.3614 24.5065 14.7676C24.5065 15.1739 24.4191 15.5379 24.2431 15.8608C24.0671 16.1837 23.817 16.4364 23.4941 16.6217C23.1712 16.8057 22.8019 16.897 22.3851 16.897C21.9682 16.897 21.599 16.8057 21.2761 16.6217C20.9532 16.4378 20.7031 16.1837 20.527 15.8608C20.351 15.5379 20.2637 15.1739 20.2637 14.7676C20.2637 14.3614 20.351 13.9974 20.527 13.6745ZM21.5805 15.6477C21.7856 15.8727 22.0542 15.9838 22.3851 15.9838C22.7159 15.9838 22.9846 15.8713 23.1897 15.6477C23.3948 15.424 23.498 15.1303 23.498 14.7676C23.498 14.405 23.3948 14.1112 23.1897 13.8876C22.9846 13.6639 22.7159 13.5515 22.3851 13.5515C22.0542 13.5515 21.7856 13.6639 21.5805 13.8876C21.3753 14.1112 21.2721 14.405 21.2721 14.7676C21.2721 15.1303 21.3753 15.424 21.5805 15.6477Z" fill="black"></path><path d="M29.1687 16.8334H28.208L27.5119 14.1271L26.8158 16.8334H25.855L24.566 12.7018H25.5347L26.3182 15.4082L27.0315 12.7018H27.9923L28.7056 15.4082L29.489 12.7018H30.4577L29.1687 16.8334Z" fill="black"></path><path d="M8.61654 18.931H5.58202V20.4026H8.01572V21.6042H5.58202V23.5377H8.71579V24.738H4.27981V17.7294H8.61654V18.931Z" fill="black"></path><path d="M8.73168 19.5715H9.9836L11.2051 23.0269L12.4266 19.5715H13.6785L11.7662 24.738H10.644L8.73168 19.5715Z" fill="black"></path><path d="M18.7126 22.5558H14.8973C14.9635 22.9369 15.121 23.2254 15.3684 23.4226C15.6159 23.6198 15.9163 23.7177 16.2697 23.7177C16.5635 23.7177 16.8083 23.6555 17.0055 23.5324C17.2027 23.4093 17.3906 23.2201 17.5719 22.966L18.6226 23.5377C18.3686 23.9519 18.047 24.2682 17.6566 24.4892C17.2662 24.7089 16.7805 24.8201 16.1995 24.8201C15.6517 24.8201 15.1832 24.6917 14.7928 24.435C14.4024 24.1782 14.1099 23.8461 13.9167 23.4385C13.7235 23.0322 13.6269 22.6047 13.6269 22.1574C13.6269 21.7101 13.7288 21.2827 13.9326 20.8764C14.1364 20.4688 14.4315 20.1366 14.8192 19.8799C15.207 19.6231 15.6636 19.4948 16.1916 19.4948C16.7196 19.4948 17.1828 19.6152 17.5626 19.8547C17.9438 20.0956 18.2296 20.4106 18.4241 20.801C18.6174 21.1914 18.714 21.6069 18.714 22.0476V22.5584L18.7126 22.5558ZM17.4409 21.5751C17.3945 21.2813 17.2582 21.0418 17.0346 20.8539C16.8109 20.6673 16.5291 20.5733 16.1889 20.5733C15.9018 20.5733 15.645 20.662 15.4174 20.838C15.1911 21.0153 15.0336 21.2602 14.9463 21.5738H17.4395L17.4409 21.5751Z" fill="black"></path><path d="M19.3849 19.5715H20.6263V20.3523C20.7732 20.0718 20.9809 19.8587 21.2469 19.7118C21.5142 19.5649 21.8107 19.4921 22.1376 19.4921C22.4644 19.4921 22.745 19.5689 22.9382 19.7224L22.5174 20.7732C22.344 20.6805 22.1601 20.6329 21.9668 20.6329C21.5791 20.6329 21.2588 20.7996 21.0061 21.1331C20.752 21.4666 20.6249 21.9814 20.6249 22.6749V24.738H19.3836V19.5715H19.3849Z" fill="black"></path><path d="M24.8518 24.4178L22.9792 19.5715H24.2312L25.4434 22.8562L26.5841 19.5715H27.8255L25.1827 26.7813H23.981L24.8518 24.4178Z" fill="black"></path><path d="M28.8074 24.4786C28.4607 24.251 28.1881 23.9347 27.9909 23.5271C27.7937 23.1195 27.6958 22.663 27.6958 22.1548C27.6958 21.6466 27.7911 21.1821 27.9816 20.7785C28.1722 20.3748 28.4369 20.0585 28.7783 19.8322C29.1184 19.6059 29.5088 19.4921 29.9495 19.4921C30.2962 19.4921 30.6006 19.5543 30.86 19.6774C31.1207 19.8005 31.3205 19.9765 31.4608 20.2028V17.65H32.7021V24.7393H31.4608V24.1187C31.3139 24.3251 31.1141 24.4945 30.86 24.6242C30.6059 24.7539 30.3055 24.8201 29.9588 24.8201C29.5379 24.8201 29.1541 24.7063 28.8074 24.48V24.4786ZM31.1763 23.2664C31.4198 22.9925 31.5415 22.6219 31.5415 22.1548C31.5415 21.6876 31.4198 21.3171 31.1763 21.0431C30.9328 20.7692 30.6271 20.6329 30.2605 20.6329C29.8939 20.6329 29.5882 20.7705 29.3447 21.0431C29.1012 21.3171 28.9795 21.6876 28.9795 22.1548C28.9795 22.6219 29.1012 22.9925 29.3447 23.2664C29.5882 23.5404 29.8939 23.6767 30.2605 23.6767C30.6271 23.6767 30.9328 23.5404 31.1763 23.2664Z" fill="black"></path><path d="M34.2624 24.6388C33.9951 24.5183 33.782 24.3437 33.6219 24.1134C33.4618 23.8831 33.3824 23.6079 33.3824 23.2876C33.3824 22.7807 33.5729 22.3718 33.9527 22.0608C34.3339 21.7511 34.8473 21.595 35.4945 21.595H36.6061V21.415C36.6061 21.1543 36.5161 20.9465 36.3361 20.789C36.1562 20.6329 35.9127 20.5535 35.6056 20.5535C35.3582 20.5535 35.1345 20.6183 34.9347 20.7493C34.7349 20.879 34.584 21.0312 34.4834 21.2046L33.5319 20.6342C33.7119 20.3073 33.9792 20.0347 34.3325 19.8177C34.6859 19.6006 35.1094 19.4921 35.6043 19.4921C36.3123 19.4921 36.8629 19.6615 37.2559 20.003C37.6503 20.3431 37.8461 20.834 37.8461 21.4746V24.7393H36.8245L36.6538 24.079C36.487 24.3066 36.2753 24.4866 36.0172 24.6189C35.7605 24.7526 35.4574 24.8187 35.1107 24.8187C34.8103 24.8187 34.5271 24.7592 34.2598 24.6388H34.2624ZM36.2607 23.457C36.491 23.2572 36.6061 23.0097 36.6061 22.7159V22.5756H35.6255C35.3383 22.5756 35.1094 22.6312 34.94 22.741C34.7693 22.8509 34.6846 23.0031 34.6846 23.1963C34.6846 23.3763 34.7468 23.5152 34.8698 23.6118C34.9929 23.7084 35.1755 23.7574 35.4151 23.7574C35.7486 23.7574 36.0304 23.6568 36.2607 23.457V23.457Z" fill="black"></path><path d="M39.7571 24.4178L37.8845 19.5715H39.1364L40.3473 22.8562L41.4894 19.5715H42.7308L40.088 26.7813H38.8863L39.7571 24.4178Z" fill="black"></path><path d="M13.652 33.1164H12.6185V27.5515H14.6618C15.7985 27.5515 16.4589 28.3072 16.4589 29.2772C16.4589 30.2473 15.7985 31.0029 14.6618 31.0029H13.652V33.1177V33.1164ZM15.4095 29.2759C15.4095 28.7505 15.076 28.5044 14.5824 28.5044H13.652V30.0461H14.5824C15.0747 30.0461 15.4095 29.8 15.4095 29.2746V29.2759Z" fill="black"></path><path d="M17.0981 29.0139H18.084V29.6345C18.3222 29.1899 18.7682 28.9503 19.2843 28.9503C19.5464 28.9503 19.7687 29.0139 19.9209 29.133L19.5874 29.968C19.4524 29.8966 19.3095 29.8569 19.1507 29.8569C18.5856 29.8569 18.0854 30.3015 18.0854 31.4793V33.1177H17.0994V29.0152L17.0981 29.0139Z" fill="black"></path><path d="M20.9703 27.312C21.3356 27.312 21.6069 27.5899 21.6069 27.9485C21.6069 28.3072 21.3369 28.5851 20.9703 28.5851C20.6038 28.5851 20.3338 28.3072 20.3338 27.9485C20.3338 27.5899 20.6038 27.312 20.9703 27.312ZM21.4626 33.1164H20.4767V29.0139H21.4626V33.1164Z" fill="black"></path><path d="M22.2355 31.0651C22.2355 29.8251 23.0785 28.9503 24.3026 28.9503C25.1774 28.9503 25.8205 29.2997 26.1553 30.0713L25.2568 30.4762C25.0583 30.0792 24.7565 29.8555 24.3026 29.8555C23.6899 29.8555 23.2373 30.3399 23.2373 31.0638C23.2373 31.7877 23.6899 32.272 24.3026 32.272C24.7552 32.272 25.0583 32.0497 25.2568 31.6514L26.1553 32.0563C25.8219 32.8279 25.1774 33.1772 24.3026 33.1772C23.0785 33.1772 22.2355 32.3025 22.2355 31.0625V31.0651Z" fill="black"></path><path d="M30.5874 31.3827H27.5581C27.6693 32.0113 28.1153 32.3051 28.6473 32.3051C29.1316 32.3051 29.4109 32.0907 29.6808 31.7083L30.5159 32.1609C30.1348 32.7736 29.5617 33.1786 28.5917 33.1786C27.2167 33.1786 26.5484 32.0894 26.5484 31.0638C26.5484 30.0382 27.2723 28.949 28.5838 28.949C29.8952 28.949 30.5874 29.9667 30.5874 30.9765V31.3814V31.3827ZM29.5776 30.6033C29.5062 30.1586 29.1409 29.8079 28.5838 29.8079C28.1391 29.8079 27.7408 30.0938 27.5978 30.6033H29.5776V30.6033Z" fill="black"></path><path d="M31.0294 32.2416L31.7374 31.6448C31.9677 32.0577 32.2866 32.3051 32.7551 32.3051C33.0965 32.3051 33.3281 32.1463 33.3281 31.8922C33.3281 31.6381 33.0105 31.4952 32.4613 31.343C31.785 31.1604 31.253 30.7713 31.253 30.1507C31.253 29.4665 31.8975 28.9503 32.7154 28.9503C33.4472 28.9503 33.876 29.3156 34.1142 29.7139L33.4776 30.2631C33.2553 29.9058 32.9602 29.7933 32.7061 29.7933C32.3726 29.7933 32.1728 29.9442 32.1728 30.1189C32.1728 30.365 32.3951 30.4762 33.0634 30.6522C33.7397 30.8269 34.2796 31.1855 34.2796 31.8922C34.2796 32.5989 33.7225 33.1799 32.6902 33.1799C31.9028 33.1799 31.3311 32.8464 31.0281 32.2416H31.0294Z" fill="black"></path><path d="M23.5046 47.8549H24.2007C24.3979 47.8549 24.4045 47.8443 24.3609 47.6498C24.2643 47.2263 24.1796 46.8015 24.0724 46.382C24.0155 46.161 24.0287 46.0207 24.2391 45.8579C24.7473 45.4675 24.7658 44.7013 24.3212 44.2315C23.8792 43.7643 23.1288 43.763 22.6855 44.2275C22.2395 44.696 22.2514 45.4636 22.7609 45.854C22.9898 46.0286 22.9925 46.1822 22.9237 46.4018C22.9171 46.423 22.9118 46.4429 22.9078 46.464C22.8165 46.8743 22.7238 47.2859 22.6339 47.6961C22.6021 47.8443 22.614 47.8562 22.7715 47.8562C23.0163 47.8562 23.2611 47.8562 23.506 47.8562M23.4954 41.1361C24.2179 41.1361 24.9392 41.1334 25.6604 41.1374C25.7689 41.1374 25.8166 41.1096 25.8139 40.9932C25.8086 40.62 25.8139 40.2454 25.81 39.8723C25.806 39.5771 25.7517 39.29 25.634 39.0187C25.1602 37.9229 24.0406 37.3803 22.88 37.6807C22.0357 37.8991 21.329 38.668 21.2337 39.5374C21.1808 40.0139 21.2072 40.4982 21.1914 40.9786C21.1874 41.1056 21.235 41.1387 21.3568 41.1387C22.0701 41.1334 22.7834 41.1361 23.4967 41.1361M23.4967 50.6023C22.217 50.6023 20.9359 50.6023 19.6562 50.6023C18.6849 50.6023 17.9186 50.0041 17.699 49.0592C17.6619 48.903 17.654 48.735 17.654 48.5735C17.6513 46.7856 17.6566 44.9977 17.65 43.2112C17.6473 42.4899 17.9028 41.9037 18.4943 41.4815C18.8132 41.2539 19.1758 41.1427 19.5689 41.1374C19.7396 41.1348 19.7383 41.1321 19.7396 40.9627C19.7436 40.5035 19.7198 40.0403 19.7595 39.5851C19.9408 37.4822 21.7631 35.9683 23.862 36.1549C25.7584 36.3243 27.2578 37.96 27.2617 39.867C27.2617 40.2282 27.2617 40.5895 27.2617 40.9495C27.2617 41.1321 27.2617 41.1308 27.4457 41.1387C28.2159 41.1731 28.7796 41.5357 29.1436 42.212C29.3024 42.5071 29.3513 42.8274 29.3513 43.1595C29.3513 44.9779 29.3553 46.7949 29.3513 48.6132C29.3487 49.5965 28.732 50.3601 27.7845 50.5639C27.6429 50.5943 27.4946 50.6023 27.3491 50.6023C26.0641 50.6049 24.7804 50.6036 23.4954 50.6036" fill="black"></path></svg><p class="styled__StyledBodyText-sc-119w3hf-5 ggtTyf styled__DarkGreyBodyText-sc-9yzfq2-2 lmkdDf">Low Everyday Price</p></div></div></div></div></div></div></div></li><li class="product-list--list-item"><div class="styles__StyledVerticalTileWrapper-dvv1wj-0 dtCNPH"><div data-auto="product-tile" data-auto-type="Quantity" data-auto-available="true" data-auto-is-restricted-disabled="false" data-auto-is-substitute="false" class="styles__StyledVerticalTile-dvv1wj-1 gSCsYK"><div class="styles__StyledTileContentWrapper-dvv1wj-2 bkNhNP beans"><div id="tile-262681114" data-auto-id="262681114" class="styles__StyledTiledContent-dvv1wj-3 bcglTg"><a href="https://www.tesco.com/groceries/en-GB/products/262681114" aria-hidden="true" class="product-image-wrapper" tabindex="1"><div class="product-image__container"><picture><img class="styled__Image-sjvkdn-0 bJErKA product-image beans-responsive-image__image" src="data:image/gif;base64,R0lGODlhAQABAAAAACH5BAEKAAEALAAAAAABAAEAAAICTAEAOw==" srcset="https://digitalcontent.api.tesco.com/v2/media/ghs/063402c9-2ed6-4143-a1a8-44598530d62f/f325decd-a411-48d5-bf74-d5e9332553d7_1995032045.jpeg?h=225&amp;w=225 768w, data:image/gif;base64,R0lGODlhAQABAAAAACH5BAEKAAEALAAAAAABAAEAAAICTAEAOw== 4000w" alt="Tesco Lightweight Cat Litter 10 Litres"></picture></div></a><div class="product-details--wrapper"><h3 class="styles__H3-oa5soe-0 bCKNNq"><a href="https://www.tesco.com/groceries/en-GB/products/262681114" class="styled__Anchor-sc-1xbujuz-0 csVOnh beans-link__anchor" data-auto="product-tile--title"><span class="styled__Text-sc-1xbujuz-1 ldbwMG beans-link__text">Tesco Lightweight Cat Litter 10 Litres</span></a></h3><div class="styles__StyledPromotionsAboveMobile-dvv1wj-7 iPTMuo"></div><div class="styles__StyledProductDetailsContent-dvv1wj-5 ddRSrq"><a href="https://www.tesco.com/groceries/en-GB/reviews/submission/262681114?from=%2Fshop%2Fpets%2Fall" aria-label="Write a review for Tesco Lightweight Cat Litter 10 Litres" class="styled__Anchor-sc-1xbujuz-0 jSzuDt write-a-review-link beans-link__anchor" data-auto="review-link"><span class="styled__Text-sc-1xbujuz-1 fyDIEo beans-link__text">Write a review</span><span class="styled__IconContainer-sc-1xbujuz-2 bSauSL beans-link__icon-container"><svg aria-hidden="true" class="styled__SVG-xxa4wh-1 hQMCqc beans-link__icon beans-icon__svg" height="13.33" preserveAspectRatio="xMinYMax meet" viewBox="-1 0 12 20" width="8" xmlns="http://www.w3.org/2000/svg" color="currentColor"><path d="M1.312 1.348L10.276 10l-8.964 8.644" fill="none" stroke="currentColor"></path></svg></span></a><div><a href="https://www.tesco.com/groceries/en-GB/shop/pets/cat-food-and-accessories/cat-litter/cat-litter" class="styled__Anchor-sc-1xbujuz-0 jSzuDt rest-of-shelf-link beans-link__anchor" data-auto="rest-of-shelf-link"><span class="styled__Text-sc-1xbujuz-1 fyDIEo beans-link__text">Rest of <span class="visually-hidden">Cat Litter</span> shelf</span><span class="styled__IconContainer-sc-1xbujuz-2 bSauSL beans-link__icon-container"><svg aria-hidden="true" class="styled__SVG-xxa4wh-1 hQMCqc beans-link__icon beans-icon__svg" height="13.33" preserveAspectRatio="xMinYMax meet" viewBox="-1 0 12 20" width="8" xmlns="http://www.w3.org/2000/svg" color="currentColor"><path d="M1.312 1.348L10.276 10l-8.964 8.644" fill="none" stroke="currentColor"></path></svg></span></a></div><div class="product-info-message-section"><div class="product-info-message-list"><div class="styled__WhiteBackground-sc-9yzfq2-1 jthPIJ"><svg width="56" height="56" viewBox="0 0 56 56" fill="none" xmlns="http://www.w3.org/2000/svg"><path d="M52.1301 27.8766C52.1301 14.5534 41.3293 3.75308 28.0066 3.75308C14.6834 3.75308 3.88306 14.5534 3.88306 27.8766C3.88306 41.1998 14.6834 52.0002 28.0066 52.0002C41.3293 52.0002 52.1301 41.1998 52.1301 27.8766Z" fill="#EE1C2E"></path><path d="M19.6853 36.5687L31.8169 48.6998L52.6633 27.8998L51.9894 23.0423L31.886 43.1452L22.5438 33.803L19.6853 36.5687Z" fill="white"></path><path d="M24.2699 12.0048L23.5594 9.93467L22.8484 12.0048H24.2699ZM24.6345 13.0711H22.4844L21.9776 14.5375H20.7515L22.9815 8.31722H24.1369L26.3669 14.5375H25.1408L24.6345 13.0711Z" fill="white"></path><path d="M27.8359 14.5375H26.734V8.24609H27.8359V14.5375Z" fill="white"></path><path d="M31.5684 13.2309C31.7849 12.9886 31.8927 12.6597 31.8927 12.2446C31.8927 11.8306 31.7849 11.5016 31.5684 11.2588C31.3524 11.0159 31.0811 10.8942 30.7558 10.8942C30.4299 10.8942 30.1587 11.0159 29.9427 11.2588C29.7267 11.5016 29.6184 11.8306 29.6184 12.2446C29.6184 12.6597 29.7267 12.9886 29.9427 13.2309C30.1587 13.4738 30.4299 13.5955 30.7558 13.5955C31.0811 13.5955 31.3524 13.4738 31.5684 13.2309ZM29.4673 14.3065C29.159 14.1049 28.9177 13.8234 28.7429 13.4619C28.5681 13.101 28.481 12.6952 28.481 12.2446C28.481 11.7888 28.5655 11.3815 28.7341 11.0231C28.9032 10.6648 29.1384 10.3848 29.4405 10.1837C29.7426 9.98212 30.0891 9.88158 30.48 9.88158C30.7883 9.88158 31.0579 9.93624 31.2889 10.0455C31.5199 10.1554 31.6978 10.3106 31.8221 10.5122V8.24609H32.9239V14.5375H31.8221V13.9863C31.6916 14.1704 31.5137 14.3194 31.2889 14.4349C31.0636 14.5504 30.797 14.6086 30.4892 14.6086C30.1159 14.6086 29.7751 14.5076 29.4673 14.3065Z" fill="white"></path><path d="M34.9657 14.5375H33.8638V9.95224H34.9657V14.5375ZM33.9082 8.34408C34.0443 8.20796 34.2129 8.1399 34.4145 8.1399C34.6161 8.1399 34.7847 8.20796 34.9208 8.34408C35.0574 8.48071 35.1255 8.64931 35.1255 8.8504C35.1255 9.052 35.0574 9.22112 34.9208 9.35724C34.7847 9.49336 34.6161 9.56142 34.4145 9.56142C34.2129 9.56142 34.0443 9.49336 33.9082 9.35724C33.7715 9.22112 33.704 9.052 33.704 8.8504C33.704 8.64931 33.7715 8.48071 33.9082 8.34408Z" fill="white"></path><path d="M19.6791 19.3347C19.8894 19.1506 19.9946 18.8779 19.9946 18.5169C19.9946 18.1565 19.8894 17.8838 19.6791 17.6997C19.4682 17.5156 19.183 17.4233 18.8221 17.4233H17.5027V19.6111H18.8221C19.183 19.6111 19.4682 19.5188 19.6791 19.3347ZM17.5027 23.9628H16.0374V16.0704H18.9345C19.461 16.0704 19.9157 16.1776 20.2988 16.3921C20.6824 16.6061 20.9753 16.8995 21.1784 17.2712C21.3816 17.6435 21.4826 18.0586 21.4826 18.5169C21.4826 18.9758 21.3816 19.3909 21.1784 19.7632C20.9753 20.1354 20.6824 20.4283 20.2988 20.6423C19.9157 20.8568 19.461 20.9635 18.9345 20.9635H17.5027V23.9628Z" fill="white"></path><path d="M22.0396 18.1451H23.4379V19.0248C23.6029 18.7087 23.8359 18.4684 24.1365 18.3029C24.4376 18.1374 24.7717 18.0549 25.1404 18.0549C25.5235 18.0549 25.8241 18.1415 26.0422 18.3143L25.5689 19.4981C25.3729 19.3929 25.1662 19.3403 24.9486 19.3403C24.5124 19.3403 24.152 19.528 23.8663 19.9039C23.5802 20.2797 23.4379 20.8582 23.4379 21.6404V23.9627H22.0396V18.1451Z" fill="white"></path><path d="M27.8879 23.9627H26.4896V18.1451H27.8879V23.9627ZM26.5458 16.1044C26.7191 15.9316 26.933 15.845 27.1888 15.845C27.444 15.845 27.658 15.9316 27.8312 16.1044C28.0039 16.2771 28.0906 16.4916 28.0906 16.7468C28.0906 17.0026 28.0039 17.217 27.8312 17.3898C27.658 17.5625 27.444 17.6491 27.1888 17.6491C26.933 17.6491 26.7191 17.5625 26.5458 17.3898C26.3731 17.217 26.287 17.0026 26.287 16.7468C26.287 16.4916 26.3731 16.2771 26.5458 16.1044Z" fill="white"></path><path d="M30.0603 23.6693C29.6168 23.4141 29.2714 23.0588 29.0234 22.6041C28.7754 22.1493 28.6511 21.6327 28.6511 21.0537C28.6511 20.4752 28.7754 19.9585 29.0234 19.5038C29.2714 19.049 29.6168 18.6937 30.0603 18.438C30.5037 18.1828 31.011 18.0549 31.5823 18.0549C32.8749 18.0549 33.751 18.585 34.2093 19.6445L32.9353 20.2199C32.6424 19.6332 32.1913 19.3403 31.5823 19.3403C31.1466 19.3403 30.7857 19.4981 30.5001 19.8136C30.2144 20.1297 30.0716 20.5427 30.0716 21.0537C30.0716 21.5651 30.2144 21.9787 30.5001 22.2942C30.7857 22.6097 31.1466 22.7675 31.5823 22.7675C32.1913 22.7675 32.6424 22.4747 32.9353 21.8884L34.2093 22.4633C33.751 23.5229 32.8749 24.0529 31.5823 24.0529C31.011 24.0529 30.5037 23.9251 30.0603 23.6693Z" fill="white"></path><path d="M38.727 20.3999C38.6744 20.0694 38.5223 19.7987 38.2707 19.5883C38.0186 19.3779 37.7015 19.2728 37.3179 19.2728C36.9946 19.2728 36.7048 19.3723 36.4496 19.5713C36.1939 19.7708 36.0175 20.0467 35.9196 20.3999H38.727ZM40.1588 21.5048H35.8633C35.9381 21.9333 36.115 22.2586 36.3934 22.4803C36.6713 22.702 37.0095 22.8129 37.4081 22.8129C37.7386 22.8129 38.015 22.7433 38.2367 22.6041C38.4584 22.4649 38.6708 22.253 38.874 21.9673L40.0573 22.6097C39.7716 23.0759 39.4092 23.4327 38.9693 23.6812C38.5295 23.9287 37.983 24.0529 37.3292 24.0529C36.7125 24.0529 36.1846 23.9086 35.7453 23.6188C35.3055 23.3295 34.9765 22.9557 34.7584 22.4968C34.5403 22.0385 34.4315 21.5574 34.4315 21.0537C34.4315 20.5504 34.546 20.0694 34.7754 19.611C35.0044 19.1526 35.3374 18.7783 35.7731 18.4891C36.2088 18.1998 36.7239 18.0549 37.3179 18.0549C37.9191 18.0549 38.4341 18.19 38.8626 18.4607C39.2911 18.7314 39.6139 19.0866 39.832 19.5264C40.0501 19.9657 40.1588 20.4339 40.1588 20.9299V21.5048Z" fill="white"></path><path d="M16.3879 25.558H17.7399L19.2454 29.4977L20.751 25.558H22.1029V31.8684H20.9309V28.0282L19.6873 31.2915H18.8035L17.5599 28.0282V31.8684H16.3879V25.558Z" fill="white"></path><path d="M25.4058 30.7146C25.6131 30.5341 25.7167 30.3119 25.7167 30.0474V29.9216H24.8335C24.5746 29.9216 24.3689 29.971 24.2158 30.07C24.0626 30.169 23.9858 30.3057 23.9858 30.48C23.9858 30.6424 24.0415 30.7671 24.1529 30.8543C24.2637 30.9414 24.4277 30.9847 24.6437 30.9847C24.9443 30.9847 25.1985 30.8945 25.4058 30.7146ZM23.6074 31.7782C23.3671 31.67 23.1748 31.5122 23.0304 31.3049C22.886 31.0976 22.8138 30.8496 22.8138 30.5609C22.8138 30.1046 22.9855 29.7364 23.3279 29.457C23.6703 29.1775 24.1333 29.0378 24.7159 29.0378H25.7167V28.8754C25.7167 28.6413 25.6357 28.4531 25.4733 28.3118C25.3109 28.1711 25.0918 28.1004 24.8154 28.1004C24.5927 28.1004 24.3916 28.1592 24.2111 28.2763C24.0312 28.3933 23.8956 28.5299 23.8059 28.6862L22.9494 28.1726C23.1113 27.8782 23.3516 27.6333 23.6703 27.4379C23.9889 27.2425 24.3705 27.145 24.8154 27.145C25.4522 27.145 25.9482 27.2982 26.3024 27.6044C26.6572 27.9112 26.8345 28.3526 26.8345 28.9295V31.8685H25.9152L25.7621 31.2735C25.6115 31.4776 25.4207 31.6401 25.1892 31.7602C24.9582 31.8803 24.686 31.9401 24.3735 31.9401C24.1029 31.9401 23.8476 31.8865 23.6074 31.7782Z" fill="white"></path><path d="M27.8214 30.3V28.1726H27.1182V27.2167H27.8214V26.4417L28.9393 25.7384V27.2167H30.1381V28.1726H28.9393V30.2458C28.9393 30.6903 29.1166 30.9125 29.4709 30.9125C29.6333 30.9125 29.7895 30.8496 29.9395 30.7233L30.4443 31.5797C30.2881 31.706 30.1169 31.7978 29.9308 31.855C29.7446 31.9117 29.5549 31.9401 29.3626 31.9401C28.3355 31.9401 27.8214 31.3936 27.8214 30.3Z" fill="white"></path><path d="M31.5487 31.6339C31.194 31.4297 30.9176 31.1456 30.7196 30.7821C30.5211 30.4186 30.4221 30.0056 30.4221 29.5426C30.4221 29.0801 30.5211 28.6666 30.7196 28.3031C30.9176 27.9396 31.194 27.6555 31.5487 27.4513C31.9034 27.2471 32.3087 27.145 32.7655 27.145C33.7993 27.145 34.4995 27.5683 34.8661 28.416L33.8473 28.8754C33.6132 28.4067 33.2528 28.1726 32.7655 28.1726C32.417 28.1726 32.1288 28.2989 31.9004 28.5511C31.6719 28.8037 31.558 29.1342 31.558 29.5426C31.558 29.9509 31.6719 30.282 31.9004 30.5341C32.1288 30.7867 32.417 30.9125 32.7655 30.9125C33.2528 30.9125 33.6132 30.6785 33.8473 30.2098L34.8661 30.6697C34.4995 31.5168 33.7993 31.9401 32.7655 31.9401C32.3087 31.9401 31.9034 31.8386 31.5487 31.6339Z" fill="white"></path><path d="M35.3998 25.4863H36.5176V27.9473C36.662 27.707 36.8615 27.5132 37.1167 27.3657C37.3725 27.2188 37.6592 27.145 37.9778 27.145C38.4702 27.145 38.8579 27.2909 39.1405 27.5823C39.423 27.8736 39.5643 28.2804 39.5643 28.8037V31.8685H38.4465V29.0285C38.4465 28.7522 38.3758 28.5408 38.2346 28.3933C38.0933 28.2458 37.8907 28.1726 37.6262 28.1726C37.3199 28.1726 37.0585 28.3093 36.8419 28.5825C36.6254 28.8558 36.5176 29.275 36.5176 29.8401V31.8685H35.3998V25.4863Z" fill="white"></path></svg><p class="styled__StyledBodyText-sc-119w3hf-5 ggtTyf styled__DarkGreyBodyText-jk5kya-0 iwRWTH">Aldi Price Match</p></div></div></div></div><div class="styles__StyledBuyBoxWrapper-dvv1wj-4 dSvjUC"><div class="styles__StyledBuyBoxContainer-sc-1wx0qp6-0 erryje" data-auto="buybox-container"><div class="styles__SafeFormWrapper-jtpu2t-0 lcrYKS"><form action="https://www.tesco.com/groceries/en-GB/trolley/items/262681114?_method=PUT" method="POST"><input type="submit" class="hidden"><input name="id" type="hidden" value="262681114"><input name="identifier" type="hidden" value="Page"><input name="anchorId" type="hidden" value="#tile-262681114"><input name="returnUrl" type="hidden" value="/groceries/en-GB/shop/pets/all?redirectIfUnavailable=true#tile-262681114"><input name="backToUrl" type="hidden" value="#"><input name="oldValue" type="hidden" value="0"><input name="oldUnitChoice" type="hidden" value="pcs"><input name="newUnitChoice" type="hidden" value="pcs"><div class="base-components__RootElement-sc-1mosoyj-1 styled__Container-sc-6nhkzi-0 jptQqM hSNpTb beans-buybox__container"><div class="base-components__BaseElement-sc-1mosoyj-0 styled__PriceAndActions-sc-6nhkzi-3 oznwo eEPLov beans-buybox__price-and-actions"><div class="base-components__RootElement-sc-1mosoyj-1 styled__Container-sc-8qlq5b-0 jptQqM bgZrjw styled__StyledPrice-sc-6nhkzi-5 iYHeik beans-buybox__price beans-price__container"><p class="styled__StyledHeading-sc-119w3hf-2 jWPEtj styled__Text-sc-8qlq5b-1 lnaeiZ beans-price__text">£1.95</p><p class="styled__StyledFootnote-sc-119w3hf-7 icrlVF styled__Subtext-sc-8qlq5b-2 bNJmdc beans-price__subtext">£0.20/litre</p></div><div class="base-components__RootElement-sc-1mosoyj-1 styled__Container-vtxwzb-0 jptQqM bDFhXJ beans-buybox__actions beans-quantity-controls__container"><div class="base-components__RootElement-sc-1mosoyj-1 styled__Container-sc-16t2b2a-0 jptQqM PUfgZ styled__StyledFormGroup-vtxwzb-1 kzKuAr beans-quantity-controls__form-group beans-form-group__container"><label class="styled__StyledLabel-sc-1ttuvhr-0 izGEjV beans-form-group__label beans-label" for="quantity-controls-262681114">Quantity controls </label><div class="base-components__BaseElement-sc-1mosoyj-0 styled__Children-sc-16t2b2a-3 oznwo gdJvjO beans-form-group__children"><div class="styled__StyledQuantityControlWrapper-vtxwzb-6 LCxOg"><label id="quantity-controls-262681114-label" class="styled__VisuallyHiddenLabel-vtxwzb-7 gXlLiM">Quantity of Tesco Lightweight Cat Litter 10 Litres</label><div class="component__Wrapper-sc-1kpmik-3 dReplG input-wrapper"><input class="base-components__RootElement-sc-1mosoyj-1 styled__StyledInput-sc-1jd5f57-0 component__StyledAsInput-sc-1kpmik-4 jptQqM eJLlow styled__StyledInput-vtxwzb-3 lwMHo beans-quantity-controls__input beans-input" data-auto="beans-quantity-controls-input" autocomplete="off" id="quantity-controls-262681114" maxlength="2" name="newValue" type="number" aria-labelledby="quantity-controls-262681114-label" value="1"></div></div><button class="styled__BaseButton-rsekm1-0 styled__PrimaryButton-rsekm1-2 jChbeY geeWOF styled__StyledButton-vtxwzb-5 japAxb beans-quantity-controls__add-button beans-button__container" type="submit" data-auto="beans-quantity-controls-add-button" aria-label="Quantity of Tesco Lightweight Cat Litter 10 Litres"><span class="base-components__BaseElement-sc-1mosoyj-0 styled__InnerContainer-rsekm1-1 oznwo fuFres beans-button__inner-container"><span class="base-components__BaseElement-sc-1mosoyj-0 styled__TextSpan-rsekm1-4 oznwo GDiMp beans-button__text">Add</span></span></button></div></div></div></div></div><input name="_csrf" type="hidden" value="0WbpBJF9-cS-fAMl-ByHnl5hECj1JaZiBQ20"></form></div></div></div></div><div class="hidden-medium product-info-section-small"><div class="product-info-message-list"><div class="styled__WhiteBackground-sc-9yzfq2-1 jthPIJ"><svg width="56" height="56" viewBox="0 0 56 56" fill="none" xmlns="http://www.w3.org/2000/svg"><path d="M52.1301 27.8766C52.1301 14.5534 41.3293 3.75308 28.0066 3.75308C14.6834 3.75308 3.88306 14.5534 3.88306 27.8766C3.88306 41.1998 14.6834 52.0002 28.0066 52.0002C41.3293 52.0002 52.1301 41.1998 52.1301 27.8766Z" fill="#EE1C2E"></path><path d="M19.6853 36.5687L31.8169 48.6998L52.6633 27.8998L51.9894 23.0423L31.886 43.1452L22.5438 33.803L19.6853 36.5687Z" fill="white"></path><path d="M24.2699 12.0048L23.5594 9.93467L22.8484 12.0048H24.2699ZM24.6345 13.0711H22.4844L21.9776 14.5375H20.7515L22.9815 8.31722H24.1369L26.3669 14.5375H25.1408L24.6345 13.0711Z" fill="white"></path><path d="M27.8359 14.5375H26.734V8.24609H27.8359V14.5375Z" fill="white"></path><path d="M31.5684 13.2309C31.7849 12.9886 31.8927 12.6597 31.8927 12.2446C31.8927 11.8306 31.7849 11.5016 31.5684 11.2588C31.3524 11.0159 31.0811 10.8942 30.7558 10.8942C30.4299 10.8942 30.1587 11.0159 29.9427 11.2588C29.7267 11.5016 29.6184 11.8306 29.6184 12.2446C29.6184 12.6597 29.7267 12.9886 29.9427 13.2309C30.1587 13.4738 30.4299 13.5955 30.7558 13.5955C31.0811 13.5955 31.3524 13.4738 31.5684 13.2309ZM29.4673 14.3065C29.159 14.1049 28.9177 13.8234 28.7429 13.4619C28.5681 13.101 28.481 12.6952 28.481 12.2446C28.481 11.7888 28.5655 11.3815 28.7341 11.0231C28.9032 10.6648 29.1384 10.3848 29.4405 10.1837C29.7426 9.98212 30.0891 9.88158 30.48 9.88158C30.7883 9.88158 31.0579 9.93624 31.2889 10.0455C31.5199 10.1554 31.6978 10.3106 31.8221 10.5122V8.24609H32.9239V14.5375H31.8221V13.9863C31.6916 14.1704 31.5137 14.3194 31.2889 14.4349C31.0636 14.5504 30.797 14.6086 30.4892 14.6086C30.1159 14.6086 29.7751 14.5076 29.4673 14.3065Z" fill="white"></path><path d="M34.9657 14.5375H33.8638V9.95224H34.9657V14.5375ZM33.9082 8.34408C34.0443 8.20796 34.2129 8.1399 34.4145 8.1399C34.6161 8.1399 34.7847 8.20796 34.9208 8.34408C35.0574 8.48071 35.1255 8.64931 35.1255 8.8504C35.1255 9.052 35.0574 9.22112 34.9208 9.35724C34.7847 9.49336 34.6161 9.56142 34.4145 9.56142C34.2129 9.56142 34.0443 9.49336 33.9082 9.35724C33.7715 9.22112 33.704 9.052 33.704 8.8504C33.704 8.64931 33.7715 8.48071 33.9082 8.34408Z" fill="white"></path><path d="M19.6791 19.3347C19.8894 19.1506 19.9946 18.8779 19.9946 18.5169C19.9946 18.1565 19.8894 17.8838 19.6791 17.6997C19.4682 17.5156 19.183 17.4233 18.8221 17.4233H17.5027V19.6111H18.8221C19.183 19.6111 19.4682 19.5188 19.6791 19.3347ZM17.5027 23.9628H16.0374V16.0704H18.9345C19.461 16.0704 19.9157 16.1776 20.2988 16.3921C20.6824 16.6061 20.9753 16.8995 21.1784 17.2712C21.3816 17.6435 21.4826 18.0586 21.4826 18.5169C21.4826 18.9758 21.3816 19.3909 21.1784 19.7632C20.9753 20.1354 20.6824 20.4283 20.2988 20.6423C19.9157 20.8568 19.461 20.9635 18.9345 20.9635H17.5027V23.9628Z" fill="white"></path><path d="M22.0396 18.1451H23.4379V19.0248C23.6029 18.7087 23.8359 18.4684 24.1365 18.3029C24.4376 18.1374 24.7717 18.0549 25.1404 18.0549C25.5235 18.0549 25.8241 18.1415 26.0422 18.3143L25.5689 19.4981C25.3729 19.3929 25.1662 19.3403 24.9486 19.3403C24.5124 19.3403 24.152 19.528 23.8663 19.9039C23.5802 20.2797 23.4379 20.8582 23.4379 21.6404V23.9627H22.0396V18.1451Z" fill="white"></path><path d="M27.8879 23.9627H26.4896V18.1451H27.8879V23.9627ZM26.5458 16.1044C26.7191 15.9316 26.933 15.845 27.1888 15.845C27.444 15.845 27.658 15.9316 27.8312 16.1044C28.0039 16.2771 28.0906 16.4916 28.0906 16.7468C28.0906 17.0026 28.0039 17.217 27.8312 17.3898C27.658 17.5625 27.444 17.6491 27.1888 17.6491C26.933 17.6491 26.7191 17.5625 26.5458 17.3898C26.3731 17.217 26.287 17.0026 26.287 16.7468C26.287 16.4916 26.3731 16.2771 26.5458 16.1044Z" fill="white"></path><path d="M30.0603 23.6693C29.6168 23.4141 29.2714 23.0588 29.0234 22.6041C28.7754 22.1493 28.6511 21.6327 28.6511 21.0537C28.6511 20.4752 28.7754 19.9585 29.0234 19.5038C29.2714 19.049 29.6168 18.6937 30.0603 18.438C30.5037 18.1828 31.011 18.0549 31.5823 18.0549C32.8749 18.0549 33.751 18.585 34.2093 19.6445L32.9353 20.2199C32.6424 19.6332 32.1913 19.3403 31.5823 19.3403C31.1466 19.3403 30.7857 19.4981 30.5001 19.8136C30.2144 20.1297 30.0716 20.5427 30.0716 21.0537C30.0716 21.5651 30.2144 21.9787 30.5001 22.2942C30.7857 22.6097 31.1466 22.7675 31.5823 22.7675C32.1913 22.7675 32.6424 22.4747 32.9353 21.8884L34.2093 22.4633C33.751 23.5229 32.8749 24.0529 31.5823 24.0529C31.011 24.0529 30.5037 23.9251 30.0603 23.6693Z" fill="white"></path><path d="M38.727 20.3999C38.6744 20.0694 38.5223 19.7987 38.2707 19.5883C38.0186 19.3779 37.7015 19.2728 37.3179 19.2728C36.9946 19.2728 36.7048 19.3723 36.4496 19.5713C36.1939 19.7708 36.0175 20.0467 35.9196 20.3999H38.727ZM40.1588 21.5048H35.8633C35.9381 21.9333 36.115 22.2586 36.3934 22.4803C36.6713 22.702 37.0095 22.8129 37.4081 22.8129C37.7386 22.8129 38.015 22.7433 38.2367 22.6041C38.4584 22.4649 38.6708 22.253 38.874 21.9673L40.0573 22.6097C39.7716 23.0759 39.4092 23.4327 38.9693 23.6812C38.5295 23.9287 37.983 24.0529 37.3292 24.0529C36.7125 24.0529 36.1846 23.9086 35.7453 23.6188C35.3055 23.3295 34.9765 22.9557 34.7584 22.4968C34.5403 22.0385 34.4315 21.5574 34.4315 21.0537C34.4315 20.5504 34.546 20.0694 34.7754 19.611C35.0044 19.1526 35.3374 18.7783 35.7731 18.4891C36.2088 18.1998 36.7239 18.0549 37.3179 18.0549C37.9191 18.0549 38.4341 18.19 38.8626 18.4607C39.2911 18.7314 39.6139 19.0866 39.832 19.5264C40.0501 19.9657 40.1588 20.4339 40.1588 20.9299V21.5048Z" fill="white"></path><path d="M16.3879 25.558H17.7399L19.2454 29.4977L20.751 25.558H22.1029V31.8684H20.9309V28.0282L19.6873 31.2915H18.8035L17.5599 28.0282V31.8684H16.3879V25.558Z" fill="white"></path><path d="M25.4058 30.7146C25.6131 30.5341 25.7167 30.3119 25.7167 30.0474V29.9216H24.8335C24.5746 29.9216 24.3689 29.971 24.2158 30.07C24.0626 30.169 23.9858 30.3057 23.9858 30.48C23.9858 30.6424 24.0415 30.7671 24.1529 30.8543C24.2637 30.9414 24.4277 30.9847 24.6437 30.9847C24.9443 30.9847 25.1985 30.8945 25.4058 30.7146ZM23.6074 31.7782C23.3671 31.67 23.1748 31.5122 23.0304 31.3049C22.886 31.0976 22.8138 30.8496 22.8138 30.5609C22.8138 30.1046 22.9855 29.7364 23.3279 29.457C23.6703 29.1775 24.1333 29.0378 24.7159 29.0378H25.7167V28.8754C25.7167 28.6413 25.6357 28.4531 25.4733 28.3118C25.3109 28.1711 25.0918 28.1004 24.8154 28.1004C24.5927 28.1004 24.3916 28.1592 24.2111 28.2763C24.0312 28.3933 23.8956 28.5299 23.8059 28.6862L22.9494 28.1726C23.1113 27.8782 23.3516 27.6333 23.6703 27.4379C23.9889 27.2425 24.3705 27.145 24.8154 27.145C25.4522 27.145 25.9482 27.2982 26.3024 27.6044C26.6572 27.9112 26.8345 28.3526 26.8345 28.9295V31.8685H25.9152L25.7621 31.2735C25.6115 31.4776 25.4207 31.6401 25.1892 31.7602C24.9582 31.8803 24.686 31.9401 24.3735 31.9401C24.1029 31.9401 23.8476 31.8865 23.6074 31.7782Z" fill="white"></path><path d="M27.8214 30.3V28.1726H27.1182V27.2167H27.8214V26.4417L28.9393 25.7384V27.2167H30.1381V28.1726H28.9393V30.2458C28.9393 30.6903 29.1166 30.9125 29.4709 30.9125C29.6333 30.9125 29.7895 30.8496 29.9395 30.7233L30.4443 31.5797C30.2881 31.706 30.1169 31.7978 29.9308 31.855C29.7446 31.9117 29.5549 31.9401 29.3626 31.9401C28.3355 31.9401 27.8214 31.3936 27.8214 30.3Z" fill="white"></path><path d="M31.5487 31.6339C31.194 31.4297 30.9176 31.1456 30.7196 30.7821C30.5211 30.4186 30.4221 30.0056 30.4221 29.5426C30.4221 29.0801 30.5211 28.6666 30.7196 28.3031C30.9176 27.9396 31.194 27.6555 31.5487 27.4513C31.9034 27.2471 32.3087 27.145 32.7655 27.145C33.7993 27.145 34.4995 27.5683 34.8661 28.416L33.8473 28.8754C33.6132 28.4067 33.2528 28.1726 32.7655 28.1726C32.417 28.1726 32.1288 28.2989 31.9004 28.5511C31.6719 28.8037 31.558 29.1342 31.558 29.5426C31.558 29.9509 31.6719 30.282 31.9004 30.5341C32.1288 30.7867 32.417 30.9125 32.7655 30.9125C33.2528 30.9125 33.6132 30.6785 33.8473 30.2098L34.8661 30.6697C34.4995 31.5168 33.7993 31.9401 32.7655 31.9401C32.3087 31.9401 31.9034 31.8386 31.5487 31.6339Z" fill="white"></path><path d="M35.3998 25.4863H36.5176V27.9473C36.662 27.707 36.8615 27.5132 37.1167 27.3657C37.3725 27.2188 37.6592 27.145 37.9778 27.145C38.4702 27.145 38.8579 27.2909 39.1405 27.5823C39.423 27.8736 39.5643 28.2804 39.5643 28.8037V31.8685H38.4465V29.0285C38.4465 28.7522 38.3758 28.5408 38.2346 28.3933C38.0933 28.2458 37.8907 28.1726 37.6262 28.1726C37.3199 28.1726 37.0585 28.3093 36.8419 28.5825C36.6254 28.8558 36.5176 29.275 36.5176 29.8401V31.8685H35.3998V25.4863Z" fill="white"></path></svg><p class="styled__StyledBodyText-sc-119w3hf-5 ggtTyf styled__DarkGreyBodyText-jk5kya-0 iwRWTH">Aldi Price Match</p></div></div></div></div></div></div></div></li><li class="product-list--list-item"><div class="styles__StyledVerticalTileWrapper-dvv1wj-0 dtCNPH"><div data-auto="product-tile" data-auto-type="Quantity" data-auto-available="true" data-auto-is-restricted-disabled="false" data-auto-is-substitute="false" class="styles__StyledVerticalTile-dvv1wj-1 gSCsYK"><div class="styles__StyledTileContentWrapper-dvv1wj-2 bkNhNP beans"><div id="tile-261418821" data-auto-id="261418821" class="styles__StyledTiledContent-dvv1wj-3 bcglTg"><a href="https://www.tesco.com/groceries/en-GB/products/261418821" aria-hidden="true" class="product-image-wrapper" tabindex="1"><div class="product-image__container"><picture><img class="styled__Image-sjvkdn-0 bJErKA product-image beans-responsive-image__image" src="data:image/gif;base64,R0lGODlhAQABAAAAACH5BAEKAAEALAAAAAABAAEAAAICTAEAOw==" srcset="https://digitalcontent.api.tesco.com/v2/media/ghs/cbb471f4-fbc9-448d-b45e-6f2dd6116e0f/f3ad24bf-63b2-45e9-b59c-c992b31ab637.jpeg?h=225&amp;w=225 768w, data:image/gif;base64,R0lGODlhAQABAAAAACH5BAEKAAEALAAAAAABAAEAAAICTAEAOw== 4000w" alt="Tesco Luxury Salami Dog Treats 5 X 11G"></picture></div></a><div class="product-details--wrapper"><h3 class="styles__H3-oa5soe-0 bCKNNq"><a href="https://www.tesco.com/groceries/en-GB/products/261418821" class="styled__Anchor-sc-1xbujuz-0 csVOnh beans-link__anchor" data-auto="product-tile--title"><span class="styled__Text-sc-1xbujuz-1 ldbwMG beans-link__text">Tesco Luxury Salami Dog Treats 5 X 11G</span></a></h3><div class="styles__StyledPromotionsAboveMobile-dvv1wj-7 iPTMuo"></div><div class="styles__StyledProductDetailsContent-dvv1wj-5 ddRSrq"><a href="https://www.tesco.com/groceries/en-GB/reviews/submission/261418821?from=%2Fshop%2Fpets%2Fall" aria-label="Write a review for Tesco Luxury Salami Dog Treats 5 X 11G" class="styled__Anchor-sc-1xbujuz-0 jSzuDt write-a-review-link beans-link__anchor" data-auto="review-link"><span class="styled__Text-sc-1xbujuz-1 fyDIEo beans-link__text">Write a review</span><span class="styled__IconContainer-sc-1xbujuz-2 bSauSL beans-link__icon-container"><svg aria-hidden="true" class="styled__SVG-xxa4wh-1 hQMCqc beans-link__icon beans-icon__svg" height="13.33" preserveAspectRatio="xMinYMax meet" viewBox="-1 0 12 20" width="8" xmlns="http://www.w3.org/2000/svg" color="currentColor"><path d="M1.312 1.348L10.276 10l-8.964 8.644" fill="none" stroke="currentColor"></path></svg></span></a><div><a href="https://www.tesco.com/groceries/en-GB/shop/pets/dog-food-and-accessories/dog-treats-dental-chews-and-biscuits/dog-treats" class="styled__Anchor-sc-1xbujuz-0 jSzuDt rest-of-shelf-link beans-link__anchor" data-auto="rest-of-shelf-link"><span class="styled__Text-sc-1xbujuz-1 fyDIEo beans-link__text">Rest of <span class="visually-hidden">Dog Treats</span> shelf</span><span class="styled__IconContainer-sc-1xbujuz-2 bSauSL beans-link__icon-container"><svg aria-hidden="true" class="styled__SVG-xxa4wh-1 hQMCqc beans-link__icon beans-icon__svg" height="13.33" preserveAspectRatio="xMinYMax meet" viewBox="-1 0 12 20" width="8" xmlns="http://www.w3.org/2000/svg" color="currentColor"><path d="M1.312 1.348L10.276 10l-8.964 8.644" fill="none" stroke="currentColor"></path></svg></span></a></div><div class="product-info-message-section"><div class="product-info-message-list"></div></div></div><div class="styles__StyledBuyBoxWrapper-dvv1wj-4 dSvjUC"><div class="styles__StyledBuyBoxContainer-sc-1wx0qp6-0 erryje" data-auto="buybox-container"><div class="styles__SafeFormWrapper-jtpu2t-0 lcrYKS"><form action="https://www.tesco.com/groceries/en-GB/trolley/items/261418821?_method=PUT" method="POST"><input type="submit" class="hidden"><input name="id" type="hidden" value="261418821"><input name="identifier" type="hidden" value="Page"><input name="anchorId" type="hidden" value="#tile-261418821"><input name="returnUrl" type="hidden" value="/groceries/en-GB/shop/pets/all?redirectIfUnavailable=true#tile-261418821"><input name="backToUrl" type="hidden" value="#"><input name="oldValue" type="hidden" value="0"><input name="oldUnitChoice" type="hidden" value="pcs"><input name="newUnitChoice" type="hidden" value="pcs"><div class="base-components__RootElement-sc-1mosoyj-1 styled__Container-sc-6nhkzi-0 jptQqM hSNpTb beans-buybox__container"><div class="base-components__BaseElement-sc-1mosoyj-0 styled__PriceAndActions-sc-6nhkzi-3 oznwo eEPLov beans-buybox__price-and-actions"><div class="base-components__RootElement-sc-1mosoyj-1 styled__Container-sc-8qlq5b-0 jptQqM bgZrjw styled__StyledPrice-sc-6nhkzi-5 iYHeik beans-buybox__price beans-price__container"><p class="styled__StyledHeading-sc-119w3hf-2 jWPEtj styled__Text-sc-8qlq5b-1 lnaeiZ beans-price__text">£1.10</p><p class="styled__StyledFootnote-sc-119w3hf-7 icrlVF styled__Subtext-sc-8qlq5b-2 bNJmdc beans-price__subtext">£20.00/kg</p></div><div class="base-components__RootElement-sc-1mosoyj-1 styled__Container-vtxwzb-0 jptQqM bDFhXJ beans-buybox__actions beans-quantity-controls__container"><div class="base-components__RootElement-sc-1mosoyj-1 styled__Container-sc-16t2b2a-0 jptQqM PUfgZ styled__StyledFormGroup-vtxwzb-1 kzKuAr beans-quantity-controls__form-group beans-form-group__container"><label class="styled__StyledLabel-sc-1ttuvhr-0 izGEjV beans-form-group__label beans-label" for="quantity-controls-261418821">Quantity controls </label><div class="base-components__BaseElement-sc-1mosoyj-0 styled__Children-sc-16t2b2a-3 oznwo gdJvjO beans-form-group__children"><div class="styled__StyledQuantityControlWrapper-vtxwzb-6 LCxOg"><label id="quantity-controls-261418821-label" class="styled__VisuallyHiddenLabel-vtxwzb-7 gXlLiM">Quantity of Tesco Luxury Salami Dog Treats 5 X 11G</label><div class="component__Wrapper-sc-1kpmik-3 dReplG input-wrapper"><input class="base-components__RootElement-sc-1mosoyj-1 styled__StyledInput-sc-1jd5f57-0 component__StyledAsInput-sc-1kpmik-4 jptQqM eJLlow styled__StyledInput-vtxwzb-3 lwMHo beans-quantity-controls__input beans-input" data-auto="beans-quantity-controls-input" autocomplete="off" id="quantity-controls-261418821" maxlength="2" name="newValue" type="number" aria-labelledby="quantity-controls-261418821-label" value="1"></div></div><button class="styled__BaseButton-rsekm1-0 styled__PrimaryButton-rsekm1-2 jChbeY geeWOF styled__StyledButton-vtxwzb-5 japAxb beans-quantity-controls__add-button beans-button__container" type="submit" data-auto="beans-quantity-controls-add-button" aria-label="Quantity of Tesco Luxury Salami Dog Treats 5 X 11G"><span class="base-components__BaseElement-sc-1mosoyj-0 styled__InnerContainer-rsekm1-1 oznwo fuFres beans-button__inner-container"><span class="base-components__BaseElement-sc-1mosoyj-0 styled__TextSpan-rsekm1-4 oznwo GDiMp beans-button__text">Add</span></span></button></div></div></div></div></div><input name="_csrf" type="hidden" value="0WbpBJF9-cS-fAMl-ByHnl5hECj1JaZiBQ20"></form></div></div></div></div><div class="hidden-medium product-info-section-small"><div class="product-info-message-list"></div></div></div></div></div></div></li><li class="product-list--list-item"><div class="styles__StyledVerticalTileWrapper-dvv1wj-0 dtCNPH"><div data-auto="product-tile" data-auto-type="Quantity" data-auto-available="true" data-auto-is-restricted-disabled="false" data-auto-is-substitute="false" class="styles__StyledVerticalTile-dvv1wj-1 gSCsYK"><div class="styles__StyledTileContentWrapper-dvv1wj-2 bkNhNP beans"><div id="tile-284044093" data-auto-id="284044093" class="styles__StyledTiledContent-dvv1wj-3 bcglTg"><a href="https://www.tesco.com/groceries/en-GB/products/284044093" aria-hidden="true" class="product-image-wrapper" tabindex="1"><div class="product-image__container"><picture><img class="styled__Image-sjvkdn-0 bJErKA product-image beans-responsive-image__image" src="data:image/gif;base64,R0lGODlhAQABAAAAACH5BAEKAAEALAAAAAABAAEAAAICTAEAOw==" srcset="https://digitalcontent.api.tesco.com/v2/media/ghs/76cc7498-c78a-4e8d-ba36-b39e8b5b04df/df88ee7a-0b48-4bf9-a56c-cc4f69914c09.jpeg?h=225&amp;w=225 768w, data:image/gif;base64,R0lGODlhAQABAAAAACH5BAEKAAEALAAAAAABAAEAAAICTAEAOw== 4000w" alt="Gourmet Mon Petit Fish Selection 6X50g"></picture></div></a><div class="product-details--wrapper"><h3 class="styles__H3-oa5soe-0 bCKNNq"><a href="https://www.tesco.com/groceries/en-GB/products/284044093" class="styled__Anchor-sc-1xbujuz-0 csVOnh beans-link__anchor" data-auto="product-tile--title"><span class="styled__Text-sc-1xbujuz-1 ldbwMG beans-link__text">Gourmet Mon Petit Fish Selection 6X50g</span></a></h3><div class="styles__StyledPromotionsAboveMobile-dvv1wj-7 iPTMuo"></div><div class="styles__StyledProductDetailsContent-dvv1wj-5 ddRSrq"><a href="https://www.tesco.com/groceries/en-GB/reviews/submission/284044093?from=%2Fshop%2Fpets%2Fall" aria-label="Write a review for Gourmet Mon Petit Fish Selection 6X50g" class="styled__Anchor-sc-1xbujuz-0 jSzuDt write-a-review-link beans-link__anchor" data-auto="review-link"><span class="styled__Text-sc-1xbujuz-1 fyDIEo beans-link__text">Write a review</span><span class="styled__IconContainer-sc-1xbujuz-2 bSauSL beans-link__icon-container"><svg aria-hidden="true" class="styled__SVG-xxa4wh-1 hQMCqc beans-link__icon beans-icon__svg" height="13.33" preserveAspectRatio="xMinYMax meet" viewBox="-1 0 12 20" width="8" xmlns="http://www.w3.org/2000/svg" color="currentColor"><path d="M1.312 1.348L10.276 10l-8.964 8.644" fill="none" stroke="currentColor"></path></svg></span></a><div><a href="https://www.tesco.com/groceries/en-GB/shop/pets/cat-food-and-accessories/luxury-cat-food/luxury-cat-food-pouches" class="styled__Anchor-sc-1xbujuz-0 jSzuDt rest-of-shelf-link beans-link__anchor" data-auto="rest-of-shelf-link"><span class="styled__Text-sc-1xbujuz-1 fyDIEo beans-link__text">Rest of <span class="visually-hidden">Luxury Cat Food Pouches</span> shelf</span><span class="styled__IconContainer-sc-1xbujuz-2 bSauSL beans-link__icon-container"><svg aria-hidden="true" class="styled__SVG-xxa4wh-1 hQMCqc beans-link__icon beans-icon__svg" height="13.33" preserveAspectRatio="xMinYMax meet" viewBox="-1 0 12 20" width="8" xmlns="http://www.w3.org/2000/svg" color="currentColor"><path d="M1.312 1.348L10.276 10l-8.964 8.644" fill="none" stroke="currentColor"></path></svg></span></a></div><div class="product-info-message-section"><div class="product-info-message-list"><ul><li><div data-auto="info-message" class="product-info-message"><p>£5 off £20 or more shop on selected Petcare items. Coupon deducted from total basket after Clubcard Prices applied. Enter eCoupon code GRKLHH at checkout (case sensitive). T&amp;Cs apply. Valid on orders collected or delivered between 16/11/22 - 06/12/22</p></div></li></ul><div class="styled__WhiteBackground-sc-9yzfq2-1 jthPIJ"><svg width="56" height="61" viewBox="0 0 56 61" fill="none" xmlns="http://www.w3.org/2000/svg"><path d="M30.8759 45.8182C40.0086 42.7996 46.6572 34.3312 46.9801 24.2629H47V23.502V22.7397H46.9801C46.5765 10.112 36.2237 0 23.4993 0C10.5209 0 0 10.5209 0 23.4993C0 33.8972 6.75323 42.7162 16.1109 45.8142L16.1294 42.8684C13.3741 41.8189 10.9007 40.1978 8.8508 38.1492C5.099 34.3961 2.78308 29.2256 2.78308 23.4993C2.78308 17.7744 5.10032 12.6039 8.8508 8.84947C12.6039 5.09768 17.7744 2.78175 23.5007 2.78175C29.2256 2.78175 34.3961 5.09768 38.1505 8.84947C41.9023 12.6026 44.2182 17.7731 44.2182 23.4993C44.2182 29.2256 41.901 34.3948 38.1505 38.1492C36.1033 40.1952 33.6338 41.815 30.8838 42.8644L30.8772 45.8182H30.8759Z" fill="#EE1C2E"></path><path d="M9.82217 16.0368C10.5434 14.6962 11.4566 13.472 12.5245 12.4041C15.3354 9.59453 19.2116 7.85825 23.4994 7.85825C27.7871 7.85825 31.6633 9.59453 34.4742 12.4041C35.5435 13.4734 36.4553 14.6962 37.1765 16.0368H38.6256C35.8995 10.4309 30.1507 6.56662 23.498 6.56662C16.8454 6.56662 11.0966 10.4309 8.37042 16.0368H9.81952H9.82217Z" fill="black"></path><path d="M38.2419 28.245C37.4743 30.5728 36.1694 32.6571 34.4742 34.3537C32.8385 35.9881 30.8428 37.2599 28.6142 38.038C28.605 38.0407 28.5825 38.0394 28.5878 38.0473C28.773 38.3278 28.7836 39.3429 28.7836 39.3429C33.9567 37.6318 38.0142 33.4763 39.593 28.245H38.2419Z" fill="black"></path><path d="M12.5245 34.3537C10.4322 32.2601 8.9355 29.5763 8.30822 26.5722H6.99409C8.14941 32.5791 12.4994 37.4491 18.2085 39.3416C18.2111 39.3416 18.2177 39.3482 18.2177 39.3442C18.2627 38.2286 18.3898 38.0394 18.3898 38.0394C18.3818 38.0367 18.3726 38.0341 18.3646 38.0301C16.144 37.2519 14.1536 35.9828 12.5232 34.3524L12.5245 34.3537Z" fill="black"></path><path d="M17.6645 15.8727H20.1062V16.8335H16.623V11.2289H17.6645V15.8727Z" fill="black"></path><path d="M20.527 13.6745C20.7031 13.3516 20.9532 13.0975 21.2761 12.9136C21.599 12.7296 21.9682 12.637 22.3851 12.637C22.8019 12.637 23.1712 12.7296 23.4941 12.9136C23.817 13.0975 24.0658 13.3516 24.2431 13.6745C24.4191 13.9974 24.5065 14.3614 24.5065 14.7676C24.5065 15.1739 24.4191 15.5379 24.2431 15.8608C24.0671 16.1837 23.817 16.4364 23.4941 16.6217C23.1712 16.8057 22.8019 16.897 22.3851 16.897C21.9682 16.897 21.599 16.8057 21.2761 16.6217C20.9532 16.4378 20.7031 16.1837 20.527 15.8608C20.351 15.5379 20.2637 15.1739 20.2637 14.7676C20.2637 14.3614 20.351 13.9974 20.527 13.6745ZM21.5805 15.6477C21.7856 15.8727 22.0542 15.9838 22.3851 15.9838C22.7159 15.9838 22.9846 15.8713 23.1897 15.6477C23.3948 15.424 23.498 15.1303 23.498 14.7676C23.498 14.405 23.3948 14.1112 23.1897 13.8876C22.9846 13.6639 22.7159 13.5515 22.3851 13.5515C22.0542 13.5515 21.7856 13.6639 21.5805 13.8876C21.3753 14.1112 21.2721 14.405 21.2721 14.7676C21.2721 15.1303 21.3753 15.424 21.5805 15.6477Z" fill="black"></path><path d="M29.1687 16.8334H28.208L27.5119 14.1271L26.8158 16.8334H25.855L24.566 12.7018H25.5347L26.3182 15.4082L27.0315 12.7018H27.9923L28.7056 15.4082L29.489 12.7018H30.4577L29.1687 16.8334Z" fill="black"></path><path d="M8.61654 18.931H5.58202V20.4026H8.01572V21.6042H5.58202V23.5377H8.71579V24.738H4.27981V17.7294H8.61654V18.931Z" fill="black"></path><path d="M8.73168 19.5715H9.9836L11.2051 23.0269L12.4266 19.5715H13.6785L11.7662 24.738H10.644L8.73168 19.5715Z" fill="black"></path><path d="M18.7126 22.5558H14.8973C14.9635 22.9369 15.121 23.2254 15.3684 23.4226C15.6159 23.6198 15.9163 23.7177 16.2697 23.7177C16.5635 23.7177 16.8083 23.6555 17.0055 23.5324C17.2027 23.4093 17.3906 23.2201 17.5719 22.966L18.6226 23.5377C18.3686 23.9519 18.047 24.2682 17.6566 24.4892C17.2662 24.7089 16.7805 24.8201 16.1995 24.8201C15.6517 24.8201 15.1832 24.6917 14.7928 24.435C14.4024 24.1782 14.1099 23.8461 13.9167 23.4385C13.7235 23.0322 13.6269 22.6047 13.6269 22.1574C13.6269 21.7101 13.7288 21.2827 13.9326 20.8764C14.1364 20.4688 14.4315 20.1366 14.8192 19.8799C15.207 19.6231 15.6636 19.4948 16.1916 19.4948C16.7196 19.4948 17.1828 19.6152 17.5626 19.8547C17.9438 20.0956 18.2296 20.4106 18.4241 20.801C18.6174 21.1914 18.714 21.6069 18.714 22.0476V22.5584L18.7126 22.5558ZM17.4409 21.5751C17.3945 21.2813 17.2582 21.0418 17.0346 20.8539C16.8109 20.6673 16.5291 20.5733 16.1889 20.5733C15.9018 20.5733 15.645 20.662 15.4174 20.838C15.1911 21.0153 15.0336 21.2602 14.9463 21.5738H17.4395L17.4409 21.5751Z" fill="black"></path><path d="M19.3849 19.5715H20.6263V20.3523C20.7732 20.0718 20.9809 19.8587 21.2469 19.7118C21.5142 19.5649 21.8107 19.4921 22.1376 19.4921C22.4644 19.4921 22.745 19.5689 22.9382 19.7224L22.5174 20.7732C22.344 20.6805 22.1601 20.6329 21.9668 20.6329C21.5791 20.6329 21.2588 20.7996 21.0061 21.1331C20.752 21.4666 20.6249 21.9814 20.6249 22.6749V24.738H19.3836V19.5715H19.3849Z" fill="black"></path><path d="M24.8518 24.4178L22.9792 19.5715H24.2312L25.4434 22.8562L26.5841 19.5715H27.8255L25.1827 26.7813H23.981L24.8518 24.4178Z" fill="black"></path><path d="M28.8074 24.4786C28.4607 24.251 28.1881 23.9347 27.9909 23.5271C27.7937 23.1195 27.6958 22.663 27.6958 22.1548C27.6958 21.6466 27.7911 21.1821 27.9816 20.7785C28.1722 20.3748 28.4369 20.0585 28.7783 19.8322C29.1184 19.6059 29.5088 19.4921 29.9495 19.4921C30.2962 19.4921 30.6006 19.5543 30.86 19.6774C31.1207 19.8005 31.3205 19.9765 31.4608 20.2028V17.65H32.7021V24.7393H31.4608V24.1187C31.3139 24.3251 31.1141 24.4945 30.86 24.6242C30.6059 24.7539 30.3055 24.8201 29.9588 24.8201C29.5379 24.8201 29.1541 24.7063 28.8074 24.48V24.4786ZM31.1763 23.2664C31.4198 22.9925 31.5415 22.6219 31.5415 22.1548C31.5415 21.6876 31.4198 21.3171 31.1763 21.0431C30.9328 20.7692 30.6271 20.6329 30.2605 20.6329C29.8939 20.6329 29.5882 20.7705 29.3447 21.0431C29.1012 21.3171 28.9795 21.6876 28.9795 22.1548C28.9795 22.6219 29.1012 22.9925 29.3447 23.2664C29.5882 23.5404 29.8939 23.6767 30.2605 23.6767C30.6271 23.6767 30.9328 23.5404 31.1763 23.2664Z" fill="black"></path><path d="M34.2624 24.6388C33.9951 24.5183 33.782 24.3437 33.6219 24.1134C33.4618 23.8831 33.3824 23.6079 33.3824 23.2876C33.3824 22.7807 33.5729 22.3718 33.9527 22.0608C34.3339 21.7511 34.8473 21.595 35.4945 21.595H36.6061V21.415C36.6061 21.1543 36.5161 20.9465 36.3361 20.789C36.1562 20.6329 35.9127 20.5535 35.6056 20.5535C35.3582 20.5535 35.1345 20.6183 34.9347 20.7493C34.7349 20.879 34.584 21.0312 34.4834 21.2046L33.5319 20.6342C33.7119 20.3073 33.9792 20.0347 34.3325 19.8177C34.6859 19.6006 35.1094 19.4921 35.6043 19.4921C36.3123 19.4921 36.8629 19.6615 37.2559 20.003C37.6503 20.3431 37.8461 20.834 37.8461 21.4746V24.7393H36.8245L36.6538 24.079C36.487 24.3066 36.2753 24.4866 36.0172 24.6189C35.7605 24.7526 35.4574 24.8187 35.1107 24.8187C34.8103 24.8187 34.5271 24.7592 34.2598 24.6388H34.2624ZM36.2607 23.457C36.491 23.2572 36.6061 23.0097 36.6061 22.7159V22.5756H35.6255C35.3383 22.5756 35.1094 22.6312 34.94 22.741C34.7693 22.8509 34.6846 23.0031 34.6846 23.1963C34.6846 23.3763 34.7468 23.5152 34.8698 23.6118C34.9929 23.7084 35.1755 23.7574 35.4151 23.7574C35.7486 23.7574 36.0304 23.6568 36.2607 23.457V23.457Z" fill="black"></path><path d="M39.7571 24.4178L37.8845 19.5715H39.1364L40.3473 22.8562L41.4894 19.5715H42.7308L40.088 26.7813H38.8863L39.7571 24.4178Z" fill="black"></path><path d="M13.652 33.1164H12.6185V27.5515H14.6618C15.7985 27.5515 16.4589 28.3072 16.4589 29.2772C16.4589 30.2473 15.7985 31.0029 14.6618 31.0029H13.652V33.1177V33.1164ZM15.4095 29.2759C15.4095 28.7505 15.076 28.5044 14.5824 28.5044H13.652V30.0461H14.5824C15.0747 30.0461 15.4095 29.8 15.4095 29.2746V29.2759Z" fill="black"></path><path d="M17.0981 29.0139H18.084V29.6345C18.3222 29.1899 18.7682 28.9503 19.2843 28.9503C19.5464 28.9503 19.7687 29.0139 19.9209 29.133L19.5874 29.968C19.4524 29.8966 19.3095 29.8569 19.1507 29.8569C18.5856 29.8569 18.0854 30.3015 18.0854 31.4793V33.1177H17.0994V29.0152L17.0981 29.0139Z" fill="black"></path><path d="M20.9703 27.312C21.3356 27.312 21.6069 27.5899 21.6069 27.9485C21.6069 28.3072 21.3369 28.5851 20.9703 28.5851C20.6038 28.5851 20.3338 28.3072 20.3338 27.9485C20.3338 27.5899 20.6038 27.312 20.9703 27.312ZM21.4626 33.1164H20.4767V29.0139H21.4626V33.1164Z" fill="black"></path><path d="M22.2355 31.0651C22.2355 29.8251 23.0785 28.9503 24.3026 28.9503C25.1774 28.9503 25.8205 29.2997 26.1553 30.0713L25.2568 30.4762C25.0583 30.0792 24.7565 29.8555 24.3026 29.8555C23.6899 29.8555 23.2373 30.3399 23.2373 31.0638C23.2373 31.7877 23.6899 32.272 24.3026 32.272C24.7552 32.272 25.0583 32.0497 25.2568 31.6514L26.1553 32.0563C25.8219 32.8279 25.1774 33.1772 24.3026 33.1772C23.0785 33.1772 22.2355 32.3025 22.2355 31.0625V31.0651Z" fill="black"></path><path d="M30.5874 31.3827H27.5581C27.6693 32.0113 28.1153 32.3051 28.6473 32.3051C29.1316 32.3051 29.4109 32.0907 29.6808 31.7083L30.5159 32.1609C30.1348 32.7736 29.5617 33.1786 28.5917 33.1786C27.2167 33.1786 26.5484 32.0894 26.5484 31.0638C26.5484 30.0382 27.2723 28.949 28.5838 28.949C29.8952 28.949 30.5874 29.9667 30.5874 30.9765V31.3814V31.3827ZM29.5776 30.6033C29.5062 30.1586 29.1409 29.8079 28.5838 29.8079C28.1391 29.8079 27.7408 30.0938 27.5978 30.6033H29.5776V30.6033Z" fill="black"></path><path d="M31.0294 32.2416L31.7374 31.6448C31.9677 32.0577 32.2866 32.3051 32.7551 32.3051C33.0965 32.3051 33.3281 32.1463 33.3281 31.8922C33.3281 31.6381 33.0105 31.4952 32.4613 31.343C31.785 31.1604 31.253 30.7713 31.253 30.1507C31.253 29.4665 31.8975 28.9503 32.7154 28.9503C33.4472 28.9503 33.876 29.3156 34.1142 29.7139L33.4776 30.2631C33.2553 29.9058 32.9602 29.7933 32.7061 29.7933C32.3726 29.7933 32.1728 29.9442 32.1728 30.1189C32.1728 30.365 32.3951 30.4762 33.0634 30.6522C33.7397 30.8269 34.2796 31.1855 34.2796 31.8922C34.2796 32.5989 33.7225 33.1799 32.6902 33.1799C31.9028 33.1799 31.3311 32.8464 31.0281 32.2416H31.0294Z" fill="black"></path><path d="M23.5046 47.8549H24.2007C24.3979 47.8549 24.4045 47.8443 24.3609 47.6498C24.2643 47.2263 24.1796 46.8015 24.0724 46.382C24.0155 46.161 24.0287 46.0207 24.2391 45.8579C24.7473 45.4675 24.7658 44.7013 24.3212 44.2315C23.8792 43.7643 23.1288 43.763 22.6855 44.2275C22.2395 44.696 22.2514 45.4636 22.7609 45.854C22.9898 46.0286 22.9925 46.1822 22.9237 46.4018C22.9171 46.423 22.9118 46.4429 22.9078 46.464C22.8165 46.8743 22.7238 47.2859 22.6339 47.6961C22.6021 47.8443 22.614 47.8562 22.7715 47.8562C23.0163 47.8562 23.2611 47.8562 23.506 47.8562M23.4954 41.1361C24.2179 41.1361 24.9392 41.1334 25.6604 41.1374C25.7689 41.1374 25.8166 41.1096 25.8139 40.9932C25.8086 40.62 25.8139 40.2454 25.81 39.8723C25.806 39.5771 25.7517 39.29 25.634 39.0187C25.1602 37.9229 24.0406 37.3803 22.88 37.6807C22.0357 37.8991 21.329 38.668 21.2337 39.5374C21.1808 40.0139 21.2072 40.4982 21.1914 40.9786C21.1874 41.1056 21.235 41.1387 21.3568 41.1387C22.0701 41.1334 22.7834 41.1361 23.4967 41.1361M23.4967 50.6023C22.217 50.6023 20.9359 50.6023 19.6562 50.6023C18.6849 50.6023 17.9186 50.0041 17.699 49.0592C17.6619 48.903 17.654 48.735 17.654 48.5735C17.6513 46.7856 17.6566 44.9977 17.65 43.2112C17.6473 42.4899 17.9028 41.9037 18.4943 41.4815C18.8132 41.2539 19.1758 41.1427 19.5689 41.1374C19.7396 41.1348 19.7383 41.1321 19.7396 40.9627C19.7436 40.5035 19.7198 40.0403 19.7595 39.5851C19.9408 37.4822 21.7631 35.9683 23.862 36.1549C25.7584 36.3243 27.2578 37.96 27.2617 39.867C27.2617 40.2282 27.2617 40.5895 27.2617 40.9495C27.2617 41.1321 27.2617 41.1308 27.4457 41.1387C28.2159 41.1731 28.7796 41.5357 29.1436 42.212C29.3024 42.5071 29.3513 42.8274 29.3513 43.1595C29.3513 44.9779 29.3553 46.7949 29.3513 48.6132C29.3487 49.5965 28.732 50.3601 27.7845 50.5639C27.6429 50.5943 27.4946 50.6023 27.3491 50.6023C26.0641 50.6049 24.7804 50.6036 23.4954 50.6036" fill="black"></path></svg><p class="styled__StyledBodyText-sc-119w3hf-5 ggtTyf styled__DarkGreyBodyText-sc-9yzfq2-2 lmkdDf">Low Everyday Price</p></div></div></div></div><div class="styles__StyledBuyBoxWrapper-dvv1wj-4 dSvjUC"><div class="styles__StyledBuyBoxContainer-sc-1wx0qp6-0 erryje" data-auto="buybox-container"><div class="styles__SafeFormWrapper-jtpu2t-0 lcrYKS"><form action="https://www.tesco.com/groceries/en-GB/trolley/items/284044093?_method=PUT" method="POST"><input type="submit" class="hidden"><input name="id" type="hidden" value="284044093"><input name="identifier" type="hidden" value="Page"><input name="anchorId" type="hidden" value="#tile-284044093"><input name="returnUrl" type="hidden" value="/groceries/en-GB/shop/pets/all?redirectIfUnavailable=true#tile-284044093"><input name="backToUrl" type="hidden" value="#"><input name="oldValue" type="hidden" value="0"><input name="oldUnitChoice" type="hidden" value="pcs"><input name="newUnitChoice" type="hidden" value="pcs"><div class="base-components__RootElement-sc-1mosoyj-1 styled__Container-sc-6nhkzi-0 jptQqM hSNpTb beans-buybox__container"><div class="base-components__BaseElement-sc-1mosoyj-0 styled__PriceAndActions-sc-6nhkzi-3 oznwo eEPLov beans-buybox__price-and-actions"><div class="base-components__RootElement-sc-1mosoyj-1 styled__Container-sc-8qlq5b-0 jptQqM bgZrjw styled__StyledPrice-sc-6nhkzi-5 iYHeik beans-buybox__price beans-price__container"><p class="styled__StyledHeading-sc-119w3hf-2 jWPEtj styled__Text-sc-8qlq5b-1 lnaeiZ beans-price__text">£1.75</p><p class="styled__StyledFootnote-sc-119w3hf-7 icrlVF styled__Subtext-sc-8qlq5b-2 bNJmdc beans-price__subtext">£5.84/kg</p></div><div class="base-components__RootElement-sc-1mosoyj-1 styled__Container-vtxwzb-0 jptQqM bDFhXJ beans-buybox__actions beans-quantity-controls__container"><div class="base-components__RootElement-sc-1mosoyj-1 styled__Container-sc-16t2b2a-0 jptQqM PUfgZ styled__StyledFormGroup-vtxwzb-1 kzKuAr beans-quantity-controls__form-group beans-form-group__container"><label class="styled__StyledLabel-sc-1ttuvhr-0 izGEjV beans-form-group__label beans-label" for="quantity-controls-284044093">Quantity controls </label><div class="base-components__BaseElement-sc-1mosoyj-0 styled__Children-sc-16t2b2a-3 oznwo gdJvjO beans-form-group__children"><div class="styled__StyledQuantityControlWrapper-vtxwzb-6 LCxOg"><label id="quantity-controls-284044093-label" class="styled__VisuallyHiddenLabel-vtxwzb-7 gXlLiM">Quantity of Gourmet Mon Petit Fish Selection 6X50g</label><div class="component__Wrapper-sc-1kpmik-3 dReplG input-wrapper"><input class="base-components__RootElement-sc-1mosoyj-1 styled__StyledInput-sc-1jd5f57-0 component__StyledAsInput-sc-1kpmik-4 jptQqM eJLlow styled__StyledInput-vtxwzb-3 lwMHo beans-quantity-controls__input beans-input" data-auto="beans-quantity-controls-input" autocomplete="off" id="quantity-controls-284044093" maxlength="2" name="newValue" type="number" aria-labelledby="quantity-controls-284044093-label" value="1"></div></div><button class="styled__BaseButton-rsekm1-0 styled__PrimaryButton-rsekm1-2 jChbeY geeWOF styled__StyledButton-vtxwzb-5 japAxb beans-quantity-controls__add-button beans-button__container" type="submit" data-auto="beans-quantity-controls-add-button" aria-label="Quantity of Gourmet Mon Petit Fish Selection 6X50g"><span class="base-components__BaseElement-sc-1mosoyj-0 styled__InnerContainer-rsekm1-1 oznwo fuFres beans-button__inner-container"><span class="base-components__BaseElement-sc-1mosoyj-0 styled__TextSpan-rsekm1-4 oznwo GDiMp beans-button__text">Add</span></span></button></div></div></div></div></div><input name="_csrf" type="hidden" value="0WbpBJF9-cS-fAMl-ByHnl5hECj1JaZiBQ20"></form></div></div></div></div><div class="hidden-medium product-info-section-small"><div class="product-info-message-list"><ul><li><div data-auto="info-message" class="product-info-message"><p>£5 off £20 or more shop on selected Petcare items. Coupon deducted from total basket after Clubcard Prices applied. Enter eCoupon code GRKLHH at checkout (case sensitive). T&amp;Cs apply. Valid on orders collected or delivered between 16/11/22 - 06/12/22</p></div></li></ul><div class="styled__WhiteBackground-sc-9yzfq2-1 jthPIJ"><svg width="56" height="61" viewBox="0 0 56 61" fill="none" xmlns="http://www.w3.org/2000/svg"><path d="M30.8759 45.8182C40.0086 42.7996 46.6572 34.3312 46.9801 24.2629H47V23.502V22.7397H46.9801C46.5765 10.112 36.2237 0 23.4993 0C10.5209 0 0 10.5209 0 23.4993C0 33.8972 6.75323 42.7162 16.1109 45.8142L16.1294 42.8684C13.3741 41.8189 10.9007 40.1978 8.8508 38.1492C5.099 34.3961 2.78308 29.2256 2.78308 23.4993C2.78308 17.7744 5.10032 12.6039 8.8508 8.84947C12.6039 5.09768 17.7744 2.78175 23.5007 2.78175C29.2256 2.78175 34.3961 5.09768 38.1505 8.84947C41.9023 12.6026 44.2182 17.7731 44.2182 23.4993C44.2182 29.2256 41.901 34.3948 38.1505 38.1492C36.1033 40.1952 33.6338 41.815 30.8838 42.8644L30.8772 45.8182H30.8759Z" fill="#EE1C2E"></path><path d="M9.82217 16.0368C10.5434 14.6962 11.4566 13.472 12.5245 12.4041C15.3354 9.59453 19.2116 7.85825 23.4994 7.85825C27.7871 7.85825 31.6633 9.59453 34.4742 12.4041C35.5435 13.4734 36.4553 14.6962 37.1765 16.0368H38.6256C35.8995 10.4309 30.1507 6.56662 23.498 6.56662C16.8454 6.56662 11.0966 10.4309 8.37042 16.0368H9.81952H9.82217Z" fill="black"></path><path d="M38.2419 28.245C37.4743 30.5728 36.1694 32.6571 34.4742 34.3537C32.8385 35.9881 30.8428 37.2599 28.6142 38.038C28.605 38.0407 28.5825 38.0394 28.5878 38.0473C28.773 38.3278 28.7836 39.3429 28.7836 39.3429C33.9567 37.6318 38.0142 33.4763 39.593 28.245H38.2419Z" fill="black"></path><path d="M12.5245 34.3537C10.4322 32.2601 8.9355 29.5763 8.30822 26.5722H6.99409C8.14941 32.5791 12.4994 37.4491 18.2085 39.3416C18.2111 39.3416 18.2177 39.3482 18.2177 39.3442C18.2627 38.2286 18.3898 38.0394 18.3898 38.0394C18.3818 38.0367 18.3726 38.0341 18.3646 38.0301C16.144 37.2519 14.1536 35.9828 12.5232 34.3524L12.5245 34.3537Z" fill="black"></path><path d="M17.6645 15.8727H20.1062V16.8335H16.623V11.2289H17.6645V15.8727Z" fill="black"></path><path d="M20.527 13.6745C20.7031 13.3516 20.9532 13.0975 21.2761 12.9136C21.599 12.7296 21.9682 12.637 22.3851 12.637C22.8019 12.637 23.1712 12.7296 23.4941 12.9136C23.817 13.0975 24.0658 13.3516 24.2431 13.6745C24.4191 13.9974 24.5065 14.3614 24.5065 14.7676C24.5065 15.1739 24.4191 15.5379 24.2431 15.8608C24.0671 16.1837 23.817 16.4364 23.4941 16.6217C23.1712 16.8057 22.8019 16.897 22.3851 16.897C21.9682 16.897 21.599 16.8057 21.2761 16.6217C20.9532 16.4378 20.7031 16.1837 20.527 15.8608C20.351 15.5379 20.2637 15.1739 20.2637 14.7676C20.2637 14.3614 20.351 13.9974 20.527 13.6745ZM21.5805 15.6477C21.7856 15.8727 22.0542 15.9838 22.3851 15.9838C22.7159 15.9838 22.9846 15.8713 23.1897 15.6477C23.3948 15.424 23.498 15.1303 23.498 14.7676C23.498 14.405 23.3948 14.1112 23.1897 13.8876C22.9846 13.6639 22.7159 13.5515 22.3851 13.5515C22.0542 13.5515 21.7856 13.6639 21.5805 13.8876C21.3753 14.1112 21.2721 14.405 21.2721 14.7676C21.2721 15.1303 21.3753 15.424 21.5805 15.6477Z" fill="black"></path><path d="M29.1687 16.8334H28.208L27.5119 14.1271L26.8158 16.8334H25.855L24.566 12.7018H25.5347L26.3182 15.4082L27.0315 12.7018H27.9923L28.7056 15.4082L29.489 12.7018H30.4577L29.1687 16.8334Z" fill="black"></path><path d="M8.61654 18.931H5.58202V20.4026H8.01572V21.6042H5.58202V23.5377H8.71579V24.738H4.27981V17.7294H8.61654V18.931Z" fill="black"></path><path d="M8.73168 19.5715H9.9836L11.2051 23.0269L12.4266 19.5715H13.6785L11.7662 24.738H10.644L8.73168 19.5715Z" fill="black"></path><path d="M18.7126 22.5558H14.8973C14.9635 22.9369 15.121 23.2254 15.3684 23.4226C15.6159 23.6198 15.9163 23.7177 16.2697 23.7177C16.5635 23.7177 16.8083 23.6555 17.0055 23.5324C17.2027 23.4093 17.3906 23.2201 17.5719 22.966L18.6226 23.5377C18.3686 23.9519 18.047 24.2682 17.6566 24.4892C17.2662 24.7089 16.7805 24.8201 16.1995 24.8201C15.6517 24.8201 15.1832 24.6917 14.7928 24.435C14.4024 24.1782 14.1099 23.8461 13.9167 23.4385C13.7235 23.0322 13.6269 22.6047 13.6269 22.1574C13.6269 21.7101 13.7288 21.2827 13.9326 20.8764C14.1364 20.4688 14.4315 20.1366 14.8192 19.8799C15.207 19.6231 15.6636 19.4948 16.1916 19.4948C16.7196 19.4948 17.1828 19.6152 17.5626 19.8547C17.9438 20.0956 18.2296 20.4106 18.4241 20.801C18.6174 21.1914 18.714 21.6069 18.714 22.0476V22.5584L18.7126 22.5558ZM17.4409 21.5751C17.3945 21.2813 17.2582 21.0418 17.0346 20.8539C16.8109 20.6673 16.5291 20.5733 16.1889 20.5733C15.9018 20.5733 15.645 20.662 15.4174 20.838C15.1911 21.0153 15.0336 21.2602 14.9463 21.5738H17.4395L17.4409 21.5751Z" fill="black"></path><path d="M19.3849 19.5715H20.6263V20.3523C20.7732 20.0718 20.9809 19.8587 21.2469 19.7118C21.5142 19.5649 21.8107 19.4921 22.1376 19.4921C22.4644 19.4921 22.745 19.5689 22.9382 19.7224L22.5174 20.7732C22.344 20.6805 22.1601 20.6329 21.9668 20.6329C21.5791 20.6329 21.2588 20.7996 21.0061 21.1331C20.752 21.4666 20.6249 21.9814 20.6249 22.6749V24.738H19.3836V19.5715H19.3849Z" fill="black"></path><path d="M24.8518 24.4178L22.9792 19.5715H24.2312L25.4434 22.8562L26.5841 19.5715H27.8255L25.1827 26.7813H23.981L24.8518 24.4178Z" fill="black"></path><path d="M28.8074 24.4786C28.4607 24.251 28.1881 23.9347 27.9909 23.5271C27.7937 23.1195 27.6958 22.663 27.6958 22.1548C27.6958 21.6466 27.7911 21.1821 27.9816 20.7785C28.1722 20.3748 28.4369 20.0585 28.7783 19.8322C29.1184 19.6059 29.5088 19.4921 29.9495 19.4921C30.2962 19.4921 30.6006 19.5543 30.86 19.6774C31.1207 19.8005 31.3205 19.9765 31.4608 20.2028V17.65H32.7021V24.7393H31.4608V24.1187C31.3139 24.3251 31.1141 24.4945 30.86 24.6242C30.6059 24.7539 30.3055 24.8201 29.9588 24.8201C29.5379 24.8201 29.1541 24.7063 28.8074 24.48V24.4786ZM31.1763 23.2664C31.4198 22.9925 31.5415 22.6219 31.5415 22.1548C31.5415 21.6876 31.4198 21.3171 31.1763 21.0431C30.9328 20.7692 30.6271 20.6329 30.2605 20.6329C29.8939 20.6329 29.5882 20.7705 29.3447 21.0431C29.1012 21.3171 28.9795 21.6876 28.9795 22.1548C28.9795 22.6219 29.1012 22.9925 29.3447 23.2664C29.5882 23.5404 29.8939 23.6767 30.2605 23.6767C30.6271 23.6767 30.9328 23.5404 31.1763 23.2664Z" fill="black"></path><path d="M34.2624 24.6388C33.9951 24.5183 33.782 24.3437 33.6219 24.1134C33.4618 23.8831 33.3824 23.6079 33.3824 23.2876C33.3824 22.7807 33.5729 22.3718 33.9527 22.0608C34.3339 21.7511 34.8473 21.595 35.4945 21.595H36.6061V21.415C36.6061 21.1543 36.5161 20.9465 36.3361 20.789C36.1562 20.6329 35.9127 20.5535 35.6056 20.5535C35.3582 20.5535 35.1345 20.6183 34.9347 20.7493C34.7349 20.879 34.584 21.0312 34.4834 21.2046L33.5319 20.6342C33.7119 20.3073 33.9792 20.0347 34.3325 19.8177C34.6859 19.6006 35.1094 19.4921 35.6043 19.4921C36.3123 19.4921 36.8629 19.6615 37.2559 20.003C37.6503 20.3431 37.8461 20.834 37.8461 21.4746V24.7393H36.8245L36.6538 24.079C36.487 24.3066 36.2753 24.4866 36.0172 24.6189C35.7605 24.7526 35.4574 24.8187 35.1107 24.8187C34.8103 24.8187 34.5271 24.7592 34.2598 24.6388H34.2624ZM36.2607 23.457C36.491 23.2572 36.6061 23.0097 36.6061 22.7159V22.5756H35.6255C35.3383 22.5756 35.1094 22.6312 34.94 22.741C34.7693 22.8509 34.6846 23.0031 34.6846 23.1963C34.6846 23.3763 34.7468 23.5152 34.8698 23.6118C34.9929 23.7084 35.1755 23.7574 35.4151 23.7574C35.7486 23.7574 36.0304 23.6568 36.2607 23.457V23.457Z" fill="black"></path><path d="M39.7571 24.4178L37.8845 19.5715H39.1364L40.3473 22.8562L41.4894 19.5715H42.7308L40.088 26.7813H38.8863L39.7571 24.4178Z" fill="black"></path><path d="M13.652 33.1164H12.6185V27.5515H14.6618C15.7985 27.5515 16.4589 28.3072 16.4589 29.2772C16.4589 30.2473 15.7985 31.0029 14.6618 31.0029H13.652V33.1177V33.1164ZM15.4095 29.2759C15.4095 28.7505 15.076 28.5044 14.5824 28.5044H13.652V30.0461H14.5824C15.0747 30.0461 15.4095 29.8 15.4095 29.2746V29.2759Z" fill="black"></path><path d="M17.0981 29.0139H18.084V29.6345C18.3222 29.1899 18.7682 28.9503 19.2843 28.9503C19.5464 28.9503 19.7687 29.0139 19.9209 29.133L19.5874 29.968C19.4524 29.8966 19.3095 29.8569 19.1507 29.8569C18.5856 29.8569 18.0854 30.3015 18.0854 31.4793V33.1177H17.0994V29.0152L17.0981 29.0139Z" fill="black"></path><path d="M20.9703 27.312C21.3356 27.312 21.6069 27.5899 21.6069 27.9485C21.6069 28.3072 21.3369 28.5851 20.9703 28.5851C20.6038 28.5851 20.3338 28.3072 20.3338 27.9485C20.3338 27.5899 20.6038 27.312 20.9703 27.312ZM21.4626 33.1164H20.4767V29.0139H21.4626V33.1164Z" fill="black"></path><path d="M22.2355 31.0651C22.2355 29.8251 23.0785 28.9503 24.3026 28.9503C25.1774 28.9503 25.8205 29.2997 26.1553 30.0713L25.2568 30.4762C25.0583 30.0792 24.7565 29.8555 24.3026 29.8555C23.6899 29.8555 23.2373 30.3399 23.2373 31.0638C23.2373 31.7877 23.6899 32.272 24.3026 32.272C24.7552 32.272 25.0583 32.0497 25.2568 31.6514L26.1553 32.0563C25.8219 32.8279 25.1774 33.1772 24.3026 33.1772C23.0785 33.1772 22.2355 32.3025 22.2355 31.0625V31.0651Z" fill="black"></path><path d="M30.5874 31.3827H27.5581C27.6693 32.0113 28.1153 32.3051 28.6473 32.3051C29.1316 32.3051 29.4109 32.0907 29.6808 31.7083L30.5159 32.1609C30.1348 32.7736 29.5617 33.1786 28.5917 33.1786C27.2167 33.1786 26.5484 32.0894 26.5484 31.0638C26.5484 30.0382 27.2723 28.949 28.5838 28.949C29.8952 28.949 30.5874 29.9667 30.5874 30.9765V31.3814V31.3827ZM29.5776 30.6033C29.5062 30.1586 29.1409 29.8079 28.5838 29.8079C28.1391 29.8079 27.7408 30.0938 27.5978 30.6033H29.5776V30.6033Z" fill="black"></path><path d="M31.0294 32.2416L31.7374 31.6448C31.9677 32.0577 32.2866 32.3051 32.7551 32.3051C33.0965 32.3051 33.3281 32.1463 33.3281 31.8922C33.3281 31.6381 33.0105 31.4952 32.4613 31.343C31.785 31.1604 31.253 30.7713 31.253 30.1507C31.253 29.4665 31.8975 28.9503 32.7154 28.9503C33.4472 28.9503 33.876 29.3156 34.1142 29.7139L33.4776 30.2631C33.2553 29.9058 32.9602 29.7933 32.7061 29.7933C32.3726 29.7933 32.1728 29.9442 32.1728 30.1189C32.1728 30.365 32.3951 30.4762 33.0634 30.6522C33.7397 30.8269 34.2796 31.1855 34.2796 31.8922C34.2796 32.5989 33.7225 33.1799 32.6902 33.1799C31.9028 33.1799 31.3311 32.8464 31.0281 32.2416H31.0294Z" fill="black"></path><path d="M23.5046 47.8549H24.2007C24.3979 47.8549 24.4045 47.8443 24.3609 47.6498C24.2643 47.2263 24.1796 46.8015 24.0724 46.382C24.0155 46.161 24.0287 46.0207 24.2391 45.8579C24.7473 45.4675 24.7658 44.7013 24.3212 44.2315C23.8792 43.7643 23.1288 43.763 22.6855 44.2275C22.2395 44.696 22.2514 45.4636 22.7609 45.854C22.9898 46.0286 22.9925 46.1822 22.9237 46.4018C22.9171 46.423 22.9118 46.4429 22.9078 46.464C22.8165 46.8743 22.7238 47.2859 22.6339 47.6961C22.6021 47.8443 22.614 47.8562 22.7715 47.8562C23.0163 47.8562 23.2611 47.8562 23.506 47.8562M23.4954 41.1361C24.2179 41.1361 24.9392 41.1334 25.6604 41.1374C25.7689 41.1374 25.8166 41.1096 25.8139 40.9932C25.8086 40.62 25.8139 40.2454 25.81 39.8723C25.806 39.5771 25.7517 39.29 25.634 39.0187C25.1602 37.9229 24.0406 37.3803 22.88 37.6807C22.0357 37.8991 21.329 38.668 21.2337 39.5374C21.1808 40.0139 21.2072 40.4982 21.1914 40.9786C21.1874 41.1056 21.235 41.1387 21.3568 41.1387C22.0701 41.1334 22.7834 41.1361 23.4967 41.1361M23.4967 50.6023C22.217 50.6023 20.9359 50.6023 19.6562 50.6023C18.6849 50.6023 17.9186 50.0041 17.699 49.0592C17.6619 48.903 17.654 48.735 17.654 48.5735C17.6513 46.7856 17.6566 44.9977 17.65 43.2112C17.6473 42.4899 17.9028 41.9037 18.4943 41.4815C18.8132 41.2539 19.1758 41.1427 19.5689 41.1374C19.7396 41.1348 19.7383 41.1321 19.7396 40.9627C19.7436 40.5035 19.7198 40.0403 19.7595 39.5851C19.9408 37.4822 21.7631 35.9683 23.862 36.1549C25.7584 36.3243 27.2578 37.96 27.2617 39.867C27.2617 40.2282 27.2617 40.5895 27.2617 40.9495C27.2617 41.1321 27.2617 41.1308 27.4457 41.1387C28.2159 41.1731 28.7796 41.5357 29.1436 42.212C29.3024 42.5071 29.3513 42.8274 29.3513 43.1595C29.3513 44.9779 29.3553 46.7949 29.3513 48.6132C29.3487 49.5965 28.732 50.3601 27.7845 50.5639C27.6429 50.5943 27.4946 50.6023 27.3491 50.6023C26.0641 50.6049 24.7804 50.6036 23.4954 50.6036" fill="black"></path></svg><p class="styled__StyledBodyText-sc-119w3hf-5 ggtTyf styled__DarkGreyBodyText-sc-9yzfq2-2 lmkdDf">Low Everyday Price</p></div></div></div></div></div></div></div></li><li class="product-list--list-item"><div class="styles__StyledVerticalTileWrapper-dvv1wj-0 dtCNPH"><div data-auto="product-tile" data-auto-type="Quantity" data-auto-available="true" data-auto-is-restricted-disabled="false" data-auto-is-substitute="false" class="styles__StyledVerticalTile-dvv1wj-1 gSCsYK"><div class="styles__StyledTileContentWrapper-dvv1wj-2 bkNhNP beans"><div id="tile-273668293" data-auto-id="273668293" class="styles__StyledTiledContent-dvv1wj-3 bcglTg"><a href="https://www.tesco.com/groceries/en-GB/products/273668293" aria-hidden="true" class="product-image-wrapper" tabindex="1"><div class="product-image__container"><picture><img class="styled__Image-sjvkdn-0 bJErKA product-image beans-responsive-image__image" src="data:image/gif;base64,R0lGODlhAQABAAAAACH5BAEKAAEALAAAAAABAAEAAAICTAEAOw==" srcset="https://digitalcontent.api.tesco.com/v2/media/ghs/9c837c0f-1871-4582-bc52-41d38bef22e3/68e3a3e0-a326-4312-89ba-1ae80bd2f08c.jpeg?h=225&amp;w=225 768w, data:image/gif;base64,R0lGODlhAQABAAAAACH5BAEKAAEALAAAAAABAAEAAAICTAEAOw== 4000w" alt="Tesco Meaty Treats With Chicken Beef &amp; Liver 135G"></picture></div></a><div class="product-details--wrapper"><h3 class="styles__H3-oa5soe-0 bCKNNq"><a href="https://www.tesco.com/groceries/en-GB/products/273668293" class="styled__Anchor-sc-1xbujuz-0 csVOnh beans-link__anchor" data-auto="product-tile--title"><span class="styled__Text-sc-1xbujuz-1 ldbwMG beans-link__text">Tesco Meaty Treats With Chicken Beef &amp; Liver 135G</span></a></h3><div class="styles__StyledPromotionsAboveMobile-dvv1wj-7 iPTMuo"></div><div class="styles__StyledProductDetailsContent-dvv1wj-5 ddRSrq"><a href="https://www.tesco.com/groceries/en-GB/reviews/submission/273668293?from=%2Fshop%2Fpets%2Fall" aria-label="Write a review for Tesco Meaty Treats With Chicken Beef &amp; Liver 135G" class="styled__Anchor-sc-1xbujuz-0 jSzuDt write-a-review-link beans-link__anchor" data-auto="review-link"><span class="styled__Text-sc-1xbujuz-1 fyDIEo beans-link__text">Write a review</span><span class="styled__IconContainer-sc-1xbujuz-2 bSauSL beans-link__icon-container"><svg aria-hidden="true" class="styled__SVG-xxa4wh-1 hQMCqc beans-link__icon beans-icon__svg" height="13.33" preserveAspectRatio="xMinYMax meet" viewBox="-1 0 12 20" width="8" xmlns="http://www.w3.org/2000/svg" color="currentColor"><path d="M1.312 1.348L10.276 10l-8.964 8.644" fill="none" stroke="currentColor"></path></svg></span></a><div><a href="https://www.tesco.com/groceries/en-GB/shop/pets/dog-food-and-accessories/dog-treats-dental-chews-and-biscuits/dog-treats" class="styled__Anchor-sc-1xbujuz-0 jSzuDt rest-of-shelf-link beans-link__anchor" data-auto="rest-of-shelf-link"><span class="styled__Text-sc-1xbujuz-1 fyDIEo beans-link__text">Rest of <span class="visually-hidden">Dog Treats</span> shelf</span><span class="styled__IconContainer-sc-1xbujuz-2 bSauSL beans-link__icon-container"><svg aria-hidden="true" class="styled__SVG-xxa4wh-1 hQMCqc beans-link__icon beans-icon__svg" height="13.33" preserveAspectRatio="xMinYMax meet" viewBox="-1 0 12 20" width="8" xmlns="http://www.w3.org/2000/svg" color="currentColor"><path d="M1.312 1.348L10.276 10l-8.964 8.644" fill="none" stroke="currentColor"></path></svg></span></a></div><div class="product-info-message-section"><div class="product-info-message-list"></div></div></div><div class="styles__StyledBuyBoxWrapper-dvv1wj-4 dSvjUC"><div class="styles__StyledBuyBoxContainer-sc-1wx0qp6-0 erryje" data-auto="buybox-container"><div class="styles__SafeFormWrapper-jtpu2t-0 lcrYKS"><form action="https://www.tesco.com/groceries/en-GB/trolley/items/273668293?_method=PUT" method="POST"><input type="submit" class="hidden"><input name="id" type="hidden" value="273668293"><input name="identifier" type="hidden" value="Page"><input name="anchorId" type="hidden" value="#tile-273668293"><input name="returnUrl" type="hidden" value="/groceries/en-GB/shop/pets/all?redirectIfUnavailable=true#tile-273668293"><input name="backToUrl" type="hidden" value="#"><input name="oldValue" type="hidden" value="0"><input name="oldUnitChoice" type="hidden" value="pcs"><input name="newUnitChoice" type="hidden" value="pcs"><div class="base-components__RootElement-sc-1mosoyj-1 styled__Container-sc-6nhkzi-0 jptQqM hSNpTb beans-buybox__container"><div class="base-components__BaseElement-sc-1mosoyj-0 styled__PriceAndActions-sc-6nhkzi-3 oznwo eEPLov beans-buybox__price-and-actions"><div class="base-components__RootElement-sc-1mosoyj-1 styled__Container-sc-8qlq5b-0 jptQqM bgZrjw styled__StyledPrice-sc-6nhkzi-5 iYHeik beans-buybox__price beans-price__container"><p class="styled__StyledHeading-sc-119w3hf-2 jWPEtj styled__Text-sc-8qlq5b-1 lnaeiZ beans-price__text">£1.15</p><p class="styled__StyledFootnote-sc-119w3hf-7 icrlVF styled__Subtext-sc-8qlq5b-2 bNJmdc beans-price__subtext">£8.52/kg</p></div><div class="base-components__RootElement-sc-1mosoyj-1 styled__Container-vtxwzb-0 jptQqM bDFhXJ beans-buybox__actions beans-quantity-controls__container"><div class="base-components__RootElement-sc-1mosoyj-1 styled__Container-sc-16t2b2a-0 jptQqM PUfgZ styled__StyledFormGroup-vtxwzb-1 kzKuAr beans-quantity-controls__form-group beans-form-group__container"><label class="styled__StyledLabel-sc-1ttuvhr-0 izGEjV beans-form-group__label beans-label" for="quantity-controls-273668293">Quantity controls </label><div class="base-components__BaseElement-sc-1mosoyj-0 styled__Children-sc-16t2b2a-3 oznwo gdJvjO beans-form-group__children"><div class="styled__StyledQuantityControlWrapper-vtxwzb-6 LCxOg"><label id="quantity-controls-273668293-label" class="styled__VisuallyHiddenLabel-vtxwzb-7 gXlLiM">Quantity of Tesco Meaty Treats With Chicken Beef &amp; Liver 135G</label><div class="component__Wrapper-sc-1kpmik-3 dReplG input-wrapper"><input class="base-components__RootElement-sc-1mosoyj-1 styled__StyledInput-sc-1jd5f57-0 component__StyledAsInput-sc-1kpmik-4 jptQqM eJLlow styled__StyledInput-vtxwzb-3 lwMHo beans-quantity-controls__input beans-input" data-auto="beans-quantity-controls-input" autocomplete="off" id="quantity-controls-273668293" maxlength="2" name="newValue" type="number" aria-labelledby="quantity-controls-273668293-label" value="1"></div></div><button class="styled__BaseButton-rsekm1-0 styled__PrimaryButton-rsekm1-2 jChbeY geeWOF styled__StyledButton-vtxwzb-5 japAxb beans-quantity-controls__add-button beans-button__container" type="submit" data-auto="beans-quantity-controls-add-button" aria-label="Quantity of Tesco Meaty Treats With Chicken Beef &amp; Liver 135G"><span class="base-components__BaseElement-sc-1mosoyj-0 styled__InnerContainer-rsekm1-1 oznwo fuFres beans-button__inner-container"><span class="base-components__BaseElement-sc-1mosoyj-0 styled__TextSpan-rsekm1-4 oznwo GDiMp beans-button__text">Add</span></span></button></div></div></div></div></div><input name="_csrf" type="hidden" value="0WbpBJF9-cS-fAMl-ByHnl5hECj1JaZiBQ20"></form></div></div></div></div><div class="hidden-medium product-info-section-small"><div class="product-info-message-list"></div></div></div></div></div></div></li><li class="product-list--list-item"><div class="styles__StyledVerticalTileWrapper-dvv1wj-0 dtCNPH"><div data-auto="product-tile" data-auto-type="Quantity" data-auto-available="true" data-auto-is-restricted-disabled="false" data-auto-is-substitute="false" class="styles__StyledVerticalTile-dvv1wj-1 gSCsYK"><div class="styles__StyledTileContentWrapper-dvv1wj-2 bkNhNP beans"><div id="tile-260278411" data-auto-id="260278411" class="styles__StyledTiledContent-dvv1wj-3 bcglTg"><a href="https://www.tesco.com/groceries/en-GB/products/260278411" aria-hidden="true" class="product-image-wrapper" tabindex="1"><div class="product-image__container"><picture><img class="styled__Image-sjvkdn-0 bJErKA product-image beans-responsive-image__image" src="data:image/gif;base64,R0lGODlhAQABAAAAACH5BAEKAAEALAAAAAABAAEAAAICTAEAOw==" srcset="https://digitalcontent.api.tesco.com/v2/media/ghs/97c84bbf-fa3f-4576-8836-5abadb011153/bf97f9b2-d280-4345-8e57-24408011d3b1.jpeg?h=225&amp;w=225 768w, data:image/gif;base64,R0lGODlhAQABAAAAACH5BAEKAAEALAAAAAABAAEAAAICTAEAOw== 4000w" alt="Tesco 4 Sausages Treats With Beef &amp; Game 70G"></picture></div></a><div class="product-details--wrapper"><h3 class="styles__H3-oa5soe-0 bCKNNq"><a href="https://www.tesco.com/groceries/en-GB/products/260278411" class="styled__Anchor-sc-1xbujuz-0 csVOnh beans-link__anchor" data-auto="product-tile--title"><span class="styled__Text-sc-1xbujuz-1 ldbwMG beans-link__text">Tesco 4 Sausages Treats With Beef &amp; Game 70G</span></a></h3><div class="styles__StyledPromotionsAboveMobile-dvv1wj-7 iPTMuo"></div><div class="styles__StyledProductDetailsContent-dvv1wj-5 ddRSrq"><a href="https://www.tesco.com/groceries/en-GB/reviews/submission/260278411?from=%2Fshop%2Fpets%2Fall" aria-label="Write a review for Tesco 4 Sausages Treats With Beef &amp; Game 70G" class="styled__Anchor-sc-1xbujuz-0 jSzuDt write-a-review-link beans-link__anchor" data-auto="review-link"><span class="styled__Text-sc-1xbujuz-1 fyDIEo beans-link__text">Write a review</span><span class="styled__IconContainer-sc-1xbujuz-2 bSauSL beans-link__icon-container"><svg aria-hidden="true" class="styled__SVG-xxa4wh-1 hQMCqc beans-link__icon beans-icon__svg" height="13.33" preserveAspectRatio="xMinYMax meet" viewBox="-1 0 12 20" width="8" xmlns="http://www.w3.org/2000/svg" color="currentColor"><path d="M1.312 1.348L10.276 10l-8.964 8.644" fill="none" stroke="currentColor"></path></svg></span></a><div><a href="https://www.tesco.com/groceries/en-GB/shop/pets/dog-food-and-accessories/dog-treats-dental-chews-and-biscuits/dog-treats" class="styled__Anchor-sc-1xbujuz-0 jSzuDt rest-of-shelf-link beans-link__anchor" data-auto="rest-of-shelf-link"><span class="styled__Text-sc-1xbujuz-1 fyDIEo beans-link__text">Rest of <span class="visually-hidden">Dog Treats</span> shelf</span><span class="styled__IconContainer-sc-1xbujuz-2 bSauSL beans-link__icon-container"><svg aria-hidden="true" class="styled__SVG-xxa4wh-1 hQMCqc beans-link__icon beans-icon__svg" height="13.33" preserveAspectRatio="xMinYMax meet" viewBox="-1 0 12 20" width="8" xmlns="http://www.w3.org/2000/svg" color="currentColor"><path d="M1.312 1.348L10.276 10l-8.964 8.644" fill="none" stroke="currentColor"></path></svg></span></a></div><div class="product-info-message-section"><div class="product-info-message-list"></div></div></div><div class="styles__StyledBuyBoxWrapper-dvv1wj-4 dSvjUC"><div class="styles__StyledBuyBoxContainer-sc-1wx0qp6-0 erryje" data-auto="buybox-container"><div class="styles__SafeFormWrapper-jtpu2t-0 lcrYKS"><form action="https://www.tesco.com/groceries/en-GB/trolley/items/260278411?_method=PUT" method="POST"><input type="submit" class="hidden"><input name="id" type="hidden" value="260278411"><input name="identifier" type="hidden" value="Page"><input name="anchorId" type="hidden" value="#tile-260278411"><input name="returnUrl" type="hidden" value="/groceries/en-GB/shop/pets/all?redirectIfUnavailable=true#tile-260278411"><input name="backToUrl" type="hidden" value="#"><input name="oldValue" type="hidden" value="0"><input name="oldUnitChoice" type="hidden" value="pcs"><input name="newUnitChoice" type="hidden" value="pcs"><div class="base-components__RootElement-sc-1mosoyj-1 styled__Container-sc-6nhkzi-0 jptQqM hSNpTb beans-buybox__container"><div class="base-components__BaseElement-sc-1mosoyj-0 styled__PriceAndActions-sc-6nhkzi-3 oznwo eEPLov beans-buybox__price-and-actions"><div class="base-components__RootElement-sc-1mosoyj-1 styled__Container-sc-8qlq5b-0 jptQqM bgZrjw styled__StyledPrice-sc-6nhkzi-5 iYHeik beans-buybox__price beans-price__container"><p class="styled__StyledHeading-sc-119w3hf-2 jWPEtj styled__Text-sc-8qlq5b-1 lnaeiZ beans-price__text">£1.20</p><p class="styled__StyledFootnote-sc-119w3hf-7 icrlVF styled__Subtext-sc-8qlq5b-2 bNJmdc beans-price__subtext">£17.15/kg</p></div><div class="base-components__RootElement-sc-1mosoyj-1 styled__Container-vtxwzb-0 jptQqM bDFhXJ beans-buybox__actions beans-quantity-controls__container"><div class="base-components__RootElement-sc-1mosoyj-1 styled__Container-sc-16t2b2a-0 jptQqM PUfgZ styled__StyledFormGroup-vtxwzb-1 kzKuAr beans-quantity-controls__form-group beans-form-group__container"><label class="styled__StyledLabel-sc-1ttuvhr-0 izGEjV beans-form-group__label beans-label" for="quantity-controls-260278411">Quantity controls </label><div class="base-components__BaseElement-sc-1mosoyj-0 styled__Children-sc-16t2b2a-3 oznwo gdJvjO beans-form-group__children"><div class="styled__StyledQuantityControlWrapper-vtxwzb-6 LCxOg"><label id="quantity-controls-260278411-label" class="styled__VisuallyHiddenLabel-vtxwzb-7 gXlLiM">Quantity of Tesco 4 Sausages Treats With Beef &amp; Game 70G</label><div class="component__Wrapper-sc-1kpmik-3 dReplG input-wrapper"><input class="base-components__RootElement-sc-1mosoyj-1 styled__StyledInput-sc-1jd5f57-0 component__StyledAsInput-sc-1kpmik-4 jptQqM eJLlow styled__StyledInput-vtxwzb-3 lwMHo beans-quantity-controls__input beans-input" data-auto="beans-quantity-controls-input" autocomplete="off" id="quantity-controls-260278411" maxlength="2" name="newValue" type="number" aria-labelledby="quantity-controls-260278411-label" value="1"></div></div><button class="styled__BaseButton-rsekm1-0 styled__PrimaryButton-rsekm1-2 jChbeY geeWOF styled__StyledButton-vtxwzb-5 japAxb beans-quantity-controls__add-button beans-button__container" type="submit" data-auto="beans-quantity-controls-add-button" aria-label="Quantity of Tesco 4 Sausages Treats With Beef &amp; Game 70G"><span class="base-components__BaseElement-sc-1mosoyj-0 styled__InnerContainer-rsekm1-1 oznwo fuFres beans-button__inner-container"><span class="base-components__BaseElement-sc-1mosoyj-0 styled__TextSpan-rsekm1-4 oznwo GDiMp beans-button__text">Add</span></span></button></div></div></div></div></div><input name="_csrf" type="hidden" value="0WbpBJF9-cS-fAMl-ByHnl5hECj1JaZiBQ20"></form></div></div></div></div><div class="hidden-medium product-info-section-small"><div class="product-info-message-list"></div></div></div></div></div></div></li><li class="product-list--list-item"><div class="styles__StyledVerticalTileWrapper-dvv1wj-0 dtCNPH"><div data-auto="product-tile" data-auto-type="Quantity" data-auto-available="true" data-auto-is-restricted-disabled="false" data-auto-is-substitute="false" class="styles__StyledVerticalTile-dvv1wj-1 gSCsYK"><div class="styles__StyledTileContentWrapper-dvv1wj-2 bkNhNP beans"><div id="tile-273668212" data-auto-id="273668212" class="styles__StyledTiledContent-dvv1wj-3 bcglTg"><a href="https://www.tesco.com/groceries/en-GB/products/273668212" aria-hidden="true" class="product-image-wrapper" tabindex="1"><div class="product-image__container"><picture><img class="styled__Image-sjvkdn-0 bJErKA product-image beans-responsive-image__image" src="data:image/gif;base64,R0lGODlhAQABAAAAACH5BAEKAAEALAAAAAABAAEAAAICTAEAOw==" srcset="https://digitalcontent.api.tesco.com/v2/media/ghs/1de91b50-3efc-42cf-b4de-93f1fadd9f1e/a4fe6133-ff8c-48bd-8653-e300b0a18de2.jpeg?h=225&amp;w=225 768w, data:image/gif;base64,R0lGODlhAQABAAAAACH5BAEKAAEALAAAAAABAAEAAAICTAEAOw== 4000w" alt="Tesco 7 Dental Sticks Smaller Dogs 110G"></picture></div></a><div class="product-details--wrapper"><h3 class="styles__H3-oa5soe-0 bCKNNq"><a href="https://www.tesco.com/groceries/en-GB/products/273668212" class="styled__Anchor-sc-1xbujuz-0 csVOnh beans-link__anchor" data-auto="product-tile--title"><span class="styled__Text-sc-1xbujuz-1 ldbwMG beans-link__text">Tesco 7 Dental Sticks Smaller Dogs 110G</span></a></h3><div class="styles__StyledPromotionsAboveMobile-dvv1wj-7 iPTMuo"></div><div class="styles__StyledProductDetailsContent-dvv1wj-5 ddRSrq"><a href="https://www.tesco.com/groceries/en-GB/reviews/submission/273668212?from=%2Fshop%2Fpets%2Fall" aria-label="Write a review for Tesco 7 Dental Sticks Smaller Dogs 110G" class="styled__Anchor-sc-1xbujuz-0 jSzuDt write-a-review-link beans-link__anchor" data-auto="review-link"><span class="styled__Text-sc-1xbujuz-1 fyDIEo beans-link__text">Write a review</span><span class="styled__IconContainer-sc-1xbujuz-2 bSauSL beans-link__icon-container"><svg aria-hidden="true" class="styled__SVG-xxa4wh-1 hQMCqc beans-link__icon beans-icon__svg" height="13.33" preserveAspectRatio="xMinYMax meet" viewBox="-1 0 12 20" width="8" xmlns="http://www.w3.org/2000/svg" color="currentColor"><path d="M1.312 1.348L10.276 10l-8.964 8.644" fill="none" stroke="currentColor"></path></svg></span></a><div><a href="https://www.tesco.com/groceries/en-GB/shop/pets/dog-food-and-accessories/small-dog-food/small-dog-treats-and-chews" class="styled__Anchor-sc-1xbujuz-0 jSzuDt rest-of-shelf-link beans-link__anchor" data-auto="rest-of-shelf-link"><span class="styled__Text-sc-1xbujuz-1 fyDIEo beans-link__text">Rest of <span class="visually-hidden">Small Dog Treats &amp; Chews</span> shelf</span><span class="styled__IconContainer-sc-1xbujuz-2 bSauSL beans-link__icon-container"><svg aria-hidden="true" class="styled__SVG-xxa4wh-1 hQMCqc beans-link__icon beans-icon__svg" height="13.33" preserveAspectRatio="xMinYMax meet" viewBox="-1 0 12 20" width="8" xmlns="http://www.w3.org/2000/svg" color="currentColor"><path d="M1.312 1.348L10.276 10l-8.964 8.644" fill="none" stroke="currentColor"></path></svg></span></a></div><div class="product-info-message-section"><div class="product-info-message-list"></div></div></div><div class="styles__StyledBuyBoxWrapper-dvv1wj-4 dSvjUC"><div class="styles__StyledBuyBoxContainer-sc-1wx0qp6-0 erryje" data-auto="buybox-container"><div class="styles__SafeFormWrapper-jtpu2t-0 lcrYKS"><form action="https://www.tesco.com/groceries/en-GB/trolley/items/273668212?_method=PUT" method="POST"><input type="submit" class="hidden"><input name="id" type="hidden" value="273668212"><input name="identifier" type="hidden" value="Page"><input name="anchorId" type="hidden" value="#tile-273668212"><input name="returnUrl" type="hidden" value="/groceries/en-GB/shop/pets/all?redirectIfUnavailable=true#tile-273668212"><input name="backToUrl" type="hidden" value="#"><input name="oldValue" type="hidden" value="0"><input name="oldUnitChoice" type="hidden" value="pcs"><input name="newUnitChoice" type="hidden" value="pcs"><div class="base-components__RootElement-sc-1mosoyj-1 styled__Container-sc-6nhkzi-0 jptQqM hSNpTb beans-buybox__container"><div class="base-components__BaseElement-sc-1mosoyj-0 styled__PriceAndActions-sc-6nhkzi-3 oznwo eEPLov beans-buybox__price-and-actions"><div class="base-components__RootElement-sc-1mosoyj-1 styled__Container-sc-8qlq5b-0 jptQqM bgZrjw styled__StyledPrice-sc-6nhkzi-5 iYHeik beans-buybox__price beans-price__container"><p class="styled__StyledHeading-sc-119w3hf-2 jWPEtj styled__Text-sc-8qlq5b-1 lnaeiZ beans-price__text">£0.90</p><p class="styled__StyledFootnote-sc-119w3hf-7 icrlVF styled__Subtext-sc-8qlq5b-2 bNJmdc beans-price__subtext">£8.19/kg</p></div><div class="base-components__RootElement-sc-1mosoyj-1 styled__Container-vtxwzb-0 jptQqM bDFhXJ beans-buybox__actions beans-quantity-controls__container"><div class="base-components__RootElement-sc-1mosoyj-1 styled__Container-sc-16t2b2a-0 jptQqM PUfgZ styled__StyledFormGroup-vtxwzb-1 kzKuAr beans-quantity-controls__form-group beans-form-group__container"><label class="styled__StyledLabel-sc-1ttuvhr-0 izGEjV beans-form-group__label beans-label" for="quantity-controls-273668212">Quantity controls </label><div class="base-components__BaseElement-sc-1mosoyj-0 styled__Children-sc-16t2b2a-3 oznwo gdJvjO beans-form-group__children"><div class="styled__StyledQuantityControlWrapper-vtxwzb-6 LCxOg"><label id="quantity-controls-273668212-label" class="styled__VisuallyHiddenLabel-vtxwzb-7 gXlLiM">Quantity of Tesco 7 Dental Sticks Smaller Dogs 110G</label><div class="component__Wrapper-sc-1kpmik-3 dReplG input-wrapper"><input class="base-components__RootElement-sc-1mosoyj-1 styled__StyledInput-sc-1jd5f57-0 component__StyledAsInput-sc-1kpmik-4 jptQqM eJLlow styled__StyledInput-vtxwzb-3 lwMHo beans-quantity-controls__input beans-input" data-auto="beans-quantity-controls-input" autocomplete="off" id="quantity-controls-273668212" maxlength="2" name="newValue" type="number" aria-labelledby="quantity-controls-273668212-label" value="1"></div></div><button class="styled__BaseButton-rsekm1-0 styled__PrimaryButton-rsekm1-2 jChbeY geeWOF styled__StyledButton-vtxwzb-5 japAxb beans-quantity-controls__add-button beans-button__container" type="submit" data-auto="beans-quantity-controls-add-button" aria-label="Quantity of Tesco 7 Dental Sticks Smaller Dogs 110G"><span class="base-components__BaseElement-sc-1mosoyj-0 styled__InnerContainer-rsekm1-1 oznwo fuFres beans-button__inner-container"><span class="base-components__BaseElement-sc-1mosoyj-0 styled__TextSpan-rsekm1-4 oznwo GDiMp beans-button__text">Add</span></span></button></div></div></div></div></div><input name="_csrf" type="hidden" value="0WbpBJF9-cS-fAMl-ByHnl5hECj1JaZiBQ20"></form></div></div></div></div><div class="hidden-medium product-info-section-small"><div class="product-info-message-list"></div></div></div></div></div></div></li><li class="product-list--list-item"><div class="styles__StyledVerticalTileWrapper-dvv1wj-0 dtCNPH"><div data-auto="product-tile" data-auto-type="Quantity" data-auto-available="true" data-auto-is-restricted-disabled="false" data-auto-is-substitute="false" class="styles__StyledVerticalTile-dvv1wj-1 gSCsYK"><div class="styles__StyledTileContentWrapper-dvv1wj-2 bkNhNP beans"><div id="tile-305833930" data-auto-id="305833930" class="styles__StyledTiledContent-dvv1wj-3 bcglTg"><a href="https://www.tesco.com/groceries/en-GB/products/305833930" aria-hidden="true" class="product-image-wrapper" tabindex="1"><div class="product-image__container"><picture><img class="styled__Image-sjvkdn-0 bJErKA product-image beans-responsive-image__image" src="data:image/gif;base64,R0lGODlhAQABAAAAACH5BAEKAAEALAAAAAABAAEAAAICTAEAOw==" srcset="https://digitalcontent.api.tesco.com/v2/media/ghs/df4fb93a-bcb3-4ffe-b149-c0b25bb5694b/e5abb9f3-d92c-4976-abaa-435f3cdb0664_716312867.jpeg?h=225&amp;w=225 768w, data:image/gif;base64,R0lGODlhAQABAAAAACH5BAEKAAEALAAAAAABAAEAAAICTAEAOw== 4000w" alt="Tesco Milk For Milk For Cats 200Ml"></picture></div></a><div class="product-details--wrapper"><h3 class="styles__H3-oa5soe-0 bCKNNq"><a href="https://www.tesco.com/groceries/en-GB/products/305833930" class="styled__Anchor-sc-1xbujuz-0 csVOnh beans-link__anchor" data-auto="product-tile--title"><span class="styled__Text-sc-1xbujuz-1 ldbwMG beans-link__text">Tesco Milk For Milk For Cats 200Ml</span></a></h3><div class="styles__StyledPromotionsAboveMobile-dvv1wj-7 iPTMuo"></div><div class="styles__StyledProductDetailsContent-dvv1wj-5 ddRSrq"><a href="https://www.tesco.com/groceries/en-GB/reviews/submission/305833930?from=%2Fshop%2Fpets%2Fall" aria-label="Write a review for Tesco Milk For Milk For Cats 200Ml" class="styled__Anchor-sc-1xbujuz-0 jSzuDt write-a-review-link beans-link__anchor" data-auto="review-link"><span class="styled__Text-sc-1xbujuz-1 fyDIEo beans-link__text">Write a review</span><span class="styled__IconContainer-sc-1xbujuz-2 bSauSL beans-link__icon-container"><svg aria-hidden="true" class="styled__SVG-xxa4wh-1 hQMCqc beans-link__icon beans-icon__svg" height="13.33" preserveAspectRatio="xMinYMax meet" viewBox="-1 0 12 20" width="8" xmlns="http://www.w3.org/2000/svg" color="currentColor"><path d="M1.312 1.348L10.276 10l-8.964 8.644" fill="none" stroke="currentColor"></path></svg></span></a><div><a href="https://www.tesco.com/groceries/en-GB/shop/pets/cat-food-and-accessories/cat-treats-and-cat-milk/cat-and-kitten-milk" class="styled__Anchor-sc-1xbujuz-0 jSzuDt rest-of-shelf-link beans-link__anchor" data-auto="rest-of-shelf-link"><span class="styled__Text-sc-1xbujuz-1 fyDIEo beans-link__text">Rest of <span class="visually-hidden">Cat &amp; Kitten Milk</span> shelf</span><span class="styled__IconContainer-sc-1xbujuz-2 bSauSL beans-link__icon-container"><svg aria-hidden="true" class="styled__SVG-xxa4wh-1 hQMCqc beans-link__icon beans-icon__svg" height="13.33" preserveAspectRatio="xMinYMax meet" viewBox="-1 0 12 20" width="8" xmlns="http://www.w3.org/2000/svg" color="currentColor"><path d="M1.312 1.348L10.276 10l-8.964 8.644" fill="none" stroke="currentColor"></path></svg></span></a></div><div class="product-info-message-section"><div class="product-info-message-list"></div></div></div><div class="styles__StyledBuyBoxWrapper-dvv1wj-4 dSvjUC"><div class="styles__StyledBuyBoxContainer-sc-1wx0qp6-0 erryje" data-auto="buybox-container"><div class="styles__SafeFormWrapper-jtpu2t-0 lcrYKS"><form action="https://www.tesco.com/groceries/en-GB/trolley/items/305833930?_method=PUT" method="POST"><input type="submit" class="hidden"><input name="id" type="hidden" value="305833930"><input name="identifier" type="hidden" value="Page"><input name="anchorId" type="hidden" value="#tile-305833930"><input name="returnUrl" type="hidden" value="/groceries/en-GB/shop/pets/all?redirectIfUnavailable=true#tile-305833930"><input name="backToUrl" type="hidden" value="#"><input name="oldValue" type="hidden" value="0"><input name="oldUnitChoice" type="hidden" value="pcs"><input name="newUnitChoice" type="hidden" value="pcs"><div class="base-components__RootElement-sc-1mosoyj-1 styled__Container-sc-6nhkzi-0 jptQqM hSNpTb beans-buybox__container"><div class="base-components__BaseElement-sc-1mosoyj-0 styled__PriceAndActions-sc-6nhkzi-3 oznwo eEPLov beans-buybox__price-and-actions"><div class="base-components__RootElement-sc-1mosoyj-1 styled__Container-sc-8qlq5b-0 jptQqM bgZrjw styled__StyledPrice-sc-6nhkzi-5 iYHeik beans-buybox__price beans-price__container"><p class="styled__StyledHeading-sc-119w3hf-2 jWPEtj styled__Text-sc-8qlq5b-1 lnaeiZ beans-price__text">£0.75</p><p class="styled__StyledFootnote-sc-119w3hf-7 icrlVF styled__Subtext-sc-8qlq5b-2 bNJmdc beans-price__subtext">£3.75/litre</p></div><div class="base-components__RootElement-sc-1mosoyj-1 styled__Container-vtxwzb-0 jptQqM bDFhXJ beans-buybox__actions beans-quantity-controls__container"><div class="base-components__RootElement-sc-1mosoyj-1 styled__Container-sc-16t2b2a-0 jptQqM PUfgZ styled__StyledFormGroup-vtxwzb-1 kzKuAr beans-quantity-controls__form-group beans-form-group__container"><label class="styled__StyledLabel-sc-1ttuvhr-0 izGEjV beans-form-group__label beans-label" for="quantity-controls-305833930">Quantity controls </label><div class="base-components__BaseElement-sc-1mosoyj-0 styled__Children-sc-16t2b2a-3 oznwo gdJvjO beans-form-group__children"><div class="styled__StyledQuantityControlWrapper-vtxwzb-6 LCxOg"><label id="quantity-controls-305833930-label" class="styled__VisuallyHiddenLabel-vtxwzb-7 gXlLiM">Quantity of Tesco Milk For Milk For Cats 200Ml</label><div class="component__Wrapper-sc-1kpmik-3 dReplG input-wrapper"><input class="base-components__RootElement-sc-1mosoyj-1 styled__StyledInput-sc-1jd5f57-0 component__StyledAsInput-sc-1kpmik-4 jptQqM eJLlow styled__StyledInput-vtxwzb-3 lwMHo beans-quantity-controls__input beans-input" data-auto="beans-quantity-controls-input" autocomplete="off" id="quantity-controls-305833930" maxlength="2" name="newValue" type="number" aria-labelledby="quantity-controls-305833930-label" value="1"></div></div><button class="styled__BaseButton-rsekm1-0 styled__PrimaryButton-rsekm1-2 jChbeY geeWOF styled__StyledButton-vtxwzb-5 japAxb beans-quantity-controls__add-button beans-button__container" type="submit" data-auto="beans-quantity-controls-add-button" aria-label="Quantity of Tesco Milk For Milk For Cats 200Ml"><span class="base-components__BaseElement-sc-1mosoyj-0 styled__InnerContainer-rsekm1-1 oznwo fuFres beans-button__inner-container"><span class="base-components__BaseElement-sc-1mosoyj-0 styled__TextSpan-rsekm1-4 oznwo GDiMp beans-button__text">Add</span></span></button></div></div></div></div></div><input name="_csrf" type="hidden" value="0WbpBJF9-cS-fAMl-ByHnl5hECj1JaZiBQ20"></form></div></div></div></div><div class="hidden-medium product-info-section-small"><div class="product-info-message-list"></div></div></div></div></div></div></li><li class="product-list--list-item"><div class="styles__StyledVerticalTileWrapper-dvv1wj-0 dtCNPH"><div data-auto="product-tile" data-auto-type="Quantity" data-auto-available="true" data-auto-is-restricted-disabled="false" data-auto-is-substitute="false" class="styles__StyledVerticalTile-dvv1wj-1 gSCsYK"><div class="styles__StyledTileContentWrapper-dvv1wj-2 bkNhNP beans"><div id="tile-264387039" data-auto-id="264387039" class="styles__StyledTiledContent-dvv1wj-3 bcglTg"><a href="https://www.tesco.com/groceries/en-GB/products/264387039" aria-hidden="true" class="product-image-wrapper" tabindex="1"><div class="product-image__container"><picture><img class="styled__Image-sjvkdn-0 bJErKA product-image beans-responsive-image__image" src="data:image/gif;base64,R0lGODlhAQABAAAAACH5BAEKAAEALAAAAAABAAEAAAICTAEAOw==" srcset="https://digitalcontent.api.tesco.com/v2/media/ghs/b37b0547-d59f-410e-af53-63b1dccef953/e74cc197-c213-4741-92ba-97bc9b11ed19_1732551092.jpeg?h=225&amp;w=225 768w, data:image/gif;base64,R0lGODlhAQABAAAAACH5BAEKAAEALAAAAAABAAEAAAICTAEAOw== 4000w" alt="Dreamies Cat Treats With Chicken 60G"></picture></div></a><div class="product-details--wrapper"><h3 class="styles__H3-oa5soe-0 bCKNNq"><a href="https://www.tesco.com/groceries/en-GB/products/264387039" class="styled__Anchor-sc-1xbujuz-0 csVOnh beans-link__anchor" data-auto="product-tile--title"><span class="styled__Text-sc-1xbujuz-1 ldbwMG beans-link__text">Dreamies Cat Treats With Chicken 60G</span></a></h3><div class="styles__StyledProductDetailsContent-dvv1wj-5 ddRSrq"><a href="https://www.tesco.com/groceries/en-GB/reviews/submission/264387039?from=%2Fshop%2Fpets%2Fall" aria-label="Write a review for Dreamies Cat Treats With Chicken 60G" class="styled__Anchor-sc-1xbujuz-0 jSzuDt write-a-review-link beans-link__anchor" data-auto="review-link"><span class="styled__Text-sc-1xbujuz-1 fyDIEo beans-link__text">Write a review</span><span class="styled__IconContainer-sc-1xbujuz-2 bSauSL beans-link__icon-container"><svg aria-hidden="true" class="styled__SVG-xxa4wh-1 hQMCqc beans-link__icon beans-icon__svg" height="13.33" preserveAspectRatio="xMinYMax meet" viewBox="-1 0 12 20" width="8" xmlns="http://www.w3.org/2000/svg" color="currentColor"><path d="M1.312 1.348L10.276 10l-8.964 8.644" fill="none" stroke="currentColor"></path></svg></span></a><div><a href="https://www.tesco.com/groceries/en-GB/shop/pets/cat-food-and-accessories/cat-treats-and-cat-milk/cat-treats" class="styled__Anchor-sc-1xbujuz-0 jSzuDt rest-of-shelf-link beans-link__anchor" data-auto="rest-of-shelf-link"><span class="styled__Text-sc-1xbujuz-1 fyDIEo beans-link__text">Rest of <span class="visually-hidden">Cat Treats</span> shelf</span><span class="styled__IconContainer-sc-1xbujuz-2 bSauSL beans-link__icon-container"><svg aria-hidden="true" class="styled__SVG-xxa4wh-1 hQMCqc beans-link__icon beans-icon__svg" height="13.33" preserveAspectRatio="xMinYMax meet" viewBox="-1 0 12 20" width="8" xmlns="http://www.w3.org/2000/svg" color="currentColor"><path d="M1.312 1.348L10.276 10l-8.964 8.644" fill="none" stroke="currentColor"></path></svg></span></a></div><div class="product-info-message-section"><div class="product-info-message-list"></div></div></div><div class="styles__StyledPromotionsWithBuyBoxWrapper-dvv1wj-8 cZskDh"><div class="styles__StyledPromotionsAboveMobile-dvv1wj-7 iPTMuo"><div class="styles__StyledPromotionsWithClubcardPriceContainer-sc-1vdpoop-0 bsPFbn"><div class="styles__StyledClubcardLogo-sc-1vdpoop-2 elOZEB"><div class="styles__Wrapper-sc-1d2phhy-0 hgBuQG undefined special-offer-sash"><span class="styles__CircleWrapper-sc-1d2phhy-2 hCbzjm"><strong class="styles__TextWrapper-sc-1d2phhy-1 bLXNGg">Clubcard Price</strong></span></div></div><a href="https://www.tesco.com/groceries/en-GB/promotions/88597379"><div class="styles__ProductPromotionStyling-sc-1vdpoop-3 WGKAK"><div class="styles__StyledPromotionsOfferContent-sc-1vdpoop-1 cPSekc"><span class="offer-text">Any 2 for £2 Clubcard Price - Selected Pedigree Or Dreamies Cat And Dog Treats 60g - 180g</span></div><span class="dates">Offer valid for delivery from 17/10/2022 until 27/11/2022</span></div></a></div></div><div class="styles__StyledBuyBoxWrapper-dvv1wj-4 dSvjUC"><div class="styles__StyledBuyBoxContainer-sc-1wx0qp6-0 erryje" data-auto="buybox-container"><div class="styles__SafeFormWrapper-jtpu2t-0 lcrYKS"><form action="https://www.tesco.com/groceries/en-GB/trolley/items/264387039?_method=PUT" method="POST"><input type="submit" class="hidden"><input name="id" type="hidden" value="264387039"><input name="identifier" type="hidden" value="Page"><input name="anchorId" type="hidden" value="#tile-264387039"><input name="returnUrl" type="hidden" value="/groceries/en-GB/shop/pets/all?redirectIfUnavailable=true#tile-264387039"><input name="backToUrl" type="hidden" value="#"><input name="oldValue" type="hidden" value="0"><input name="oldUnitChoice" type="hidden" value="pcs"><input name="newUnitChoice" type="hidden" value="pcs"><div class="base-components__RootElement-sc-1mosoyj-1 styled__Container-sc-6nhkzi-0 jptQqM hSNpTb beans-buybox__container"><div class="base-components__BaseElement-sc-1mosoyj-0 styled__PriceAndActions-sc-6nhkzi-3 oznwo eEPLov beans-buybox__price-and-actions"><div class="base-components__RootElement-sc-1mosoyj-1 styled__Container-sc-8qlq5b-0 jptQqM bgZrjw styled__StyledPrice-sc-6nhkzi-5 iYHeik beans-buybox__price beans-price__container"><p class="styled__StyledHeading-sc-119w3hf-2 jWPEtj styled__Text-sc-8qlq5b-1 lnaeiZ beans-price__text">£1.30</p><p class="styled__StyledFootnote-sc-119w3hf-7 icrlVF styled__Subtext-sc-8qlq5b-2 bNJmdc beans-price__subtext">£21.67/kg</p></div><div class="base-components__RootElement-sc-1mosoyj-1 styled__Container-vtxwzb-0 jptQqM bDFhXJ beans-buybox__actions beans-quantity-controls__container"><div class="base-components__RootElement-sc-1mosoyj-1 styled__Container-sc-16t2b2a-0 jptQqM PUfgZ styled__StyledFormGroup-vtxwzb-1 kzKuAr beans-quantity-controls__form-group beans-form-group__container"><label class="styled__StyledLabel-sc-1ttuvhr-0 izGEjV beans-form-group__label beans-label" for="quantity-controls-264387039">Quantity controls </label><div class="base-components__BaseElement-sc-1mosoyj-0 styled__Children-sc-16t2b2a-3 oznwo gdJvjO beans-form-group__children"><div class="styled__StyledQuantityControlWrapper-vtxwzb-6 LCxOg"><label id="quantity-controls-264387039-label" class="styled__VisuallyHiddenLabel-vtxwzb-7 gXlLiM">Quantity of Dreamies Cat Treats With Chicken 60G</label><div class="component__Wrapper-sc-1kpmik-3 dReplG input-wrapper"><input class="base-components__RootElement-sc-1mosoyj-1 styled__StyledInput-sc-1jd5f57-0 component__StyledAsInput-sc-1kpmik-4 jptQqM eJLlow styled__StyledInput-vtxwzb-3 lwMHo beans-quantity-controls__input beans-input" data-auto="beans-quantity-controls-input" autocomplete="off" id="quantity-controls-264387039" maxlength="2" name="newValue" type="number" aria-labelledby="quantity-controls-264387039-label" value="1"></div></div><button class="styled__BaseButton-rsekm1-0 styled__PrimaryButton-rsekm1-2 jChbeY geeWOF styled__StyledButton-vtxwzb-5 japAxb beans-quantity-controls__add-button beans-button__container" type="submit" data-auto="beans-quantity-controls-add-button" aria-label="Quantity of Dreamies Cat Treats With Chicken 60G"><span class="base-components__BaseElement-sc-1mosoyj-0 styled__InnerContainer-rsekm1-1 oznwo fuFres beans-button__inner-container"><span class="base-components__BaseElement-sc-1mosoyj-0 styled__TextSpan-rsekm1-4 oznwo GDiMp beans-button__text">Add</span></span></button></div></div></div></div></div><input name="_csrf" type="hidden" value="0WbpBJF9-cS-fAMl-ByHnl5hECj1JaZiBQ20"></form></div></div></div></div></div><div class="hidden-medium product-info-section-small"><div class="product-info-message-list"></div></div></div><div class="styles__StyledPromotionsMobile-dvv1wj-6 Bxaeb"><div><div class="styles__StyledPromotionsWithClubcardPriceContainer-sc-1vdpoop-0 bsPFbn"><div class="styles__StyledClubcardLogo-sc-1vdpoop-2 elOZEB"><div class="styles__Wrapper-sc-1d2phhy-0 hgBuQG undefined special-offer-sash"><span class="styles__CircleWrapper-sc-1d2phhy-2 hCbzjm"><strong class="styles__TextWrapper-sc-1d2phhy-1 bLXNGg">Clubcard Price</strong></span></div></div><a href="https://www.tesco.com/groceries/en-GB/promotions/88597379"><div class="styles__ProductPromotionStyling-sc-1vdpoop-3 WGKAK"><div class="styles__StyledPromotionsOfferContent-sc-1vdpoop-1 cPSekc"><span class="offer-text">Any 2 for £2 Clubcard Price - Selected Pedigree Or Dreamies Cat And Dog Treats 60g - 180g</span></div><span class="dates">Offer valid for delivery from 17/10/2022 until 27/11/2022</span></div></a></div></div></div></div></div></div></li><li class="product-list--list-item"><div class="styles__StyledVerticalTileWrapper-dvv1wj-0 dtCNPH"><div data-auto="product-tile" data-auto-type="Quantity" data-auto-available="true" data-auto-is-restricted-disabled="false" data-auto-is-substitute="false" class="styles__StyledVerticalTile-dvv1wj-1 gSCsYK"><div class="styles__StyledTileContentWrapper-dvv1wj-2 bkNhNP beans"><div id="tile-264387379" data-auto-id="264387379" class="styles__StyledTiledContent-dvv1wj-3 bcglTg"><a href="https://www.tesco.com/groceries/en-GB/products/264387379" aria-hidden="true" class="product-image-wrapper" tabindex="1"><div class="product-image__container"><picture><img class="styled__Image-sjvkdn-0 bJErKA product-image beans-responsive-image__image" src="data:image/gif;base64,R0lGODlhAQABAAAAACH5BAEKAAEALAAAAAABAAEAAAICTAEAOw==" srcset="https://digitalcontent.api.tesco.com/v2/media/ghs/406e3ca3-8d5a-4477-9086-fc0d2fc18424/b6d1b055-d218-4a6c-919a-ef9d225d0211_894333719.jpeg?h=225&amp;w=225 768w, data:image/gif;base64,R0lGODlhAQABAAAAACH5BAEKAAEALAAAAAABAAEAAAICTAEAOw== 4000w" alt="Dreamies Cat Treats With Cheese 60G"></picture></div></a><div class="product-details--wrapper"><h3 class="styles__H3-oa5soe-0 bCKNNq"><a href="https://www.tesco.com/groceries/en-GB/products/264387379" class="styled__Anchor-sc-1xbujuz-0 csVOnh beans-link__anchor" data-auto="product-tile--title"><span class="styled__Text-sc-1xbujuz-1 ldbwMG beans-link__text">Dreamies Cat Treats With Cheese 60G</span></a></h3><div class="styles__StyledProductDetailsContent-dvv1wj-5 ddRSrq"><a href="https://www.tesco.com/groceries/en-GB/reviews/submission/264387379?from=%2Fshop%2Fpets%2Fall" aria-label="Write a review for Dreamies Cat Treats With Cheese 60G" class="styled__Anchor-sc-1xbujuz-0 jSzuDt write-a-review-link beans-link__anchor" data-auto="review-link"><span class="styled__Text-sc-1xbujuz-1 fyDIEo beans-link__text">Write a review</span><span class="styled__IconContainer-sc-1xbujuz-2 bSauSL beans-link__icon-container"><svg aria-hidden="true" class="styled__SVG-xxa4wh-1 hQMCqc beans-link__icon beans-icon__svg" height="13.33" preserveAspectRatio="xMinYMax meet" viewBox="-1 0 12 20" width="8" xmlns="http://www.w3.org/2000/svg" color="currentColor"><path d="M1.312 1.348L10.276 10l-8.964 8.644" fill="none" stroke="currentColor"></path></svg></span></a><div><a href="https://www.tesco.com/groceries/en-GB/shop/pets/cat-food-and-accessories/cat-treats-and-cat-milk/cat-treats" class="styled__Anchor-sc-1xbujuz-0 jSzuDt rest-of-shelf-link beans-link__anchor" data-auto="rest-of-shelf-link"><span class="styled__Text-sc-1xbujuz-1 fyDIEo beans-link__text">Rest of <span class="visually-hidden">Cat Treats</span> shelf</span><span class="styled__IconContainer-sc-1xbujuz-2 bSauSL beans-link__icon-container"><svg aria-hidden="true" class="styled__SVG-xxa4wh-1 hQMCqc beans-link__icon beans-icon__svg" height="13.33" preserveAspectRatio="xMinYMax meet" viewBox="-1 0 12 20" width="8" xmlns="http://www.w3.org/2000/svg" color="currentColor"><path d="M1.312 1.348L10.276 10l-8.964 8.644" fill="none" stroke="currentColor"></path></svg></span></a></div><div class="product-info-message-section"><div class="product-info-message-list"></div></div></div><div class="styles__StyledPromotionsWithBuyBoxWrapper-dvv1wj-8 cZskDh"><div class="styles__StyledPromotionsAboveMobile-dvv1wj-7 iPTMuo"><div class="styles__StyledPromotionsWithClubcardPriceContainer-sc-1vdpoop-0 bsPFbn"><div class="styles__StyledClubcardLogo-sc-1vdpoop-2 elOZEB"><div class="styles__Wrapper-sc-1d2phhy-0 hgBuQG undefined special-offer-sash"><span class="styles__CircleWrapper-sc-1d2phhy-2 hCbzjm"><strong class="styles__TextWrapper-sc-1d2phhy-1 bLXNGg">Clubcard Price</strong></span></div></div><a href="https://www.tesco.com/groceries/en-GB/promotions/88597379"><div class="styles__ProductPromotionStyling-sc-1vdpoop-3 WGKAK"><div class="styles__StyledPromotionsOfferContent-sc-1vdpoop-1 cPSekc"><span class="offer-text">Any 2 for £2 Clubcard Price - Selected Pedigree Or Dreamies Cat And Dog Treats 60g - 180g</span></div><span class="dates">Offer valid for delivery from 17/10/2022 until 27/11/2022</span></div></a></div></div><div class="styles__StyledBuyBoxWrapper-dvv1wj-4 dSvjUC"><div class="styles__StyledBuyBoxContainer-sc-1wx0qp6-0 erryje" data-auto="buybox-container"><div class="styles__SafeFormWrapper-jtpu2t-0 lcrYKS"><form action="https://www.tesco.com/groceries/en-GB/trolley/items/264387379?_method=PUT" method="POST"><input type="submit" class="hidden"><input name="id" type="hidden" value="264387379"><input name="identifier" type="hidden" value="Page"><input name="anchorId" type="hidden" value="#tile-264387379"><input name="returnUrl" type="hidden" value="/groceries/en-GB/shop/pets/all?redirectIfUnavailable=true#tile-264387379"><input name="backToUrl" type="hidden" value="#"><input name="oldValue" type="hidden" value="0"><input name="oldUnitChoice" type="hidden" value="pcs"><input name="newUnitChoice" type="hidden" value="pcs"><div class="base-components__RootElement-sc-1mosoyj-1 styled__Container-sc-6nhkzi-0 jptQqM hSNpTb beans-buybox__container"><div class="base-components__BaseElement-sc-1mosoyj-0 styled__PriceAndActions-sc-6nhkzi-3 oznwo eEPLov beans-buybox__price-and-actions"><div class="base-components__RootElement-sc-1mosoyj-1 styled__Container-sc-8qlq5b-0 jptQqM bgZrjw styled__StyledPrice-sc-6nhkzi-5 iYHeik beans-buybox__price beans-price__container"><p class="styled__StyledHeading-sc-119w3hf-2 jWPEtj styled__Text-sc-8qlq5b-1 lnaeiZ beans-price__text">£1.30</p><p class="styled__StyledFootnote-sc-119w3hf-7 icrlVF styled__Subtext-sc-8qlq5b-2 bNJmdc beans-price__subtext">£21.67/kg</p></div><div class="base-components__RootElement-sc-1mosoyj-1 styled__Container-vtxwzb-0 jptQqM bDFhXJ beans-buybox__actions beans-quantity-controls__container"><div class="base-components__RootElement-sc-1mosoyj-1 styled__Container-sc-16t2b2a-0 jptQqM PUfgZ styled__StyledFormGroup-vtxwzb-1 kzKuAr beans-quantity-controls__form-group beans-form-group__container"><label class="styled__StyledLabel-sc-1ttuvhr-0 izGEjV beans-form-group__label beans-label" for="quantity-controls-264387379">Quantity controls </label><div class="base-components__BaseElement-sc-1mosoyj-0 styled__Children-sc-16t2b2a-3 oznwo gdJvjO beans-form-group__children"><div class="styled__StyledQuantityControlWrapper-vtxwzb-6 LCxOg"><label id="quantity-controls-264387379-label" class="styled__VisuallyHiddenLabel-vtxwzb-7 gXlLiM">Quantity of Dreamies Cat Treats With Cheese 60G</label><div class="component__Wrapper-sc-1kpmik-3 dReplG input-wrapper"><input class="base-components__RootElement-sc-1mosoyj-1 styled__StyledInput-sc-1jd5f57-0 component__StyledAsInput-sc-1kpmik-4 jptQqM eJLlow styled__StyledInput-vtxwzb-3 lwMHo beans-quantity-controls__input beans-input" data-auto="beans-quantity-controls-input" autocomplete="off" id="quantity-controls-264387379" maxlength="2" name="newValue" type="number" aria-labelledby="quantity-controls-264387379-label" value="1"></div></div><button class="styled__BaseButton-rsekm1-0 styled__PrimaryButton-rsekm1-2 jChbeY geeWOF styled__StyledButton-vtxwzb-5 japAxb beans-quantity-controls__add-button beans-button__container" type="submit" data-auto="beans-quantity-controls-add-button" aria-label="Quantity of Dreamies Cat Treats With Cheese 60G"><span class="base-components__BaseElement-sc-1mosoyj-0 styled__InnerContainer-rsekm1-1 oznwo fuFres beans-button__inner-container"><span class="base-components__BaseElement-sc-1mosoyj-0 styled__TextSpan-rsekm1-4 oznwo GDiMp beans-button__text">Add</span></span></button></div></div></div></div></div><input name="_csrf" type="hidden" value="0WbpBJF9-cS-fAMl-ByHnl5hECj1JaZiBQ20"></form></div></div></div></div></div><div class="hidden-medium product-info-section-small"><div class="product-info-message-list"></div></div></div><div class="styles__StyledPromotionsMobile-dvv1wj-6 Bxaeb"><div><div class="styles__StyledPromotionsWithClubcardPriceContainer-sc-1vdpoop-0 bsPFbn"><div class="styles__StyledClubcardLogo-sc-1vdpoop-2 elOZEB"><div class="styles__Wrapper-sc-1d2phhy-0 hgBuQG undefined special-offer-sash"><span class="styles__CircleWrapper-sc-1d2phhy-2 hCbzjm"><strong class="styles__TextWrapper-sc-1d2phhy-1 bLXNGg">Clubcard Price</strong></span></div></div><a href="https://www.tesco.com/groceries/en-GB/promotions/88597379"><div class="styles__ProductPromotionStyling-sc-1vdpoop-3 WGKAK"><div class="styles__StyledPromotionsOfferContent-sc-1vdpoop-1 cPSekc"><span class="offer-text">Any 2 for £2 Clubcard Price - Selected Pedigree Or Dreamies Cat And Dog Treats 60g - 180g</span></div><span class="dates">Offer valid for delivery from 17/10/2022 until 27/11/2022</span></div></a></div></div></div></div></div></div></li><li class="product-list--list-item"><div class="styles__StyledVerticalTileWrapper-dvv1wj-0 dtCNPH"><div data-auto="product-tile" data-auto-type="Quantity" data-auto-available="true" data-auto-is-restricted-disabled="false" data-auto-is-substitute="false" class="styles__StyledVerticalTile-dvv1wj-1 gSCsYK"><div class="styles__StyledTileContentWrapper-dvv1wj-2 bkNhNP beans"><div id="tile-296983340" data-auto-id="296983340" class="styles__StyledTiledContent-dvv1wj-3 bcglTg"><a href="https://www.tesco.com/groceries/en-GB/products/296983340" aria-hidden="true" class="product-image-wrapper" tabindex="1"><div class="product-image__container"><picture><img class="styled__Image-sjvkdn-0 bJErKA product-image beans-responsive-image__image" src="data:image/gif;base64,R0lGODlhAQABAAAAACH5BAEKAAEALAAAAAABAAEAAAICTAEAOw==" srcset="https://digitalcontent.api.tesco.com/v2/media/ghs/328573cf-3bd9-49c7-90cb-7173a8804699/af3499d1-1f84-44cb-af43-a298aca9cea0_1123212960.jpeg?h=225&amp;w=225 768w, data:image/gif;base64,R0lGODlhAQABAAAAACH5BAEKAAEALAAAAAABAAEAAAICTAEAOw== 4000w" alt="Tesco 8 Twirl Stick Dog Treats With Chicken 140G"></picture></div></a><div class="product-details--wrapper"><h3 class="styles__H3-oa5soe-0 bCKNNq"><a href="https://www.tesco.com/groceries/en-GB/products/296983340" class="styled__Anchor-sc-1xbujuz-0 csVOnh beans-link__anchor" data-auto="product-tile--title"><span class="styled__Text-sc-1xbujuz-1 ldbwMG beans-link__text">Tesco 8 Twirl Stick Dog Treats With Chicken 140G</span></a></h3><div class="styles__StyledPromotionsAboveMobile-dvv1wj-7 iPTMuo"></div><div class="styles__StyledProductDetailsContent-dvv1wj-5 ddRSrq"><a href="https://www.tesco.com/groceries/en-GB/reviews/submission/296983340?from=%2Fshop%2Fpets%2Fall" aria-label="Write a review for Tesco 8 Twirl Stick Dog Treats With Chicken 140G" class="styled__Anchor-sc-1xbujuz-0 jSzuDt write-a-review-link beans-link__anchor" data-auto="review-link"><span class="styled__Text-sc-1xbujuz-1 fyDIEo beans-link__text">Write a review</span><span class="styled__IconContainer-sc-1xbujuz-2 bSauSL beans-link__icon-container"><svg aria-hidden="true" class="styled__SVG-xxa4wh-1 hQMCqc beans-link__icon beans-icon__svg" height="13.33" preserveAspectRatio="xMinYMax meet" viewBox="-1 0 12 20" width="8" xmlns="http://www.w3.org/2000/svg" color="currentColor"><path d="M1.312 1.348L10.276 10l-8.964 8.644" fill="none" stroke="currentColor"></path></svg></span></a><div><a href="https://www.tesco.com/groceries/en-GB/shop/pets/dog-food-and-accessories/dog-treats-dental-chews-and-biscuits/dog-treats" class="styled__Anchor-sc-1xbujuz-0 jSzuDt rest-of-shelf-link beans-link__anchor" data-auto="rest-of-shelf-link"><span class="styled__Text-sc-1xbujuz-1 fyDIEo beans-link__text">Rest of <span class="visually-hidden">Dog Treats</span> shelf</span><span class="styled__IconContainer-sc-1xbujuz-2 bSauSL beans-link__icon-container"><svg aria-hidden="true" class="styled__SVG-xxa4wh-1 hQMCqc beans-link__icon beans-icon__svg" height="13.33" preserveAspectRatio="xMinYMax meet" viewBox="-1 0 12 20" width="8" xmlns="http://www.w3.org/2000/svg" color="currentColor"><path d="M1.312 1.348L10.276 10l-8.964 8.644" fill="none" stroke="currentColor"></path></svg></span></a></div><div class="product-info-message-section"><div class="product-info-message-list"></div></div></div><div class="styles__StyledBuyBoxWrapper-dvv1wj-4 dSvjUC"><div class="styles__StyledBuyBoxContainer-sc-1wx0qp6-0 erryje" data-auto="buybox-container"><div class="styles__SafeFormWrapper-jtpu2t-0 lcrYKS"><form action="https://www.tesco.com/groceries/en-GB/trolley/items/296983340?_method=PUT" method="POST"><input type="submit" class="hidden"><input name="id" type="hidden" value="296983340"><input name="identifier" type="hidden" value="Page"><input name="anchorId" type="hidden" value="#tile-296983340"><input name="returnUrl" type="hidden" value="/groceries/en-GB/shop/pets/all?redirectIfUnavailable=true#tile-296983340"><input name="backToUrl" type="hidden" value="#"><input name="oldValue" type="hidden" value="0"><input name="oldUnitChoice" type="hidden" value="pcs"><input name="newUnitChoice" type="hidden" value="pcs"><div class="base-components__RootElement-sc-1mosoyj-1 styled__Container-sc-6nhkzi-0 jptQqM hSNpTb beans-buybox__container"><div class="base-components__BaseElement-sc-1mosoyj-0 styled__PriceAndActions-sc-6nhkzi-3 oznwo eEPLov beans-buybox__price-and-actions"><div class="base-components__RootElement-sc-1mosoyj-1 styled__Container-sc-8qlq5b-0 jptQqM bgZrjw styled__StyledPrice-sc-6nhkzi-5 iYHeik beans-buybox__price beans-price__container"><p class="styled__StyledHeading-sc-119w3hf-2 jWPEtj styled__Text-sc-8qlq5b-1 lnaeiZ beans-price__text">£1.15</p><p class="styled__StyledFootnote-sc-119w3hf-7 icrlVF styled__Subtext-sc-8qlq5b-2 bNJmdc beans-price__subtext">£8.22/kg</p></div><div class="base-components__RootElement-sc-1mosoyj-1 styled__Container-vtxwzb-0 jptQqM bDFhXJ beans-buybox__actions beans-quantity-controls__container"><div class="base-components__RootElement-sc-1mosoyj-1 styled__Container-sc-16t2b2a-0 jptQqM PUfgZ styled__StyledFormGroup-vtxwzb-1 kzKuAr beans-quantity-controls__form-group beans-form-group__container"><label class="styled__StyledLabel-sc-1ttuvhr-0 izGEjV beans-form-group__label beans-label" for="quantity-controls-296983340">Quantity controls </label><div class="base-components__BaseElement-sc-1mosoyj-0 styled__Children-sc-16t2b2a-3 oznwo gdJvjO beans-form-group__children"><div class="styled__StyledQuantityControlWrapper-vtxwzb-6 LCxOg"><label id="quantity-controls-296983340-label" class="styled__VisuallyHiddenLabel-vtxwzb-7 gXlLiM">Quantity of Tesco 8 Twirl Stick Dog Treats With Chicken 140G</label><div class="component__Wrapper-sc-1kpmik-3 dReplG input-wrapper"><input class="base-components__RootElement-sc-1mosoyj-1 styled__StyledInput-sc-1jd5f57-0 component__StyledAsInput-sc-1kpmik-4 jptQqM eJLlow styled__StyledInput-vtxwzb-3 lwMHo beans-quantity-controls__input beans-input" data-auto="beans-quantity-controls-input" autocomplete="off" id="quantity-controls-296983340" maxlength="2" name="newValue" type="number" aria-labelledby="quantity-controls-296983340-label" value="1"></div></div><button class="styled__BaseButton-rsekm1-0 styled__PrimaryButton-rsekm1-2 jChbeY geeWOF styled__StyledButton-vtxwzb-5 japAxb beans-quantity-controls__add-button beans-button__container" type="submit" data-auto="beans-quantity-controls-add-button" aria-label="Quantity of Tesco 8 Twirl Stick Dog Treats With Chicken 140G"><span class="base-components__BaseElement-sc-1mosoyj-0 styled__InnerContainer-rsekm1-1 oznwo fuFres beans-button__inner-container"><span class="base-components__BaseElement-sc-1mosoyj-0 styled__TextSpan-rsekm1-4 oznwo GDiMp beans-button__text">Add</span></span></button></div></div></div></div></div><input name="_csrf" type="hidden" value="0WbpBJF9-cS-fAMl-ByHnl5hECj1JaZiBQ20"></form></div></div></div></div><div class="hidden-medium product-info-section-small"><div class="product-info-message-list"></div></div></div></div></div></div></li><li class="product-list--list-item"><div class="styles__StyledVerticalTileWrapper-dvv1wj-0 dtCNPH"><div data-auto="product-tile" data-auto-type="Quantity" data-auto-available="true" data-auto-is-restricted-disabled="false" data-auto-is-substitute="false" class="styles__StyledVerticalTile-dvv1wj-1 gSCsYK"><div class="styles__StyledTileContentWrapper-dvv1wj-2 bkNhNP beans"><div id="tile-255261259" data-auto-id="255261259" class="styles__StyledTiledContent-dvv1wj-3 bcglTg"><a href="https://www.tesco.com/groceries/en-GB/products/255261259" aria-hidden="true" class="product-image-wrapper" tabindex="1"><div class="product-image__container"><picture><img class="styled__Image-sjvkdn-0 bJErKA product-image beans-responsive-image__image" src="data:image/gif;base64,R0lGODlhAQABAAAAACH5BAEKAAEALAAAAAABAAEAAAICTAEAOw==" srcset="https://digitalcontent.api.tesco.com/v2/media/ghs/0fc0d164-85cf-4a88-b37a-e319483cba1b/e50475e4-30c2-4355-b60c-d5842e1ce3a0.jpeg?h=225&amp;w=225 768w, data:image/gif;base64,R0lGODlhAQABAAAAACH5BAEKAAEALAAAAAABAAEAAAICTAEAOw== 4000w" alt="Tesco 7 Dental Sticks Medium Dog 180G"></picture></div></a><div class="product-details--wrapper"><h3 class="styles__H3-oa5soe-0 bCKNNq"><a href="https://www.tesco.com/groceries/en-GB/products/255261259" class="styled__Anchor-sc-1xbujuz-0 csVOnh beans-link__anchor" data-auto="product-tile--title"><span class="styled__Text-sc-1xbujuz-1 ldbwMG beans-link__text">Tesco 7 Dental Sticks Medium Dog 180G</span></a></h3><div class="styles__StyledPromotionsAboveMobile-dvv1wj-7 iPTMuo"></div><div class="styles__StyledProductDetailsContent-dvv1wj-5 ddRSrq"><a href="https://www.tesco.com/groceries/en-GB/reviews/submission/255261259?from=%2Fshop%2Fpets%2Fall" aria-label="Write a review for Tesco 7 Dental Sticks Medium Dog 180G" class="styled__Anchor-sc-1xbujuz-0 jSzuDt write-a-review-link beans-link__anchor" data-auto="review-link"><span class="styled__Text-sc-1xbujuz-1 fyDIEo beans-link__text">Write a review</span><span class="styled__IconContainer-sc-1xbujuz-2 bSauSL beans-link__icon-container"><svg aria-hidden="true" class="styled__SVG-xxa4wh-1 hQMCqc beans-link__icon beans-icon__svg" height="13.33" preserveAspectRatio="xMinYMax meet" viewBox="-1 0 12 20" width="8" xmlns="http://www.w3.org/2000/svg" color="currentColor"><path d="M1.312 1.348L10.276 10l-8.964 8.644" fill="none" stroke="currentColor"></path></svg></span></a><div><a href="https://www.tesco.com/groceries/en-GB/shop/pets/dog-food-and-accessories/dog-treats-dental-chews-and-biscuits/dog-chews" class="styled__Anchor-sc-1xbujuz-0 jSzuDt rest-of-shelf-link beans-link__anchor" data-auto="rest-of-shelf-link"><span class="styled__Text-sc-1xbujuz-1 fyDIEo beans-link__text">Rest of <span class="visually-hidden">Dog Chews</span> shelf</span><span class="styled__IconContainer-sc-1xbujuz-2 bSauSL beans-link__icon-container"><svg aria-hidden="true" class="styled__SVG-xxa4wh-1 hQMCqc beans-link__icon beans-icon__svg" height="13.33" preserveAspectRatio="xMinYMax meet" viewBox="-1 0 12 20" width="8" xmlns="http://www.w3.org/2000/svg" color="currentColor"><path d="M1.312 1.348L10.276 10l-8.964 8.644" fill="none" stroke="currentColor"></path></svg></span></a></div><div class="product-info-message-section"><div class="product-info-message-list"></div></div></div><div class="styles__StyledBuyBoxWrapper-dvv1wj-4 dSvjUC"><div class="styles__StyledBuyBoxContainer-sc-1wx0qp6-0 erryje" data-auto="buybox-container"><div class="styles__SafeFormWrapper-jtpu2t-0 lcrYKS"><form action="https://www.tesco.com/groceries/en-GB/trolley/items/255261259?_method=PUT" method="POST"><input type="submit" class="hidden"><input name="id" type="hidden" value="255261259"><input name="identifier" type="hidden" value="Page"><input name="anchorId" type="hidden" value="#tile-255261259"><input name="returnUrl" type="hidden" value="/groceries/en-GB/shop/pets/all?redirectIfUnavailable=true#tile-255261259"><input name="backToUrl" type="hidden" value="#"><input name="oldValue" type="hidden" value="0"><input name="oldUnitChoice" type="hidden" value="pcs"><input name="newUnitChoice" type="hidden" value="pcs"><div class="base-components__RootElement-sc-1mosoyj-1 styled__Container-sc-6nhkzi-0 jptQqM hSNpTb beans-buybox__container"><div class="base-components__BaseElement-sc-1mosoyj-0 styled__PriceAndActions-sc-6nhkzi-3 oznwo eEPLov beans-buybox__price-and-actions"><div class="base-components__RootElement-sc-1mosoyj-1 styled__Container-sc-8qlq5b-0 jptQqM bgZrjw styled__StyledPrice-sc-6nhkzi-5 iYHeik beans-buybox__price beans-price__container"><p class="styled__StyledHeading-sc-119w3hf-2 jWPEtj styled__Text-sc-8qlq5b-1 lnaeiZ beans-price__text">£0.95</p><p class="styled__StyledFootnote-sc-119w3hf-7 icrlVF styled__Subtext-sc-8qlq5b-2 bNJmdc beans-price__subtext">£5.28/kg</p></div><div class="base-components__RootElement-sc-1mosoyj-1 styled__Container-vtxwzb-0 jptQqM bDFhXJ beans-buybox__actions beans-quantity-controls__container"><div class="base-components__RootElement-sc-1mosoyj-1 styled__Container-sc-16t2b2a-0 jptQqM PUfgZ styled__StyledFormGroup-vtxwzb-1 kzKuAr beans-quantity-controls__form-group beans-form-group__container"><label class="styled__StyledLabel-sc-1ttuvhr-0 izGEjV beans-form-group__label beans-label" for="quantity-controls-255261259">Quantity controls </label><div class="base-components__BaseElement-sc-1mosoyj-0 styled__Children-sc-16t2b2a-3 oznwo gdJvjO beans-form-group__children"><div class="styled__StyledQuantityControlWrapper-vtxwzb-6 LCxOg"><label id="quantity-controls-255261259-label" class="styled__VisuallyHiddenLabel-vtxwzb-7 gXlLiM">Quantity of Tesco 7 Dental Sticks Medium Dog 180G</label><div class="component__Wrapper-sc-1kpmik-3 dReplG input-wrapper"><input class="base-components__RootElement-sc-1mosoyj-1 styled__StyledInput-sc-1jd5f57-0 component__StyledAsInput-sc-1kpmik-4 jptQqM eJLlow styled__StyledInput-vtxwzb-3 lwMHo beans-quantity-controls__input beans-input" data-auto="beans-quantity-controls-input" autocomplete="off" id="quantity-controls-255261259" maxlength="2" name="newValue" type="number" aria-labelledby="quantity-controls-255261259-label" value="1"></div></div><button class="styled__BaseButton-rsekm1-0 styled__PrimaryButton-rsekm1-2 jChbeY geeWOF styled__StyledButton-vtxwzb-5 japAxb beans-quantity-controls__add-button beans-button__container" type="submit" data-auto="beans-quantity-controls-add-button" aria-label="Quantity of Tesco 7 Dental Sticks Medium Dog 180G"><span class="base-components__BaseElement-sc-1mosoyj-0 styled__InnerContainer-rsekm1-1 oznwo fuFres beans-button__inner-container"><span class="base-components__BaseElement-sc-1mosoyj-0 styled__TextSpan-rsekm1-4 oznwo GDiMp beans-button__text">Add</span></span></button></div></div></div></div></div><input name="_csrf" type="hidden" value="0WbpBJF9-cS-fAMl-ByHnl5hECj1JaZiBQ20"></form></div></div></div></div><div class="hidden-medium product-info-section-small"><div class="product-info-message-list"></div></div></div></div></div></div></li><li class="product-list--list-item"><div class="styles__StyledVerticalTileWrapper-dvv1wj-0 dtCNPH"><div data-auto="product-tile" data-auto-type="Quantity" data-auto-available="true" data-auto-is-restricted-disabled="false" data-auto-is-substitute="false" class="styles__StyledVerticalTile-dvv1wj-1 gSCsYK"><div class="styles__StyledTileContentWrapper-dvv1wj-2 bkNhNP beans"><div id="tile-272385006" data-auto-id="272385006" class="styles__StyledTiledContent-dvv1wj-3 bcglTg"><a href="https://www.tesco.com/groceries/en-GB/products/272385006" aria-hidden="true" class="product-image-wrapper" tabindex="1"><div class="product-image__container"><picture><img class="styled__Image-sjvkdn-0 bJErKA product-image beans-responsive-image__image" src="data:image/gif;base64,R0lGODlhAQABAAAAACH5BAEKAAEALAAAAAABAAEAAAICTAEAOw==" srcset="https://digitalcontent.api.tesco.com/v2/media/ghs/6125a323-bd4a-4c98-ba69-35a3302b82c9/be1d2406-bb2b-48f0-98a2-2b45e0ce33f6_18970299.jpeg?h=225&amp;w=225 768w, data:image/gif;base64,R0lGODlhAQABAAAAACH5BAEKAAEALAAAAAABAAEAAAICTAEAOw== 4000w" alt="Dreamies Cat Treats With Turkey 60G"></picture></div></a><div class="product-details--wrapper"><h3 class="styles__H3-oa5soe-0 bCKNNq"><a href="https://www.tesco.com/groceries/en-GB/products/272385006" class="styled__Anchor-sc-1xbujuz-0 csVOnh beans-link__anchor" data-auto="product-tile--title"><span class="styled__Text-sc-1xbujuz-1 ldbwMG beans-link__text">Dreamies Cat Treats With Turkey 60G</span></a></h3><div class="styles__StyledProductDetailsContent-dvv1wj-5 ddRSrq"><a href="https://www.tesco.com/groceries/en-GB/reviews/submission/272385006?from=%2Fshop%2Fpets%2Fall" aria-label="Write a review for Dreamies Cat Treats With Turkey 60G" class="styled__Anchor-sc-1xbujuz-0 jSzuDt write-a-review-link beans-link__anchor" data-auto="review-link"><span class="styled__Text-sc-1xbujuz-1 fyDIEo beans-link__text">Write a review</span><span class="styled__IconContainer-sc-1xbujuz-2 bSauSL beans-link__icon-container"><svg aria-hidden="true" class="styled__SVG-xxa4wh-1 hQMCqc beans-link__icon beans-icon__svg" height="13.33" preserveAspectRatio="xMinYMax meet" viewBox="-1 0 12 20" width="8" xmlns="http://www.w3.org/2000/svg" color="currentColor"><path d="M1.312 1.348L10.276 10l-8.964 8.644" fill="none" stroke="currentColor"></path></svg></span></a><div><a href="https://www.tesco.com/groceries/en-GB/shop/pets/cat-food-and-accessories/cat-treats-and-cat-milk/cat-treats" class="styled__Anchor-sc-1xbujuz-0 jSzuDt rest-of-shelf-link beans-link__anchor" data-auto="rest-of-shelf-link"><span class="styled__Text-sc-1xbujuz-1 fyDIEo beans-link__text">Rest of <span class="visually-hidden">Cat Treats</span> shelf</span><span class="styled__IconContainer-sc-1xbujuz-2 bSauSL beans-link__icon-container"><svg aria-hidden="true" class="styled__SVG-xxa4wh-1 hQMCqc beans-link__icon beans-icon__svg" height="13.33" preserveAspectRatio="xMinYMax meet" viewBox="-1 0 12 20" width="8" xmlns="http://www.w3.org/2000/svg" color="currentColor"><path d="M1.312 1.348L10.276 10l-8.964 8.644" fill="none" stroke="currentColor"></path></svg></span></a></div><div class="product-info-message-section"><div class="product-info-message-list"></div></div></div><div class="styles__StyledPromotionsWithBuyBoxWrapper-dvv1wj-8 cZskDh"><div class="styles__StyledPromotionsAboveMobile-dvv1wj-7 iPTMuo"><div class="styles__StyledPromotionsWithClubcardPriceContainer-sc-1vdpoop-0 bsPFbn"><div class="styles__StyledClubcardLogo-sc-1vdpoop-2 elOZEB"><div class="styles__Wrapper-sc-1d2phhy-0 hgBuQG undefined special-offer-sash"><span class="styles__CircleWrapper-sc-1d2phhy-2 hCbzjm"><strong class="styles__TextWrapper-sc-1d2phhy-1 bLXNGg">Clubcard Price</strong></span></div></div><a href="https://www.tesco.com/groceries/en-GB/promotions/88597379"><div class="styles__ProductPromotionStyling-sc-1vdpoop-3 WGKAK"><div class="styles__StyledPromotionsOfferContent-sc-1vdpoop-1 cPSekc"><span class="offer-text">Any 2 for £2 Clubcard Price - Selected Pedigree Or Dreamies Cat And Dog Treats 60g - 180g</span></div><span class="dates">Offer valid for delivery from 17/10/2022 until 27/11/2022</span></div></a></div></div><div class="styles__StyledBuyBoxWrapper-dvv1wj-4 dSvjUC"><div class="styles__StyledBuyBoxContainer-sc-1wx0qp6-0 erryje" data-auto="buybox-container"><div class="styles__SafeFormWrapper-jtpu2t-0 lcrYKS"><form action="https://www.tesco.com/groceries/en-GB/trolley/items/272385006?_method=PUT" method="POST"><input type="submit" class="hidden"><input name="id" type="hidden" value="272385006"><input name="identifier" type="hidden" value="Page"><input name="anchorId" type="hidden" value="#tile-272385006"><input name="returnUrl" type="hidden" value="/groceries/en-GB/shop/pets/all?redirectIfUnavailable=true#tile-272385006"><input name="backToUrl" type="hidden" value="#"><input name="oldValue" type="hidden" value="0"><input name="oldUnitChoice" type="hidden" value="pcs"><input name="newUnitChoice" type="hidden" value="pcs"><div class="base-components__RootElement-sc-1mosoyj-1 styled__Container-sc-6nhkzi-0 jptQqM hSNpTb beans-buybox__container"><div class="base-components__BaseElement-sc-1mosoyj-0 styled__PriceAndActions-sc-6nhkzi-3 oznwo eEPLov beans-buybox__price-and-actions"><div class="base-components__RootElement-sc-1mosoyj-1 styled__Container-sc-8qlq5b-0 jptQqM bgZrjw styled__StyledPrice-sc-6nhkzi-5 iYHeik beans-buybox__price beans-price__container"><p class="styled__StyledHeading-sc-119w3hf-2 jWPEtj styled__Text-sc-8qlq5b-1 lnaeiZ beans-price__text">£1.30</p><p class="styled__StyledFootnote-sc-119w3hf-7 icrlVF styled__Subtext-sc-8qlq5b-2 bNJmdc beans-price__subtext">£21.67/kg</p></div><div class="base-components__RootElement-sc-1mosoyj-1 styled__Container-vtxwzb-0 jptQqM bDFhXJ beans-buybox__actions beans-quantity-controls__container"><div class="base-components__RootElement-sc-1mosoyj-1 styled__Container-sc-16t2b2a-0 jptQqM PUfgZ styled__StyledFormGroup-vtxwzb-1 kzKuAr beans-quantity-controls__form-group beans-form-group__container"><label class="styled__StyledLabel-sc-1ttuvhr-0 izGEjV beans-form-group__label beans-label" for="quantity-controls-272385006">Quantity controls </label><div class="base-components__BaseElement-sc-1mosoyj-0 styled__Children-sc-16t2b2a-3 oznwo gdJvjO beans-form-group__children"><div class="styled__StyledQuantityControlWrapper-vtxwzb-6 LCxOg"><label id="quantity-controls-272385006-label" class="styled__VisuallyHiddenLabel-vtxwzb-7 gXlLiM">Quantity of Dreamies Cat Treats With Turkey 60G</label><div class="component__Wrapper-sc-1kpmik-3 dReplG input-wrapper"><input class="base-components__RootElement-sc-1mosoyj-1 styled__StyledInput-sc-1jd5f57-0 component__StyledAsInput-sc-1kpmik-4 jptQqM eJLlow styled__StyledInput-vtxwzb-3 lwMHo beans-quantity-controls__input beans-input" data-auto="beans-quantity-controls-input" autocomplete="off" id="quantity-controls-272385006" maxlength="2" name="newValue" type="number" aria-labelledby="quantity-controls-272385006-label" value="1"></div></div><button class="styled__BaseButton-rsekm1-0 styled__PrimaryButton-rsekm1-2 jChbeY geeWOF styled__StyledButton-vtxwzb-5 japAxb beans-quantity-controls__add-button beans-button__container" type="submit" data-auto="beans-quantity-controls-add-button" aria-label="Quantity of Dreamies Cat Treats With Turkey 60G"><span class="base-components__BaseElement-sc-1mosoyj-0 styled__InnerContainer-rsekm1-1 oznwo fuFres beans-button__inner-container"><span class="base-components__BaseElement-sc-1mosoyj-0 styled__TextSpan-rsekm1-4 oznwo GDiMp beans-button__text">Add</span></span></button></div></div></div></div></div><input name="_csrf" type="hidden" value="0WbpBJF9-cS-fAMl-ByHnl5hECj1JaZiBQ20"></form></div></div></div></div></div><div class="hidden-medium product-info-section-small"><div class="product-info-message-list"></div></div></div><div class="styles__StyledPromotionsMobile-dvv1wj-6 Bxaeb"><div><div class="styles__StyledPromotionsWithClubcardPriceContainer-sc-1vdpoop-0 bsPFbn"><div class="styles__StyledClubcardLogo-sc-1vdpoop-2 elOZEB"><div class="styles__Wrapper-sc-1d2phhy-0 hgBuQG undefined special-offer-sash"><span class="styles__CircleWrapper-sc-1d2phhy-2 hCbzjm"><strong class="styles__TextWrapper-sc-1d2phhy-1 bLXNGg">Clubcard Price</strong></span></div></div><a href="https://www.tesco.com/groceries/en-GB/promotions/88597379"><div class="styles__ProductPromotionStyling-sc-1vdpoop-3 WGKAK"><div class="styles__StyledPromotionsOfferContent-sc-1vdpoop-1 cPSekc"><span class="offer-text">Any 2 for £2 Clubcard Price - Selected Pedigree Or Dreamies Cat And Dog Treats 60g - 180g</span></div><span class="dates">Offer valid for delivery from 17/10/2022 until 27/11/2022</span></div></a></div></div></div></div></div></div></li><li class="product-list--list-item"><div class="styles__StyledVerticalTileWrapper-dvv1wj-0 dtCNPH"><div data-auto="product-tile" data-auto-type="Quantity" data-auto-available="true" data-auto-is-restricted-disabled="false" data-auto-is-substitute="false" class="styles__StyledVerticalTile-dvv1wj-1 gSCsYK"><div class="styles__StyledTileContentWrapper-dvv1wj-2 bkNhNP beans"><div id="tile-272409717" data-auto-id="272409717" class="styles__StyledTiledContent-dvv1wj-3 bcglTg"><a href="https://www.tesco.com/groceries/en-GB/products/272409717" aria-hidden="true" class="product-image-wrapper" tabindex="1"><div class="product-image__container"><picture><img class="styled__Image-sjvkdn-0 bJErKA product-image beans-responsive-image__image" src="data:image/gif;base64,R0lGODlhAQABAAAAACH5BAEKAAEALAAAAAABAAEAAAICTAEAOw==" srcset="https://digitalcontent.api.tesco.com/v2/media/ghs/b858030c-7c96-42a5-82a4-b3e0bdcb952d/839c5529-5a48-49c9-a4a4-23387dcd4171.jpeg?h=225&amp;w=225 768w, data:image/gif;base64,R0lGODlhAQABAAAAACH5BAEKAAEALAAAAAABAAEAAAICTAEAOw== 4000w" alt="Webbox Lick-E-Lix Chicken 5X15g"></picture></div></a><div class="product-details--wrapper"><h3 class="styles__H3-oa5soe-0 bCKNNq"><a href="https://www.tesco.com/groceries/en-GB/products/272409717" class="styled__Anchor-sc-1xbujuz-0 csVOnh beans-link__anchor" data-auto="product-tile--title"><span class="styled__Text-sc-1xbujuz-1 ldbwMG beans-link__text">Webbox Lick-E-Lix Chicken 5X15g</span></a></h3><div class="styles__StyledPromotionsAboveMobile-dvv1wj-7 iPTMuo"></div><div class="styles__StyledProductDetailsContent-dvv1wj-5 ddRSrq"><a href="https://www.tesco.com/groceries/en-GB/reviews/submission/272409717?from=%2Fshop%2Fpets%2Fall" aria-label="Write a review for Webbox Lick-E-Lix Chicken 5X15g" class="styled__Anchor-sc-1xbujuz-0 jSzuDt write-a-review-link beans-link__anchor" data-auto="review-link"><span class="styled__Text-sc-1xbujuz-1 fyDIEo beans-link__text">Write a review</span><span class="styled__IconContainer-sc-1xbujuz-2 bSauSL beans-link__icon-container"><svg aria-hidden="true" class="styled__SVG-xxa4wh-1 hQMCqc beans-link__icon beans-icon__svg" height="13.33" preserveAspectRatio="xMinYMax meet" viewBox="-1 0 12 20" width="8" xmlns="http://www.w3.org/2000/svg" color="currentColor"><path d="M1.312 1.348L10.276 10l-8.964 8.644" fill="none" stroke="currentColor"></path></svg></span></a><div><a href="https://www.tesco.com/groceries/en-GB/shop/pets/cat-food-and-accessories/cat-treats-and-cat-milk/cat-treats" class="styled__Anchor-sc-1xbujuz-0 jSzuDt rest-of-shelf-link beans-link__anchor" data-auto="rest-of-shelf-link"><span class="styled__Text-sc-1xbujuz-1 fyDIEo beans-link__text">Rest of <span class="visually-hidden">Cat Treats</span> shelf</span><span class="styled__IconContainer-sc-1xbujuz-2 bSauSL beans-link__icon-container"><svg aria-hidden="true" class="styled__SVG-xxa4wh-1 hQMCqc beans-link__icon beans-icon__svg" height="13.33" preserveAspectRatio="xMinYMax meet" viewBox="-1 0 12 20" width="8" xmlns="http://www.w3.org/2000/svg" color="currentColor"><path d="M1.312 1.348L10.276 10l-8.964 8.644" fill="none" stroke="currentColor"></path></svg></span></a></div><div class="product-info-message-section"><div class="product-info-message-list"></div></div></div><div class="styles__StyledBuyBoxWrapper-dvv1wj-4 dSvjUC"><div class="styles__StyledBuyBoxContainer-sc-1wx0qp6-0 erryje" data-auto="buybox-container"><div class="styles__SafeFormWrapper-jtpu2t-0 lcrYKS"><form action="https://www.tesco.com/groceries/en-GB/trolley/items/272409717?_method=PUT" method="POST"><input type="submit" class="hidden"><input name="id" type="hidden" value="272409717"><input name="identifier" type="hidden" value="Page"><input name="anchorId" type="hidden" value="#tile-272409717"><input name="returnUrl" type="hidden" value="/groceries/en-GB/shop/pets/all?redirectIfUnavailable=true#tile-272409717"><input name="backToUrl" type="hidden" value="#"><input name="oldValue" type="hidden" value="0"><input name="oldUnitChoice" type="hidden" value="pcs"><input name="newUnitChoice" type="hidden" value="pcs"><div class="base-components__RootElement-sc-1mosoyj-1 styled__Container-sc-6nhkzi-0 jptQqM hSNpTb beans-buybox__container"><div class="base-components__BaseElement-sc-1mosoyj-0 styled__PriceAndActions-sc-6nhkzi-3 oznwo eEPLov beans-buybox__price-and-actions"><div class="base-components__RootElement-sc-1mosoyj-1 styled__Container-sc-8qlq5b-0 jptQqM bgZrjw styled__StyledPrice-sc-6nhkzi-5 iYHeik beans-buybox__price beans-price__container"><p class="styled__StyledHeading-sc-119w3hf-2 jWPEtj styled__Text-sc-8qlq5b-1 lnaeiZ beans-price__text">£1.15</p><p class="styled__StyledFootnote-sc-119w3hf-7 icrlVF styled__Subtext-sc-8qlq5b-2 bNJmdc beans-price__subtext">£15.34/kg</p></div><div class="base-components__RootElement-sc-1mosoyj-1 styled__Container-vtxwzb-0 jptQqM bDFhXJ beans-buybox__actions beans-quantity-controls__container"><div class="base-components__RootElement-sc-1mosoyj-1 styled__Container-sc-16t2b2a-0 jptQqM PUfgZ styled__StyledFormGroup-vtxwzb-1 kzKuAr beans-quantity-controls__form-group beans-form-group__container"><label class="styled__StyledLabel-sc-1ttuvhr-0 izGEjV beans-form-group__label beans-label" for="quantity-controls-272409717">Quantity controls </label><div class="base-components__BaseElement-sc-1mosoyj-0 styled__Children-sc-16t2b2a-3 oznwo gdJvjO beans-form-group__children"><div class="styled__StyledQuantityControlWrapper-vtxwzb-6 LCxOg"><label id="quantity-controls-272409717-label" class="styled__VisuallyHiddenLabel-vtxwzb-7 gXlLiM">Quantity of Webbox Lick-E-Lix Chicken 5X15g</label><div class="component__Wrapper-sc-1kpmik-3 dReplG input-wrapper"><input class="base-components__RootElement-sc-1mosoyj-1 styled__StyledInput-sc-1jd5f57-0 component__StyledAsInput-sc-1kpmik-4 jptQqM eJLlow styled__StyledInput-vtxwzb-3 lwMHo beans-quantity-controls__input beans-input" data-auto="beans-quantity-controls-input" autocomplete="off" id="quantity-controls-272409717" maxlength="2" name="newValue" type="number" aria-labelledby="quantity-controls-272409717-label" value="1"></div></div><button class="styled__BaseButton-rsekm1-0 styled__PrimaryButton-rsekm1-2 jChbeY geeWOF styled__StyledButton-vtxwzb-5 japAxb beans-quantity-controls__add-button beans-button__container" type="submit" data-auto="beans-quantity-controls-add-button" aria-label="Quantity of Webbox Lick-E-Lix Chicken 5X15g"><span class="base-components__BaseElement-sc-1mosoyj-0 styled__InnerContainer-rsekm1-1 oznwo fuFres beans-button__inner-container"><span class="base-components__BaseElement-sc-1mosoyj-0 styled__TextSpan-rsekm1-4 oznwo GDiMp beans-button__text">Add</span></span></button></div></div></div></div></div><input name="_csrf" type="hidden" value="0WbpBJF9-cS-fAMl-ByHnl5hECj1JaZiBQ20"></form></div></div></div></div><div class="hidden-medium product-info-section-small"><div class="product-info-message-list"></div></div></div></div></div></div></li><li class="product-list--list-item"><div class="styles__StyledVerticalTileWrapper-dvv1wj-0 dtCNPH"><div data-auto="product-tile" data-auto-type="Quantity" data-auto-available="true" data-auto-is-restricted-disabled="false" data-auto-is-substitute="false" class="styles__StyledVerticalTile-dvv1wj-1 gSCsYK"><div class="styles__StyledTileContentWrapper-dvv1wj-2 bkNhNP beans"><div id="tile-299153418" data-auto-id="299153418" class="styles__StyledTiledContent-dvv1wj-3 bcglTg"><a href="https://www.tesco.com/groceries/en-GB/products/299153418" aria-hidden="true" class="product-image-wrapper" tabindex="1"><div class="product-image__container"><picture><img class="styled__Image-sjvkdn-0 bJErKA product-image beans-responsive-image__image" src="data:image/gif;base64,R0lGODlhAQABAAAAACH5BAEKAAEALAAAAAABAAEAAAICTAEAOw==" srcset="https://digitalcontent.api.tesco.com/v2/media/ghs/afb76859-db38-4db7-a67c-24b1c6fea4c6/2d8ba184-f1e2-4b67-9e3b-2969488930dd_1327821250.jpeg?h=225&amp;w=225 768w, data:image/gif;base64,R0lGODlhAQABAAAAACH5BAEKAAEALAAAAAABAAEAAAICTAEAOw== 4000w" alt="Wagtastic Treat Chicken Bites 50G"></picture></div></a><div class="product-details--wrapper"><h3 class="styles__H3-oa5soe-0 bCKNNq"><a href="https://www.tesco.com/groceries/en-GB/products/299153418" class="styled__Anchor-sc-1xbujuz-0 csVOnh beans-link__anchor" data-auto="product-tile--title"><span class="styled__Text-sc-1xbujuz-1 ldbwMG beans-link__text">Wagtastic Treat Chicken Bites 50G</span></a></h3><div class="styles__StyledPromotionsAboveMobile-dvv1wj-7 iPTMuo"></div><div class="styles__StyledProductDetailsContent-dvv1wj-5 ddRSrq"><a href="https://www.tesco.com/groceries/en-GB/reviews/submission/299153418?from=%2Fshop%2Fpets%2Fall" aria-label="Write a review for Wagtastic Treat Chicken Bites 50G" class="styled__Anchor-sc-1xbujuz-0 jSzuDt write-a-review-link beans-link__anchor" data-auto="review-link"><span class="styled__Text-sc-1xbujuz-1 fyDIEo beans-link__text">Write a review</span><span class="styled__IconContainer-sc-1xbujuz-2 bSauSL beans-link__icon-container"><svg aria-hidden="true" class="styled__SVG-xxa4wh-1 hQMCqc beans-link__icon beans-icon__svg" height="13.33" preserveAspectRatio="xMinYMax meet" viewBox="-1 0 12 20" width="8" xmlns="http://www.w3.org/2000/svg" color="currentColor"><path d="M1.312 1.348L10.276 10l-8.964 8.644" fill="none" stroke="currentColor"></path></svg></span></a><div><a href="https://www.tesco.com/groceries/en-GB/shop/pets/dog-food-and-accessories/dog-treats-dental-chews-and-biscuits/dog-treats" class="styled__Anchor-sc-1xbujuz-0 jSzuDt rest-of-shelf-link beans-link__anchor" data-auto="rest-of-shelf-link"><span class="styled__Text-sc-1xbujuz-1 fyDIEo beans-link__text">Rest of <span class="visually-hidden">Dog Treats</span> shelf</span><span class="styled__IconContainer-sc-1xbujuz-2 bSauSL beans-link__icon-container"><svg aria-hidden="true" class="styled__SVG-xxa4wh-1 hQMCqc beans-link__icon beans-icon__svg" height="13.33" preserveAspectRatio="xMinYMax meet" viewBox="-1 0 12 20" width="8" xmlns="http://www.w3.org/2000/svg" color="currentColor"><path d="M1.312 1.348L10.276 10l-8.964 8.644" fill="none" stroke="currentColor"></path></svg></span></a></div><div class="product-info-message-section"><div class="product-info-message-list"></div></div></div><div class="styles__StyledBuyBoxWrapper-dvv1wj-4 dSvjUC"><div class="styles__StyledBuyBoxContainer-sc-1wx0qp6-0 erryje" data-auto="buybox-container"><div class="styles__SafeFormWrapper-jtpu2t-0 lcrYKS"><form action="https://www.tesco.com/groceries/en-GB/trolley/items/299153418?_method=PUT" method="POST"><input type="submit" class="hidden"><input name="id" type="hidden" value="299153418"><input name="identifier" type="hidden" value="Page"><input name="anchorId" type="hidden" value="#tile-299153418"><input name="returnUrl" type="hidden" value="/groceries/en-GB/shop/pets/all?redirectIfUnavailable=true#tile-299153418"><input name="backToUrl" type="hidden" value="#"><input name="oldValue" type="hidden" value="0"><input name="oldUnitChoice" type="hidden" value="pcs"><input name="newUnitChoice" type="hidden" value="pcs"><div class="base-components__RootElement-sc-1mosoyj-1 styled__Container-sc-6nhkzi-0 jptQqM hSNpTb beans-buybox__container"><div class="base-components__BaseElement-sc-1mosoyj-0 styled__PriceAndActions-sc-6nhkzi-3 oznwo eEPLov beans-buybox__price-and-actions"><div class="base-components__RootElement-sc-1mosoyj-1 styled__Container-sc-8qlq5b-0 jptQqM bgZrjw styled__StyledPrice-sc-6nhkzi-5 iYHeik beans-buybox__price beans-price__container"><p class="styled__StyledHeading-sc-119w3hf-2 jWPEtj styled__Text-sc-8qlq5b-1 lnaeiZ beans-price__text">£1.00</p><p class="styled__StyledFootnote-sc-119w3hf-7 icrlVF styled__Subtext-sc-8qlq5b-2 bNJmdc beans-price__subtext">£20.00/kg</p></div><div class="base-components__RootElement-sc-1mosoyj-1 styled__Container-vtxwzb-0 jptQqM bDFhXJ beans-buybox__actions beans-quantity-controls__container"><div class="base-components__RootElement-sc-1mosoyj-1 styled__Container-sc-16t2b2a-0 jptQqM PUfgZ styled__StyledFormGroup-vtxwzb-1 kzKuAr beans-quantity-controls__form-group beans-form-group__container"><label class="styled__StyledLabel-sc-1ttuvhr-0 izGEjV beans-form-group__label beans-label" for="quantity-controls-299153418">Quantity controls </label><div class="base-components__BaseElement-sc-1mosoyj-0 styled__Children-sc-16t2b2a-3 oznwo gdJvjO beans-form-group__children"><div class="styled__StyledQuantityControlWrapper-vtxwzb-6 LCxOg"><label id="quantity-controls-299153418-label" class="styled__VisuallyHiddenLabel-vtxwzb-7 gXlLiM">Quantity of Wagtastic Treat Chicken Bites 50G</label><div class="component__Wrapper-sc-1kpmik-3 dReplG input-wrapper"><input class="base-components__RootElement-sc-1mosoyj-1 styled__StyledInput-sc-1jd5f57-0 component__StyledAsInput-sc-1kpmik-4 jptQqM eJLlow styled__StyledInput-vtxwzb-3 lwMHo beans-quantity-controls__input beans-input" data-auto="beans-quantity-controls-input" autocomplete="off" id="quantity-controls-299153418" maxlength="2" name="newValue" type="number" aria-labelledby="quantity-controls-299153418-label" value="1"></div></div><button class="styled__BaseButton-rsekm1-0 styled__PrimaryButton-rsekm1-2 jChbeY geeWOF styled__StyledButton-vtxwzb-5 japAxb beans-quantity-controls__add-button beans-button__container" type="submit" data-auto="beans-quantity-controls-add-button" aria-label="Quantity of Wagtastic Treat Chicken Bites 50G"><span class="base-components__BaseElement-sc-1mosoyj-0 styled__InnerContainer-rsekm1-1 oznwo fuFres beans-button__inner-container"><span class="base-components__BaseElement-sc-1mosoyj-0 styled__TextSpan-rsekm1-4 oznwo GDiMp beans-button__text">Add</span></span></button></div></div></div></div></div><input name="_csrf" type="hidden" value="0WbpBJF9-cS-fAMl-ByHnl5hECj1JaZiBQ20"></form></div></div></div></div><div class="hidden-medium product-info-section-small"><div class="product-info-message-list"></div></div></div></div></div></div></li><li class="product-list--list-item"><div class="styles__StyledVerticalTileWrapper-dvv1wj-0 dtCNPH"><div data-auto="product-tile" data-auto-type="Quantity" data-auto-available="true" data-auto-is-restricted-disabled="false" data-auto-is-substitute="false" class="styles__StyledVerticalTile-dvv1wj-1 gSCsYK"><div class="styles__StyledTileContentWrapper-dvv1wj-2 bkNhNP beans"><div id="tile-302663339" data-auto-id="302663339" class="styles__StyledTiledContent-dvv1wj-3 bcglTg"><a href="https://www.tesco.com/groceries/en-GB/products/302663339" aria-hidden="true" class="product-image-wrapper" tabindex="1"><div class="product-image__container"><picture><img class="styled__Image-sjvkdn-0 bJErKA product-image beans-responsive-image__image" src="data:image/gif;base64,R0lGODlhAQABAAAAACH5BAEKAAEALAAAAAABAAEAAAICTAEAOw==" srcset="https://digitalcontent.api.tesco.com/v2/media/ghs/e05f4b22-5cfe-470a-9820-6084cf6d193e/26460fcd-f217-4469-9b7b-c65dfb40ad50_1286491831.jpeg?h=225&amp;w=225 768w, data:image/gif;base64,R0lGODlhAQABAAAAACH5BAEKAAEALAAAAAABAAEAAAICTAEAOw== 4000w" alt="Good Boy Antibacterial Degradable Poo Bags X 100"></picture></div></a><div class="product-details--wrapper"><h3 class="styles__H3-oa5soe-0 bCKNNq"><a href="https://www.tesco.com/groceries/en-GB/products/302663339" class="styled__Anchor-sc-1xbujuz-0 csVOnh beans-link__anchor" data-auto="product-tile--title"><span class="styled__Text-sc-1xbujuz-1 ldbwMG beans-link__text">Good Boy Antibacterial Degradable Poo Bags X 100</span></a></h3><div class="styles__StyledPromotionsAboveMobile-dvv1wj-7 iPTMuo"></div><div class="styles__StyledProductDetailsContent-dvv1wj-5 ddRSrq"><a href="https://www.tesco.com/groceries/en-GB/reviews/submission/302663339?from=%2Fshop%2Fpets%2Fall" aria-label="Write a review for Good Boy Antibacterial Degradable Poo Bags X 100" class="styled__Anchor-sc-1xbujuz-0 jSzuDt write-a-review-link beans-link__anchor" data-auto="review-link"><span class="styled__Text-sc-1xbujuz-1 fyDIEo beans-link__text">Write a review</span><span class="styled__IconContainer-sc-1xbujuz-2 bSauSL beans-link__icon-container"><svg aria-hidden="true" class="styled__SVG-xxa4wh-1 hQMCqc beans-link__icon beans-icon__svg" height="13.33" preserveAspectRatio="xMinYMax meet" viewBox="-1 0 12 20" width="8" xmlns="http://www.w3.org/2000/svg" color="currentColor"><path d="M1.312 1.348L10.276 10l-8.964 8.644" fill="none" stroke="currentColor"></path></svg></span></a><div><a href="https://www.tesco.com/groceries/en-GB/shop/pets/dog-food-and-accessories/dog-toys-healthcare-and-accessories/dog-poo-bags-and-accessories" class="styled__Anchor-sc-1xbujuz-0 jSzuDt rest-of-shelf-link beans-link__anchor" data-auto="rest-of-shelf-link"><span class="styled__Text-sc-1xbujuz-1 fyDIEo beans-link__text">Rest of <span class="visually-hidden">Dog Poo Bags &amp; Accessories</span> shelf</span><span class="styled__IconContainer-sc-1xbujuz-2 bSauSL beans-link__icon-container"><svg aria-hidden="true" class="styled__SVG-xxa4wh-1 hQMCqc beans-link__icon beans-icon__svg" height="13.33" preserveAspectRatio="xMinYMax meet" viewBox="-1 0 12 20" width="8" xmlns="http://www.w3.org/2000/svg" color="currentColor"><path d="M1.312 1.348L10.276 10l-8.964 8.644" fill="none" stroke="currentColor"></path></svg></span></a></div><div class="product-info-message-section"><div class="product-info-message-list"></div></div></div><div class="styles__StyledBuyBoxWrapper-dvv1wj-4 dSvjUC"><div class="styles__StyledBuyBoxContainer-sc-1wx0qp6-0 erryje" data-auto="buybox-container"><div class="styles__SafeFormWrapper-jtpu2t-0 lcrYKS"><form action="https://www.tesco.com/groceries/en-GB/trolley/items/302663339?_method=PUT" method="POST"><input type="submit" class="hidden"><input name="id" type="hidden" value="302663339"><input name="identifier" type="hidden" value="Page"><input name="anchorId" type="hidden" value="#tile-302663339"><input name="returnUrl" type="hidden" value="/groceries/en-GB/shop/pets/all?redirectIfUnavailable=true#tile-302663339"><input name="backToUrl" type="hidden" value="#"><input name="oldValue" type="hidden" value="0"><input name="oldUnitChoice" type="hidden" value="pcs"><input name="newUnitChoice" type="hidden" value="pcs"><div class="base-components__RootElement-sc-1mosoyj-1 styled__Container-sc-6nhkzi-0 jptQqM hSNpTb beans-buybox__container"><div class="base-components__BaseElement-sc-1mosoyj-0 styled__PriceAndActions-sc-6nhkzi-3 oznwo eEPLov beans-buybox__price-and-actions"><div class="base-components__RootElement-sc-1mosoyj-1 styled__Container-sc-8qlq5b-0 jptQqM bgZrjw styled__StyledPrice-sc-6nhkzi-5 iYHeik beans-buybox__price beans-price__container"><p class="styled__StyledHeading-sc-119w3hf-2 jWPEtj styled__Text-sc-8qlq5b-1 lnaeiZ beans-price__text">£1.00</p><p class="styled__StyledFootnote-sc-119w3hf-7 icrlVF styled__Subtext-sc-8qlq5b-2 bNJmdc beans-price__subtext">£0.01/each</p></div><div class="base-components__RootElement-sc-1mosoyj-1 styled__Container-vtxwzb-0 jptQqM bDFhXJ beans-buybox__actions beans-quantity-controls__container"><div class="base-components__RootElement-sc-1mosoyj-1 styled__Container-sc-16t2b2a-0 jptQqM PUfgZ styled__StyledFormGroup-vtxwzb-1 kzKuAr beans-quantity-controls__form-group beans-form-group__container"><label class="styled__StyledLabel-sc-1ttuvhr-0 izGEjV beans-form-group__label beans-label" for="quantity-controls-302663339">Quantity controls </label><div class="base-components__BaseElement-sc-1mosoyj-0 styled__Children-sc-16t2b2a-3 oznwo gdJvjO beans-form-group__children"><div class="styled__StyledQuantityControlWrapper-vtxwzb-6 LCxOg"><label id="quantity-controls-302663339-label" class="styled__VisuallyHiddenLabel-vtxwzb-7 gXlLiM">Quantity of Good Boy Antibacterial Degradable Poo Bags X 100</label><div class="component__Wrapper-sc-1kpmik-3 dReplG input-wrapper"><input class="base-components__RootElement-sc-1mosoyj-1 styled__StyledInput-sc-1jd5f57-0 component__StyledAsInput-sc-1kpmik-4 jptQqM eJLlow styled__StyledInput-vtxwzb-3 lwMHo beans-quantity-controls__input beans-input" data-auto="beans-quantity-controls-input" autocomplete="off" id="quantity-controls-302663339" maxlength="2" name="newValue" type="number" aria-labelledby="quantity-controls-302663339-label" value="1"></div></div><button class="styled__BaseButton-rsekm1-0 styled__PrimaryButton-rsekm1-2 jChbeY geeWOF styled__StyledButton-vtxwzb-5 japAxb beans-quantity-controls__add-button beans-button__container" type="submit" data-auto="beans-quantity-controls-add-button" aria-label="Quantity of Good Boy Antibacterial Degradable Poo Bags X 100"><span class="base-components__BaseElement-sc-1mosoyj-0 styled__InnerContainer-rsekm1-1 oznwo fuFres beans-button__inner-container"><span class="base-components__BaseElement-sc-1mosoyj-0 styled__TextSpan-rsekm1-4 oznwo GDiMp beans-button__text">Add</span></span></button></div></div></div></div></div><input name="_csrf" type="hidden" value="0WbpBJF9-cS-fAMl-ByHnl5hECj1JaZiBQ20"></form></div></div></div></div><div class="hidden-medium product-info-section-small"><div class="product-info-message-list"></div></div></div></div></div></div></li><li class="product-list--list-item"><div class="styles__StyledVerticalTileWrapper-dvv1wj-0 dtCNPH"><div data-auto="product-tile" data-auto-type="Quantity" data-auto-available="true" data-auto-is-restricted-disabled="false" data-auto-is-substitute="false" class="styles__StyledVerticalTile-dvv1wj-1 gSCsYK"><div class="styles__StyledTileContentWrapper-dvv1wj-2 bkNhNP beans"><div id="tile-273674763" data-auto-id="273674763" class="styles__StyledTiledContent-dvv1wj-3 bcglTg"><a href="https://www.tesco.com/groceries/en-GB/products/273674763" aria-hidden="true" class="product-image-wrapper" tabindex="1"><div class="product-image__container"><picture><img class="styled__Image-sjvkdn-0 bJErKA product-image beans-responsive-image__image" src="data:image/gif;base64,R0lGODlhAQABAAAAACH5BAEKAAEALAAAAAABAAEAAAICTAEAOw==" srcset="https://digitalcontent.api.tesco.com/v2/media/ghs/c76c547c-cd32-4095-b788-7c927bf9b929/67a53241-cbd2-47ad-9c96-9ada771915d1.jpeg?h=225&amp;w=225 768w, data:image/gif;base64,R0lGODlhAQABAAAAACH5BAEKAAEALAAAAAABAAEAAAICTAEAOw== 4000w" alt="Tesco 7 Dental Sticks For Large Dogs 270G"></picture></div></a><div class="product-details--wrapper"><h3 class="styles__H3-oa5soe-0 bCKNNq"><a href="https://www.tesco.com/groceries/en-GB/products/273674763" class="styled__Anchor-sc-1xbujuz-0 csVOnh beans-link__anchor" data-auto="product-tile--title"><span class="styled__Text-sc-1xbujuz-1 ldbwMG beans-link__text">Tesco 7 Dental Sticks For Large Dogs 270G</span></a></h3><div class="styles__StyledPromotionsAboveMobile-dvv1wj-7 iPTMuo"></div><div class="styles__StyledProductDetailsContent-dvv1wj-5 ddRSrq"><a href="https://www.tesco.com/groceries/en-GB/reviews/submission/273674763?from=%2Fshop%2Fpets%2Fall" aria-label="Write a review for Tesco 7 Dental Sticks For Large Dogs 270G" class="styled__Anchor-sc-1xbujuz-0 jSzuDt write-a-review-link beans-link__anchor" data-auto="review-link"><span class="styled__Text-sc-1xbujuz-1 fyDIEo beans-link__text">Write a review</span><span class="styled__IconContainer-sc-1xbujuz-2 bSauSL beans-link__icon-container"><svg aria-hidden="true" class="styled__SVG-xxa4wh-1 hQMCqc beans-link__icon beans-icon__svg" height="13.33" preserveAspectRatio="xMinYMax meet" viewBox="-1 0 12 20" width="8" xmlns="http://www.w3.org/2000/svg" color="currentColor"><path d="M1.312 1.348L10.276 10l-8.964 8.644" fill="none" stroke="currentColor"></path></svg></span></a><div><a href="https://www.tesco.com/groceries/en-GB/shop/pets/dog-food-and-accessories/dog-treats-dental-chews-and-biscuits/dog-chews" class="styled__Anchor-sc-1xbujuz-0 jSzuDt rest-of-shelf-link beans-link__anchor" data-auto="rest-of-shelf-link"><span class="styled__Text-sc-1xbujuz-1 fyDIEo beans-link__text">Rest of <span class="visually-hidden">Dog Chews</span> shelf</span><span class="styled__IconContainer-sc-1xbujuz-2 bSauSL beans-link__icon-container"><svg aria-hidden="true" class="styled__SVG-xxa4wh-1 hQMCqc beans-link__icon beans-icon__svg" height="13.33" preserveAspectRatio="xMinYMax meet" viewBox="-1 0 12 20" width="8" xmlns="http://www.w3.org/2000/svg" color="currentColor"><path d="M1.312 1.348L10.276 10l-8.964 8.644" fill="none" stroke="currentColor"></path></svg></span></a></div><div class="product-info-message-section"><div class="product-info-message-list"></div></div></div><div class="styles__StyledBuyBoxWrapper-dvv1wj-4 dSvjUC"><div class="styles__StyledBuyBoxContainer-sc-1wx0qp6-0 erryje" data-auto="buybox-container"><div class="styles__SafeFormWrapper-jtpu2t-0 lcrYKS"><form action="https://www.tesco.com/groceries/en-GB/trolley/items/273674763?_method=PUT" method="POST"><input type="submit" class="hidden"><input name="id" type="hidden" value="273674763"><input name="identifier" type="hidden" value="Page"><input name="anchorId" type="hidden" value="#tile-273674763"><input name="returnUrl" type="hidden" value="/groceries/en-GB/shop/pets/all?redirectIfUnavailable=true#tile-273674763"><input name="backToUrl" type="hidden" value="#"><input name="oldValue" type="hidden" value="0"><input name="oldUnitChoice" type="hidden" value="pcs"><input name="newUnitChoice" type="hidden" value="pcs"><div class="base-components__RootElement-sc-1mosoyj-1 styled__Container-sc-6nhkzi-0 jptQqM hSNpTb beans-buybox__container"><div class="base-components__BaseElement-sc-1mosoyj-0 styled__PriceAndActions-sc-6nhkzi-3 oznwo eEPLov beans-buybox__price-and-actions"><div class="base-components__RootElement-sc-1mosoyj-1 styled__Container-sc-8qlq5b-0 jptQqM bgZrjw styled__StyledPrice-sc-6nhkzi-5 iYHeik beans-buybox__price beans-price__container"><p class="styled__StyledHeading-sc-119w3hf-2 jWPEtj styled__Text-sc-8qlq5b-1 lnaeiZ beans-price__text">£1.10</p><p class="styled__StyledFootnote-sc-119w3hf-7 icrlVF styled__Subtext-sc-8qlq5b-2 bNJmdc beans-price__subtext">£4.08/kg</p></div><div class="base-components__RootElement-sc-1mosoyj-1 styled__Container-vtxwzb-0 jptQqM bDFhXJ beans-buybox__actions beans-quantity-controls__container"><div class="base-components__RootElement-sc-1mosoyj-1 styled__Container-sc-16t2b2a-0 jptQqM PUfgZ styled__StyledFormGroup-vtxwzb-1 kzKuAr beans-quantity-controls__form-group beans-form-group__container"><label class="styled__StyledLabel-sc-1ttuvhr-0 izGEjV beans-form-group__label beans-label" for="quantity-controls-273674763">Quantity controls </label><div class="base-components__BaseElement-sc-1mosoyj-0 styled__Children-sc-16t2b2a-3 oznwo gdJvjO beans-form-group__children"><div class="styled__StyledQuantityControlWrapper-vtxwzb-6 LCxOg"><label id="quantity-controls-273674763-label" class="styled__VisuallyHiddenLabel-vtxwzb-7 gXlLiM">Quantity of Tesco 7 Dental Sticks For Large Dogs 270G</label><div class="component__Wrapper-sc-1kpmik-3 dReplG input-wrapper"><input class="base-components__RootElement-sc-1mosoyj-1 styled__StyledInput-sc-1jd5f57-0 component__StyledAsInput-sc-1kpmik-4 jptQqM eJLlow styled__StyledInput-vtxwzb-3 lwMHo beans-quantity-controls__input beans-input" data-auto="beans-quantity-controls-input" autocomplete="off" id="quantity-controls-273674763" maxlength="2" name="newValue" type="number" aria-labelledby="quantity-controls-273674763-label" value="1"></div></div><button class="styled__BaseButton-rsekm1-0 styled__PrimaryButton-rsekm1-2 jChbeY geeWOF styled__StyledButton-vtxwzb-5 japAxb beans-quantity-controls__add-button beans-button__container" type="submit" data-auto="beans-quantity-controls-add-button" aria-label="Quantity of Tesco 7 Dental Sticks For Large Dogs 270G"><span class="base-components__BaseElement-sc-1mosoyj-0 styled__InnerContainer-rsekm1-1 oznwo fuFres beans-button__inner-container"><span class="base-components__BaseElement-sc-1mosoyj-0 styled__TextSpan-rsekm1-4 oznwo GDiMp beans-button__text">Add</span></span></button></div></div></div></div></div><input name="_csrf" type="hidden" value="0WbpBJF9-cS-fAMl-ByHnl5hECj1JaZiBQ20"></form></div></div></div></div><div class="hidden-medium product-info-section-small"><div class="product-info-message-list"></div></div></div></div></div></div></li><li class="product-list--list-item"><div class="styles__StyledVerticalTileWrapper-dvv1wj-0 dtCNPH"><div data-auto="product-tile" data-auto-type="Quantity" data-auto-available="true" data-auto-is-restricted-disabled="false" data-auto-is-substitute="false" class="styles__StyledVerticalTile-dvv1wj-1 gSCsYK"><div class="styles__StyledTileContentWrapper-dvv1wj-2 bkNhNP beans"><div id="tile-295236120" data-auto-id="295236120" class="styles__StyledTiledContent-dvv1wj-3 bcglTg"><a href="https://www.tesco.com/groceries/en-GB/products/295236120" aria-hidden="true" class="product-image-wrapper" tabindex="1"><div class="product-image__container"><picture><img class="styled__Image-sjvkdn-0 bJErKA product-image beans-responsive-image__image" src="data:image/gif;base64,R0lGODlhAQABAAAAACH5BAEKAAEALAAAAAABAAEAAAICTAEAOw==" srcset="https://digitalcontent.api.tesco.com/v2/media/ghs/311c8550-68cd-4053-a9b2-5ef53a43cc25/2bf111c1-69fa-40ad-90bd-63ed8d791b1b_984036777.jpeg?h=225&amp;w=225 768w, data:image/gif;base64,R0lGODlhAQABAAAAACH5BAEKAAEALAAAAAABAAEAAAICTAEAOw== 4000w" alt="Wagg Training Treats Chicken Beef &amp; Lamb 125G"></picture></div></a><div class="product-details--wrapper"><h3 class="styles__H3-oa5soe-0 bCKNNq"><a href="https://www.tesco.com/groceries/en-GB/products/295236120" class="styled__Anchor-sc-1xbujuz-0 csVOnh beans-link__anchor" data-auto="product-tile--title"><span class="styled__Text-sc-1xbujuz-1 ldbwMG beans-link__text">Wagg Training Treats Chicken Beef &amp; Lamb 125G</span></a></h3><div class="styles__StyledPromotionsAboveMobile-dvv1wj-7 iPTMuo"></div><div class="styles__StyledProductDetailsContent-dvv1wj-5 ddRSrq"><a href="https://www.tesco.com/groceries/en-GB/reviews/submission/295236120?from=%2Fshop%2Fpets%2Fall" aria-label="Write a review for Wagg Training Treats Chicken Beef &amp; Lamb 125G" class="styled__Anchor-sc-1xbujuz-0 jSzuDt write-a-review-link beans-link__anchor" data-auto="review-link"><span class="styled__Text-sc-1xbujuz-1 fyDIEo beans-link__text">Write a review</span><span class="styled__IconContainer-sc-1xbujuz-2 bSauSL beans-link__icon-container"><svg aria-hidden="true" class="styled__SVG-xxa4wh-1 hQMCqc beans-link__icon beans-icon__svg" height="13.33" preserveAspectRatio="xMinYMax meet" viewBox="-1 0 12 20" width="8" xmlns="http://www.w3.org/2000/svg" color="currentColor"><path d="M1.312 1.348L10.276 10l-8.964 8.644" fill="none" stroke="currentColor"></path></svg></span></a><div><a href="https://www.tesco.com/groceries/en-GB/shop/pets/dog-food-and-accessories/puppy-food-(0-12-months)/puppy-treats-and-chews" class="styled__Anchor-sc-1xbujuz-0 jSzuDt rest-of-shelf-link beans-link__anchor" data-auto="rest-of-shelf-link"><span class="styled__Text-sc-1xbujuz-1 fyDIEo beans-link__text">Rest of <span class="visually-hidden">Puppy Treats &amp; Chews</span> shelf</span><span class="styled__IconContainer-sc-1xbujuz-2 bSauSL beans-link__icon-container"><svg aria-hidden="true" class="styled__SVG-xxa4wh-1 hQMCqc beans-link__icon beans-icon__svg" height="13.33" preserveAspectRatio="xMinYMax meet" viewBox="-1 0 12 20" width="8" xmlns="http://www.w3.org/2000/svg" color="currentColor"><path d="M1.312 1.348L10.276 10l-8.964 8.644" fill="none" stroke="currentColor"></path></svg></span></a></div><div class="product-info-message-section"><div class="product-info-message-list"></div></div></div><div class="styles__StyledBuyBoxWrapper-dvv1wj-4 dSvjUC"><div class="styles__StyledBuyBoxContainer-sc-1wx0qp6-0 erryje" data-auto="buybox-container"><div class="styles__SafeFormWrapper-jtpu2t-0 lcrYKS"><form action="https://www.tesco.com/groceries/en-GB/trolley/items/295236120?_method=PUT" method="POST"><input type="submit" class="hidden"><input name="id" type="hidden" value="295236120"><input name="identifier" type="hidden" value="Page"><input name="anchorId" type="hidden" value="#tile-295236120"><input name="returnUrl" type="hidden" value="/groceries/en-GB/shop/pets/all?redirectIfUnavailable=true#tile-295236120"><input name="backToUrl" type="hidden" value="#"><input name="oldValue" type="hidden" value="0"><input name="oldUnitChoice" type="hidden" value="pcs"><input name="newUnitChoice" type="hidden" value="pcs"><div class="base-components__RootElement-sc-1mosoyj-1 styled__Container-sc-6nhkzi-0 jptQqM hSNpTb beans-buybox__container"><div class="base-components__BaseElement-sc-1mosoyj-0 styled__PriceAndActions-sc-6nhkzi-3 oznwo eEPLov beans-buybox__price-and-actions"><div class="base-components__RootElement-sc-1mosoyj-1 styled__Container-sc-8qlq5b-0 jptQqM bgZrjw styled__StyledPrice-sc-6nhkzi-5 iYHeik beans-buybox__price beans-price__container"><p class="styled__StyledHeading-sc-119w3hf-2 jWPEtj styled__Text-sc-8qlq5b-1 lnaeiZ beans-price__text">£1.20</p><p class="styled__StyledFootnote-sc-119w3hf-7 icrlVF styled__Subtext-sc-8qlq5b-2 bNJmdc beans-price__subtext">£9.60/kg</p></div><div class="base-components__RootElement-sc-1mosoyj-1 styled__Container-vtxwzb-0 jptQqM bDFhXJ beans-buybox__actions beans-quantity-controls__container"><div class="base-components__RootElement-sc-1mosoyj-1 styled__Container-sc-16t2b2a-0 jptQqM PUfgZ styled__StyledFormGroup-vtxwzb-1 kzKuAr beans-quantity-controls__form-group beans-form-group__container"><label class="styled__StyledLabel-sc-1ttuvhr-0 izGEjV beans-form-group__label beans-label" for="quantity-controls-295236120">Quantity controls </label><div class="base-components__BaseElement-sc-1mosoyj-0 styled__Children-sc-16t2b2a-3 oznwo gdJvjO beans-form-group__children"><div class="styled__StyledQuantityControlWrapper-vtxwzb-6 LCxOg"><label id="quantity-controls-295236120-label" class="styled__VisuallyHiddenLabel-vtxwzb-7 gXlLiM">Quantity of Wagg Training Treats Chicken Beef &amp; Lamb 125G</label><div class="component__Wrapper-sc-1kpmik-3 dReplG input-wrapper"><input class="base-components__RootElement-sc-1mosoyj-1 styled__StyledInput-sc-1jd5f57-0 component__StyledAsInput-sc-1kpmik-4 jptQqM eJLlow styled__StyledInput-vtxwzb-3 lwMHo beans-quantity-controls__input beans-input" data-auto="beans-quantity-controls-input" autocomplete="off" id="quantity-controls-295236120" maxlength="2" name="newValue" type="number" aria-labelledby="quantity-controls-295236120-label" value="1"></div></div><button class="styled__BaseButton-rsekm1-0 styled__PrimaryButton-rsekm1-2 jChbeY geeWOF styled__StyledButton-vtxwzb-5 japAxb beans-quantity-controls__add-button beans-button__container" type="submit" data-auto="beans-quantity-controls-add-button" aria-label="Quantity of Wagg Training Treats Chicken Beef &amp; Lamb 125G"><span class="base-components__BaseElement-sc-1mosoyj-0 styled__InnerContainer-rsekm1-1 oznwo fuFres beans-button__inner-container"><span class="base-components__BaseElement-sc-1mosoyj-0 styled__TextSpan-rsekm1-4 oznwo GDiMp beans-button__text">Add</span></span></button></div></div></div></div></div><input name="_csrf" type="hidden" value="0WbpBJF9-cS-fAMl-ByHnl5hECj1JaZiBQ20"></form></div></div></div></div><div class="hidden-medium product-info-section-small"><div class="product-info-message-list"></div></div></div></div></div></div></li><li class="product-list--list-item"><div class="styles__StyledVerticalTileWrapper-dvv1wj-0 dtCNPH"><div data-auto="product-tile" data-auto-type="Quantity" data-auto-available="true" data-auto-is-restricted-disabled="false" data-auto-is-substitute="false" class="styles__StyledVerticalTile-dvv1wj-1 gSCsYK"><div class="styles__StyledTileContentWrapper-dvv1wj-2 bkNhNP beans"><div id="tile-265390488" data-auto-id="265390488" class="styles__StyledTiledContent-dvv1wj-3 bcglTg"><a href="https://www.tesco.com/groceries/en-GB/products/265390488" aria-hidden="true" class="product-image-wrapper" tabindex="1"><div class="product-image__container"><picture><img class="styled__Image-sjvkdn-0 bJErKA product-image beans-responsive-image__image" src="data:image/gif;base64,R0lGODlhAQABAAAAACH5BAEKAAEALAAAAAABAAEAAAICTAEAOw==" srcset="https://digitalcontent.api.tesco.com/v2/media/ghs/43f64e55-0ed4-4b0b-9879-750edbfe4ec7/bbf7b580-4120-4faa-ae1f-2c5dcf06f412_910798330.jpeg?h=225&amp;w=225 768w, data:image/gif;base64,R0lGODlhAQABAAAAACH5BAEKAAEALAAAAAABAAEAAAICTAEAOw== 4000w" alt="Wagg Low Fat Dog Treats 125G"></picture></div></a><div class="product-details--wrapper"><h3 class="styles__H3-oa5soe-0 bCKNNq"><a href="https://www.tesco.com/groceries/en-GB/products/265390488" class="styled__Anchor-sc-1xbujuz-0 csVOnh beans-link__anchor" data-auto="product-tile--title"><span class="styled__Text-sc-1xbujuz-1 ldbwMG beans-link__text">Wagg Low Fat Dog Treats 125G</span></a></h3><div class="styles__StyledPromotionsAboveMobile-dvv1wj-7 iPTMuo"></div><div class="styles__StyledProductDetailsContent-dvv1wj-5 ddRSrq"><a href="https://www.tesco.com/groceries/en-GB/reviews/submission/265390488?from=%2Fshop%2Fpets%2Fall" aria-label="Write a review for Wagg Low Fat Dog Treats 125G" class="styled__Anchor-sc-1xbujuz-0 jSzuDt write-a-review-link beans-link__anchor" data-auto="review-link"><span class="styled__Text-sc-1xbujuz-1 fyDIEo beans-link__text">Write a review</span><span class="styled__IconContainer-sc-1xbujuz-2 bSauSL beans-link__icon-container"><svg aria-hidden="true" class="styled__SVG-xxa4wh-1 hQMCqc beans-link__icon beans-icon__svg" height="13.33" preserveAspectRatio="xMinYMax meet" viewBox="-1 0 12 20" width="8" xmlns="http://www.w3.org/2000/svg" color="currentColor"><path d="M1.312 1.348L10.276 10l-8.964 8.644" fill="none" stroke="currentColor"></path></svg></span></a><div><a href="https://www.tesco.com/groceries/en-GB/shop/pets/dog-food-and-accessories/dog-treats-dental-chews-and-biscuits/dog-treats" class="styled__Anchor-sc-1xbujuz-0 jSzuDt rest-of-shelf-link beans-link__anchor" data-auto="rest-of-shelf-link"><span class="styled__Text-sc-1xbujuz-1 fyDIEo beans-link__text">Rest of <span class="visually-hidden">Dog Treats</span> shelf</span><span class="styled__IconContainer-sc-1xbujuz-2 bSauSL beans-link__icon-container"><svg aria-hidden="true" class="styled__SVG-xxa4wh-1 hQMCqc beans-link__icon beans-icon__svg" height="13.33" preserveAspectRatio="xMinYMax meet" viewBox="-1 0 12 20" width="8" xmlns="http://www.w3.org/2000/svg" color="currentColor"><path d="M1.312 1.348L10.276 10l-8.964 8.644" fill="none" stroke="currentColor"></path></svg></span></a></div><div class="product-info-message-section"><div class="product-info-message-list"></div></div></div><div class="styles__StyledBuyBoxWrapper-dvv1wj-4 dSvjUC"><div class="styles__StyledBuyBoxContainer-sc-1wx0qp6-0 erryje" data-auto="buybox-container"><div class="styles__SafeFormWrapper-jtpu2t-0 lcrYKS"><form action="https://www.tesco.com/groceries/en-GB/trolley/items/265390488?_method=PUT" method="POST"><input type="submit" class="hidden"><input name="id" type="hidden" value="265390488"><input name="identifier" type="hidden" value="Page"><input name="anchorId" type="hidden" value="#tile-265390488"><input name="returnUrl" type="hidden" value="/groceries/en-GB/shop/pets/all?redirectIfUnavailable=true#tile-265390488"><input name="backToUrl" type="hidden" value="#"><input name="oldValue" type="hidden" value="0"><input name="oldUnitChoice" type="hidden" value="pcs"><input name="newUnitChoice" type="hidden" value="pcs"><div class="base-components__RootElement-sc-1mosoyj-1 styled__Container-sc-6nhkzi-0 jptQqM hSNpTb beans-buybox__container"><div class="base-components__BaseElement-sc-1mosoyj-0 styled__PriceAndActions-sc-6nhkzi-3 oznwo eEPLov beans-buybox__price-and-actions"><div class="base-components__RootElement-sc-1mosoyj-1 styled__Container-sc-8qlq5b-0 jptQqM bgZrjw styled__StyledPrice-sc-6nhkzi-5 iYHeik beans-buybox__price beans-price__container"><p class="styled__StyledHeading-sc-119w3hf-2 jWPEtj styled__Text-sc-8qlq5b-1 lnaeiZ beans-price__text">£1.20</p><p class="styled__StyledFootnote-sc-119w3hf-7 icrlVF styled__Subtext-sc-8qlq5b-2 bNJmdc beans-price__subtext">£9.60/kg</p></div><div class="base-components__RootElement-sc-1mosoyj-1 styled__Container-vtxwzb-0 jptQqM bDFhXJ beans-buybox__actions beans-quantity-controls__container"><div class="base-components__RootElement-sc-1mosoyj-1 styled__Container-sc-16t2b2a-0 jptQqM PUfgZ styled__StyledFormGroup-vtxwzb-1 kzKuAr beans-quantity-controls__form-group beans-form-group__container"><label class="styled__StyledLabel-sc-1ttuvhr-0 izGEjV beans-form-group__label beans-label" for="quantity-controls-265390488">Quantity controls </label><div class="base-components__BaseElement-sc-1mosoyj-0 styled__Children-sc-16t2b2a-3 oznwo gdJvjO beans-form-group__children"><div class="styled__StyledQuantityControlWrapper-vtxwzb-6 LCxOg"><label id="quantity-controls-265390488-label" class="styled__VisuallyHiddenLabel-vtxwzb-7 gXlLiM">Quantity of Wagg Low Fat Dog Treats 125G</label><div class="component__Wrapper-sc-1kpmik-3 dReplG input-wrapper"><input class="base-components__RootElement-sc-1mosoyj-1 styled__StyledInput-sc-1jd5f57-0 component__StyledAsInput-sc-1kpmik-4 jptQqM eJLlow styled__StyledInput-vtxwzb-3 lwMHo beans-quantity-controls__input beans-input" data-auto="beans-quantity-controls-input" autocomplete="off" id="quantity-controls-265390488" maxlength="2" name="newValue" type="number" aria-labelledby="quantity-controls-265390488-label" value="1"></div></div><button class="styled__BaseButton-rsekm1-0 styled__PrimaryButton-rsekm1-2 jChbeY geeWOF styled__StyledButton-vtxwzb-5 japAxb beans-quantity-controls__add-button beans-button__container" type="submit" data-auto="beans-quantity-controls-add-button" aria-label="Quantity of Wagg Low Fat Dog Treats 125G"><span class="base-components__BaseElement-sc-1mosoyj-0 styled__InnerContainer-rsekm1-1 oznwo fuFres beans-button__inner-container"><span class="base-components__BaseElement-sc-1mosoyj-0 styled__TextSpan-rsekm1-4 oznwo GDiMp beans-button__text">Add</span></span></button></div></div></div></div></div><input name="_csrf" type="hidden" value="0WbpBJF9-cS-fAMl-ByHnl5hECj1JaZiBQ20"></form></div></div></div></div><div class="hidden-medium product-info-section-small"><div class="product-info-message-list"></div></div></div></div></div></div></li><li class="product-list--list-item"><div class="styles__StyledVerticalTileWrapper-dvv1wj-0 dtCNPH"><div data-auto="product-tile" data-auto-type="Quantity" data-auto-available="true" data-auto-is-restricted-disabled="false" data-auto-is-substitute="false" class="styles__StyledVerticalTile-dvv1wj-1 gSCsYK"><div class="styles__StyledTileContentWrapper-dvv1wj-2 bkNhNP beans"><div id="tile-273968871" data-auto-id="273968871" class="styles__StyledTiledContent-dvv1wj-3 bcglTg"><a href="https://www.tesco.com/groceries/en-GB/products/273968871" aria-hidden="true" class="product-image-wrapper" tabindex="1"><div class="product-image__container"><picture><img class="styled__Image-sjvkdn-0 bJErKA product-image beans-responsive-image__image" src="data:image/gif;base64,R0lGODlhAQABAAAAACH5BAEKAAEALAAAAAABAAEAAAICTAEAOw==" srcset="https://digitalcontent.api.tesco.com/v2/media/ghs/d8e40dd0-af1f-4174-9e4a-e75337bec30f/40128c8b-db22-4ff4-8cab-3b9d7e366496.jpeg?h=225&amp;w=225 768w, data:image/gif;base64,R0lGODlhAQABAAAAACH5BAEKAAEALAAAAAABAAEAAAICTAEAOw== 4000w" alt="Webbox Cats Delight 6 Sticks Salmon &amp; Trout 30G"></picture></div></a><div class="product-details--wrapper"><h3 class="styles__H3-oa5soe-0 bCKNNq"><a href="https://www.tesco.com/groceries/en-GB/products/273968871" class="styled__Anchor-sc-1xbujuz-0 csVOnh beans-link__anchor" data-auto="product-tile--title"><span class="styled__Text-sc-1xbujuz-1 ldbwMG beans-link__text">Webbox Cats Delight 6 Sticks Salmon &amp; Trout 30G</span></a></h3><div class="styles__StyledPromotionsAboveMobile-dvv1wj-7 iPTMuo"></div><div class="styles__StyledProductDetailsContent-dvv1wj-5 ddRSrq"><a href="https://www.tesco.com/groceries/en-GB/reviews/submission/273968871?from=%2Fshop%2Fpets%2Fall" aria-label="Write a review for Webbox Cats Delight 6 Sticks Salmon &amp; Trout 30G" class="styled__Anchor-sc-1xbujuz-0 jSzuDt write-a-review-link beans-link__anchor" data-auto="review-link"><span class="styled__Text-sc-1xbujuz-1 fyDIEo beans-link__text">Write a review</span><span class="styled__IconContainer-sc-1xbujuz-2 bSauSL beans-link__icon-container"><svg aria-hidden="true" class="styled__SVG-xxa4wh-1 hQMCqc beans-link__icon beans-icon__svg" height="13.33" preserveAspectRatio="xMinYMax meet" viewBox="-1 0 12 20" width="8" xmlns="http://www.w3.org/2000/svg" color="currentColor"><path d="M1.312 1.348L10.276 10l-8.964 8.644" fill="none" stroke="currentColor"></path></svg></span></a><div><a href="https://www.tesco.com/groceries/en-GB/shop/pets/cat-food-and-accessories/cat-treats-and-cat-milk/cat-treats" class="styled__Anchor-sc-1xbujuz-0 jSzuDt rest-of-shelf-link beans-link__anchor" data-auto="rest-of-shelf-link"><span class="styled__Text-sc-1xbujuz-1 fyDIEo beans-link__text">Rest of <span class="visually-hidden">Cat Treats</span> shelf</span><span class="styled__IconContainer-sc-1xbujuz-2 bSauSL beans-link__icon-container"><svg aria-hidden="true" class="styled__SVG-xxa4wh-1 hQMCqc beans-link__icon beans-icon__svg" height="13.33" preserveAspectRatio="xMinYMax meet" viewBox="-1 0 12 20" width="8" xmlns="http://www.w3.org/2000/svg" color="currentColor"><path d="M1.312 1.348L10.276 10l-8.964 8.644" fill="none" stroke="currentColor"></path></svg></span></a></div><div class="product-info-message-section"><div class="product-info-message-list"></div></div></div><div class="styles__StyledBuyBoxWrapper-dvv1wj-4 dSvjUC"><div class="styles__StyledBuyBoxContainer-sc-1wx0qp6-0 erryje" data-auto="buybox-container"><div class="styles__SafeFormWrapper-jtpu2t-0 lcrYKS"><form action="https://www.tesco.com/groceries/en-GB/trolley/items/273968871?_method=PUT" method="POST"><input type="submit" class="hidden"><input name="id" type="hidden" value="273968871"><input name="identifier" type="hidden" value="Page"><input name="anchorId" type="hidden" value="#tile-273968871"><input name="returnUrl" type="hidden" value="/groceries/en-GB/shop/pets/all?redirectIfUnavailable=true#tile-273968871"><input name="backToUrl" type="hidden" value="#"><input name="oldValue" type="hidden" value="0"><input name="oldUnitChoice" type="hidden" value="pcs"><input name="newUnitChoice" type="hidden" value="pcs"><div class="base-components__RootElement-sc-1mosoyj-1 styled__Container-sc-6nhkzi-0 jptQqM hSNpTb beans-buybox__container"><div class="base-components__BaseElement-sc-1mosoyj-0 styled__PriceAndActions-sc-6nhkzi-3 oznwo eEPLov beans-buybox__price-and-actions"><div class="base-components__RootElement-sc-1mosoyj-1 styled__Container-sc-8qlq5b-0 jptQqM bgZrjw styled__StyledPrice-sc-6nhkzi-5 iYHeik beans-buybox__price beans-price__container"><p class="styled__StyledHeading-sc-119w3hf-2 jWPEtj styled__Text-sc-8qlq5b-1 lnaeiZ beans-price__text">£1.20</p><p class="styled__StyledFootnote-sc-119w3hf-7 icrlVF styled__Subtext-sc-8qlq5b-2 bNJmdc beans-price__subtext">£40.00/kg</p></div><div class="base-components__RootElement-sc-1mosoyj-1 styled__Container-vtxwzb-0 jptQqM bDFhXJ beans-buybox__actions beans-quantity-controls__container"><div class="base-components__RootElement-sc-1mosoyj-1 styled__Container-sc-16t2b2a-0 jptQqM PUfgZ styled__StyledFormGroup-vtxwzb-1 kzKuAr beans-quantity-controls__form-group beans-form-group__container"><label class="styled__StyledLabel-sc-1ttuvhr-0 izGEjV beans-form-group__label beans-label" for="quantity-controls-273968871">Quantity controls </label><div class="base-components__BaseElement-sc-1mosoyj-0 styled__Children-sc-16t2b2a-3 oznwo gdJvjO beans-form-group__children"><div class="styled__StyledQuantityControlWrapper-vtxwzb-6 LCxOg"><label id="quantity-controls-273968871-label" class="styled__VisuallyHiddenLabel-vtxwzb-7 gXlLiM">Quantity of Webbox Cats Delight 6 Sticks Salmon &amp; Trout 30G</label><div class="component__Wrapper-sc-1kpmik-3 dReplG input-wrapper"><input class="base-components__RootElement-sc-1mosoyj-1 styled__StyledInput-sc-1jd5f57-0 component__StyledAsInput-sc-1kpmik-4 jptQqM eJLlow styled__StyledInput-vtxwzb-3 lwMHo beans-quantity-controls__input beans-input" data-auto="beans-quantity-controls-input" autocomplete="off" id="quantity-controls-273968871" maxlength="2" name="newValue" type="number" aria-labelledby="quantity-controls-273968871-label" value="1"></div></div><button class="styled__BaseButton-rsekm1-0 styled__PrimaryButton-rsekm1-2 jChbeY geeWOF styled__StyledButton-vtxwzb-5 japAxb beans-quantity-controls__add-button beans-button__container" type="submit" data-auto="beans-quantity-controls-add-button" aria-label="Quantity of Webbox Cats Delight 6 Sticks Salmon &amp; Trout 30G"><span class="base-components__BaseElement-sc-1mosoyj-0 styled__InnerContainer-rsekm1-1 oznwo fuFres beans-button__inner-container"><span class="base-components__BaseElement-sc-1mosoyj-0 styled__TextSpan-rsekm1-4 oznwo GDiMp beans-button__text">Add</span></span></button></div></div></div></div></div><input name="_csrf" type="hidden" value="0WbpBJF9-cS-fAMl-ByHnl5hECj1JaZiBQ20"></form></div></div></div></div><div class="hidden-medium product-info-section-small"><div class="product-info-message-list"></div></div></div></div></div></div></li><li class="product-list--list-item"><div class="styles__StyledVerticalTileWrapper-dvv1wj-0 dtCNPH"><div data-auto="product-tile" data-auto-type="Quantity" data-auto-available="true" data-auto-is-restricted-disabled="false" data-auto-is-substitute="false" class="styles__StyledVerticalTile-dvv1wj-1 gSCsYK"><div class="styles__StyledTileContentWrapper-dvv1wj-2 bkNhNP beans"><div id="tile-272409775" data-auto-id="272409775" class="styles__StyledTiledContent-dvv1wj-3 bcglTg"><a href="https://www.tesco.com/groceries/en-GB/products/272409775" aria-hidden="true" class="product-image-wrapper" tabindex="1"><div class="product-image__container"><picture><img class="styled__Image-sjvkdn-0 bJErKA product-image beans-responsive-image__image" src="data:image/gif;base64,R0lGODlhAQABAAAAACH5BAEKAAEALAAAAAABAAEAAAICTAEAOw==" srcset="https://digitalcontent.api.tesco.com/v2/media/ghs/951b7f67-69e8-41a6-812f-1d03fec316e2/2536742c-9e5f-4098-b387-362f2b46d2de.jpeg?h=225&amp;w=225 768w, data:image/gif;base64,R0lGODlhAQABAAAAACH5BAEKAAEALAAAAAABAAEAAAICTAEAOw== 4000w" alt="Webbox Lick-E-Lix Salmon 5X15g"></picture></div></a><div class="product-details--wrapper"><h3 class="styles__H3-oa5soe-0 bCKNNq"><a href="https://www.tesco.com/groceries/en-GB/products/272409775" class="styled__Anchor-sc-1xbujuz-0 csVOnh beans-link__anchor" data-auto="product-tile--title"><span class="styled__Text-sc-1xbujuz-1 ldbwMG beans-link__text">Webbox Lick-E-Lix Salmon 5X15g</span></a></h3><div class="styles__StyledPromotionsAboveMobile-dvv1wj-7 iPTMuo"></div><div class="styles__StyledProductDetailsContent-dvv1wj-5 ddRSrq"><a href="https://www.tesco.com/groceries/en-GB/reviews/submission/272409775?from=%2Fshop%2Fpets%2Fall" aria-label="Write a review for Webbox Lick-E-Lix Salmon 5X15g" class="styled__Anchor-sc-1xbujuz-0 jSzuDt write-a-review-link beans-link__anchor" data-auto="review-link"><span class="styled__Text-sc-1xbujuz-1 fyDIEo beans-link__text">Write a review</span><span class="styled__IconContainer-sc-1xbujuz-2 bSauSL beans-link__icon-container"><svg aria-hidden="true" class="styled__SVG-xxa4wh-1 hQMCqc beans-link__icon beans-icon__svg" height="13.33" preserveAspectRatio="xMinYMax meet" viewBox="-1 0 12 20" width="8" xmlns="http://www.w3.org/2000/svg" color="currentColor"><path d="M1.312 1.348L10.276 10l-8.964 8.644" fill="none" stroke="currentColor"></path></svg></span></a><div><a href="https://www.tesco.com/groceries/en-GB/shop/pets/cat-food-and-accessories/cat-treats-and-cat-milk/cat-treats" class="styled__Anchor-sc-1xbujuz-0 jSzuDt rest-of-shelf-link beans-link__anchor" data-auto="rest-of-shelf-link"><span class="styled__Text-sc-1xbujuz-1 fyDIEo beans-link__text">Rest of <span class="visually-hidden">Cat Treats</span> shelf</span><span class="styled__IconContainer-sc-1xbujuz-2 bSauSL beans-link__icon-container"><svg aria-hidden="true" class="styled__SVG-xxa4wh-1 hQMCqc beans-link__icon beans-icon__svg" height="13.33" preserveAspectRatio="xMinYMax meet" viewBox="-1 0 12 20" width="8" xmlns="http://www.w3.org/2000/svg" color="currentColor"><path d="M1.312 1.348L10.276 10l-8.964 8.644" fill="none" stroke="currentColor"></path></svg></span></a></div><div class="product-info-message-section"><div class="product-info-message-list"></div></div></div><div class="styles__StyledBuyBoxWrapper-dvv1wj-4 dSvjUC"><div class="styles__StyledBuyBoxContainer-sc-1wx0qp6-0 erryje" data-auto="buybox-container"><div class="styles__SafeFormWrapper-jtpu2t-0 lcrYKS"><form action="https://www.tesco.com/groceries/en-GB/trolley/items/272409775?_method=PUT" method="POST"><input type="submit" class="hidden"><input name="id" type="hidden" value="272409775"><input name="identifier" type="hidden" value="Page"><input name="anchorId" type="hidden" value="#tile-272409775"><input name="returnUrl" type="hidden" value="/groceries/en-GB/shop/pets/all?redirectIfUnavailable=true#tile-272409775"><input name="backToUrl" type="hidden" value="#"><input name="oldValue" type="hidden" value="0"><input name="oldUnitChoice" type="hidden" value="pcs"><input name="newUnitChoice" type="hidden" value="pcs"><div class="base-components__RootElement-sc-1mosoyj-1 styled__Container-sc-6nhkzi-0 jptQqM hSNpTb beans-buybox__container"><div class="base-components__BaseElement-sc-1mosoyj-0 styled__PriceAndActions-sc-6nhkzi-3 oznwo eEPLov beans-buybox__price-and-actions"><div class="base-components__RootElement-sc-1mosoyj-1 styled__Container-sc-8qlq5b-0 jptQqM bgZrjw styled__StyledPrice-sc-6nhkzi-5 iYHeik beans-buybox__price beans-price__container"><p class="styled__StyledHeading-sc-119w3hf-2 jWPEtj styled__Text-sc-8qlq5b-1 lnaeiZ beans-price__text">£1.15</p><p class="styled__StyledFootnote-sc-119w3hf-7 icrlVF styled__Subtext-sc-8qlq5b-2 bNJmdc beans-price__subtext">£15.34/kg</p></div><div class="base-components__RootElement-sc-1mosoyj-1 styled__Container-vtxwzb-0 jptQqM bDFhXJ beans-buybox__actions beans-quantity-controls__container"><div class="base-components__RootElement-sc-1mosoyj-1 styled__Container-sc-16t2b2a-0 jptQqM PUfgZ styled__StyledFormGroup-vtxwzb-1 kzKuAr beans-quantity-controls__form-group beans-form-group__container"><label class="styled__StyledLabel-sc-1ttuvhr-0 izGEjV beans-form-group__label beans-label" for="quantity-controls-272409775">Quantity controls </label><div class="base-components__BaseElement-sc-1mosoyj-0 styled__Children-sc-16t2b2a-3 oznwo gdJvjO beans-form-group__children"><div class="styled__StyledQuantityControlWrapper-vtxwzb-6 LCxOg"><label id="quantity-controls-272409775-label" class="styled__VisuallyHiddenLabel-vtxwzb-7 gXlLiM">Quantity of Webbox Lick-E-Lix Salmon 5X15g</label><div class="component__Wrapper-sc-1kpmik-3 dReplG input-wrapper"><input class="base-components__RootElement-sc-1mosoyj-1 styled__StyledInput-sc-1jd5f57-0 component__StyledAsInput-sc-1kpmik-4 jptQqM eJLlow styled__StyledInput-vtxwzb-3 lwMHo beans-quantity-controls__input beans-input" data-auto="beans-quantity-controls-input" autocomplete="off" id="quantity-controls-272409775" maxlength="2" name="newValue" type="number" aria-labelledby="quantity-controls-272409775-label" value="1"></div></div><button class="styled__BaseButton-rsekm1-0 styled__PrimaryButton-rsekm1-2 jChbeY geeWOF styled__StyledButton-vtxwzb-5 japAxb beans-quantity-controls__add-button beans-button__container" type="submit" data-auto="beans-quantity-controls-add-button" aria-label="Quantity of Webbox Lick-E-Lix Salmon 5X15g"><span class="base-components__BaseElement-sc-1mosoyj-0 styled__InnerContainer-rsekm1-1 oznwo fuFres beans-button__inner-container"><span class="base-components__BaseElement-sc-1mosoyj-0 styled__TextSpan-rsekm1-4 oznwo GDiMp beans-button__text">Add</span></span></button></div></div></div></div></div><input name="_csrf" type="hidden" value="0WbpBJF9-cS-fAMl-ByHnl5hECj1JaZiBQ20"></form></div></div></div></div><div class="hidden-medium product-info-section-small"><div class="product-info-message-list"></div></div></div></div></div></div></li><li class="product-list--list-item"><div class="styles__StyledVerticalTileWrapper-dvv1wj-0 dtCNPH"><div data-auto="product-tile" data-auto-type="Quantity" data-auto-available="true" data-auto-is-restricted-disabled="false" data-auto-is-substitute="false" class="styles__StyledVerticalTile-dvv1wj-1 gSCsYK"><div class="styles__StyledTileContentWrapper-dvv1wj-2 bkNhNP beans"><div id="tile-273969023" data-auto-id="273969023" class="styles__StyledTiledContent-dvv1wj-3 bcglTg"><a href="https://www.tesco.com/groceries/en-GB/products/273969023" aria-hidden="true" class="product-image-wrapper" tabindex="1"><div class="product-image__container"><picture><img class="styled__Image-sjvkdn-0 bJErKA product-image beans-responsive-image__image" src="data:image/gif;base64,R0lGODlhAQABAAAAACH5BAEKAAEALAAAAAABAAEAAAICTAEAOw==" srcset="https://digitalcontent.api.tesco.com/v2/media/ghs/0a9511c2-2336-49e8-8d18-c84f57869363/92a9ed86-b94a-4481-93fe-3a40a45c28f4.jpeg?h=225&amp;w=225 768w, data:image/gif;base64,R0lGODlhAQABAAAAACH5BAEKAAEALAAAAAABAAEAAAICTAEAOw== 4000w" alt="Webbox Cat Sticks Chicken &amp; Liver 6&#39;S"></picture></div></a><div class="product-details--wrapper"><h3 class="styles__H3-oa5soe-0 bCKNNq"><a href="https://www.tesco.com/groceries/en-GB/products/273969023" class="styled__Anchor-sc-1xbujuz-0 csVOnh beans-link__anchor" data-auto="product-tile--title"><span class="styled__Text-sc-1xbujuz-1 ldbwMG beans-link__text">Webbox Cat Sticks Chicken &amp; Liver 6'S</span></a></h3><div class="styles__StyledPromotionsAboveMobile-dvv1wj-7 iPTMuo"></div><div class="styles__StyledProductDetailsContent-dvv1wj-5 ddRSrq"><a href="https://www.tesco.com/groceries/en-GB/reviews/submission/273969023?from=%2Fshop%2Fpets%2Fall" aria-label="Write a review for Webbox Cat Sticks Chicken &amp; Liver 6&#39;S" class="styled__Anchor-sc-1xbujuz-0 jSzuDt write-a-review-link beans-link__anchor" data-auto="review-link"><span class="styled__Text-sc-1xbujuz-1 fyDIEo beans-link__text">Write a review</span><span class="styled__IconContainer-sc-1xbujuz-2 bSauSL beans-link__icon-container"><svg aria-hidden="true" class="styled__SVG-xxa4wh-1 hQMCqc beans-link__icon beans-icon__svg" height="13.33" preserveAspectRatio="xMinYMax meet" viewBox="-1 0 12 20" width="8" xmlns="http://www.w3.org/2000/svg" color="currentColor"><path d="M1.312 1.348L10.276 10l-8.964 8.644" fill="none" stroke="currentColor"></path></svg></span></a><div><a href="https://www.tesco.com/groceries/en-GB/shop/pets/cat-food-and-accessories/cat-treats-and-cat-milk/cat-treats" class="styled__Anchor-sc-1xbujuz-0 jSzuDt rest-of-shelf-link beans-link__anchor" data-auto="rest-of-shelf-link"><span class="styled__Text-sc-1xbujuz-1 fyDIEo beans-link__text">Rest of <span class="visually-hidden">Cat Treats</span> shelf</span><span class="styled__IconContainer-sc-1xbujuz-2 bSauSL beans-link__icon-container"><svg aria-hidden="true" class="styled__SVG-xxa4wh-1 hQMCqc beans-link__icon beans-icon__svg" height="13.33" preserveAspectRatio="xMinYMax meet" viewBox="-1 0 12 20" width="8" xmlns="http://www.w3.org/2000/svg" color="currentColor"><path d="M1.312 1.348L10.276 10l-8.964 8.644" fill="none" stroke="currentColor"></path></svg></span></a></div><div class="product-info-message-section"><div class="product-info-message-list"></div></div></div><div class="styles__StyledBuyBoxWrapper-dvv1wj-4 dSvjUC"><div class="styles__StyledBuyBoxContainer-sc-1wx0qp6-0 erryje" data-auto="buybox-container"><div class="styles__SafeFormWrapper-jtpu2t-0 lcrYKS"><form action="https://www.tesco.com/groceries/en-GB/trolley/items/273969023?_method=PUT" method="POST"><input type="submit" class="hidden"><input name="id" type="hidden" value="273969023"><input name="identifier" type="hidden" value="Page"><input name="anchorId" type="hidden" value="#tile-273969023"><input name="returnUrl" type="hidden" value="/groceries/en-GB/shop/pets/all?redirectIfUnavailable=true#tile-273969023"><input name="backToUrl" type="hidden" value="#"><input name="oldValue" type="hidden" value="0"><input name="oldUnitChoice" type="hidden" value="pcs"><input name="newUnitChoice" type="hidden" value="pcs"><div class="base-components__RootElement-sc-1mosoyj-1 styled__Container-sc-6nhkzi-0 jptQqM hSNpTb beans-buybox__container"><div class="base-components__BaseElement-sc-1mosoyj-0 styled__PriceAndActions-sc-6nhkzi-3 oznwo eEPLov beans-buybox__price-and-actions"><div class="base-components__RootElement-sc-1mosoyj-1 styled__Container-sc-8qlq5b-0 jptQqM bgZrjw styled__StyledPrice-sc-6nhkzi-5 iYHeik beans-buybox__price beans-price__container"><p class="styled__StyledHeading-sc-119w3hf-2 jWPEtj styled__Text-sc-8qlq5b-1 lnaeiZ beans-price__text">£1.20</p><p class="styled__StyledFootnote-sc-119w3hf-7 icrlVF styled__Subtext-sc-8qlq5b-2 bNJmdc beans-price__subtext">£40.00/kg</p></div><div class="base-components__RootElement-sc-1mosoyj-1 styled__Container-vtxwzb-0 jptQqM bDFhXJ beans-buybox__actions beans-quantity-controls__container"><div class="base-components__RootElement-sc-1mosoyj-1 styled__Container-sc-16t2b2a-0 jptQqM PUfgZ styled__StyledFormGroup-vtxwzb-1 kzKuAr beans-quantity-controls__form-group beans-form-group__container"><label class="styled__StyledLabel-sc-1ttuvhr-0 izGEjV beans-form-group__label beans-label" for="quantity-controls-273969023">Quantity controls </label><div class="base-components__BaseElement-sc-1mosoyj-0 styled__Children-sc-16t2b2a-3 oznwo gdJvjO beans-form-group__children"><div class="styled__StyledQuantityControlWrapper-vtxwzb-6 LCxOg"><label id="quantity-controls-273969023-label" class="styled__VisuallyHiddenLabel-vtxwzb-7 gXlLiM">Quantity of Webbox Cat Sticks Chicken &amp; Liver 6'S</label><div class="component__Wrapper-sc-1kpmik-3 dReplG input-wrapper"><input class="base-components__RootElement-sc-1mosoyj-1 styled__StyledInput-sc-1jd5f57-0 component__StyledAsInput-sc-1kpmik-4 jptQqM eJLlow styled__StyledInput-vtxwzb-3 lwMHo beans-quantity-controls__input beans-input" data-auto="beans-quantity-controls-input" autocomplete="off" id="quantity-controls-273969023" maxlength="2" name="newValue" type="number" aria-labelledby="quantity-controls-273969023-label" value="1"></div></div><button class="styled__BaseButton-rsekm1-0 styled__PrimaryButton-rsekm1-2 jChbeY geeWOF styled__StyledButton-vtxwzb-5 japAxb beans-quantity-controls__add-button beans-button__container" type="submit" data-auto="beans-quantity-controls-add-button" aria-label="Quantity of Webbox Cat Sticks Chicken &amp; Liver 6&#39;S"><span class="base-components__BaseElement-sc-1mosoyj-0 styled__InnerContainer-rsekm1-1 oznwo fuFres beans-button__inner-container"><span class="base-components__BaseElement-sc-1mosoyj-0 styled__TextSpan-rsekm1-4 oznwo GDiMp beans-button__text">Add</span></span></button></div></div></div></div></div><input name="_csrf" type="hidden" value="0WbpBJF9-cS-fAMl-ByHnl5hECj1JaZiBQ20"></form></div></div></div></div><div class="hidden-medium product-info-section-small"><div class="product-info-message-list"></div></div></div></div></div></div></li><li class="product-list--list-item"><div class="styles__StyledVerticalTileWrapper-dvv1wj-0 dtCNPH"><div data-auto="product-tile" data-auto-type="Quantity" data-auto-available="true" data-auto-is-restricted-disabled="false" data-auto-is-substitute="false" class="styles__StyledVerticalTile-dvv1wj-1 gSCsYK"><div class="styles__StyledTileContentWrapper-dvv1wj-2 bkNhNP beans"><div id="tile-284355934" data-auto-id="284355934" class="styles__StyledTiledContent-dvv1wj-3 bcglTg"><a href="https://www.tesco.com/groceries/en-GB/products/284355934" aria-hidden="true" class="product-image-wrapper" tabindex="1"><div class="product-image__container"><picture><img class="styled__Image-sjvkdn-0 bJErKA product-image beans-responsive-image__image" src="data:image/gif;base64,R0lGODlhAQABAAAAACH5BAEKAAEALAAAAAABAAEAAAICTAEAOw==" srcset="https://digitalcontent.api.tesco.com/v2/media/ghs/358c7555-eff3-4075-9ae2-53d7ff2c3901/5e4f566f-1048-46fa-b269-f8486a00e3cc_2011720422.jpeg?h=225&amp;w=225 768w, data:image/gif;base64,R0lGODlhAQABAAAAACH5BAEKAAEALAAAAAABAAEAAAICTAEAOw== 4000w" alt="Bakers Allsorts Pack 98G"></picture></div></a><div class="product-details--wrapper"><h3 class="styles__H3-oa5soe-0 bCKNNq"><a href="https://www.tesco.com/groceries/en-GB/products/284355934" class="styled__Anchor-sc-1xbujuz-0 csVOnh beans-link__anchor" data-auto="product-tile--title"><span class="styled__Text-sc-1xbujuz-1 ldbwMG beans-link__text">Bakers Allsorts Pack 98G</span></a></h3><div class="styles__StyledPromotionsAboveMobile-dvv1wj-7 iPTMuo"></div><div class="styles__StyledProductDetailsContent-dvv1wj-5 ddRSrq"><a href="https://www.tesco.com/groceries/en-GB/reviews/submission/284355934?from=%2Fshop%2Fpets%2Fall" aria-label="Write a review for Bakers Allsorts Pack 98G" class="styled__Anchor-sc-1xbujuz-0 jSzuDt write-a-review-link beans-link__anchor" data-auto="review-link"><span class="styled__Text-sc-1xbujuz-1 fyDIEo beans-link__text">Write a review</span><span class="styled__IconContainer-sc-1xbujuz-2 bSauSL beans-link__icon-container"><svg aria-hidden="true" class="styled__SVG-xxa4wh-1 hQMCqc beans-link__icon beans-icon__svg" height="13.33" preserveAspectRatio="xMinYMax meet" viewBox="-1 0 12 20" width="8" xmlns="http://www.w3.org/2000/svg" color="currentColor"><path d="M1.312 1.348L10.276 10l-8.964 8.644" fill="none" stroke="currentColor"></path></svg></span></a><div><a href="https://www.tesco.com/groceries/en-GB/shop/pets/dog-food-and-accessories/dog-treats-dental-chews-and-biscuits/dog-treats" class="styled__Anchor-sc-1xbujuz-0 jSzuDt rest-of-shelf-link beans-link__anchor" data-auto="rest-of-shelf-link"><span class="styled__Text-sc-1xbujuz-1 fyDIEo beans-link__text">Rest of <span class="visually-hidden">Dog Treats</span> shelf</span><span class="styled__IconContainer-sc-1xbujuz-2 bSauSL beans-link__icon-container"><svg aria-hidden="true" class="styled__SVG-xxa4wh-1 hQMCqc beans-link__icon beans-icon__svg" height="13.33" preserveAspectRatio="xMinYMax meet" viewBox="-1 0 12 20" width="8" xmlns="http://www.w3.org/2000/svg" color="currentColor"><path d="M1.312 1.348L10.276 10l-8.964 8.644" fill="none" stroke="currentColor"></path></svg></span></a></div><div class="product-info-message-section"><div class="product-info-message-list"><ul><li><div data-auto="info-message" class="product-info-message"><p>£5 off £20 or more shop on selected Petcare items. Coupon deducted from total basket after Clubcard Prices applied. Enter eCoupon code GRKLHH at checkout (case sensitive). T&amp;Cs apply. Valid on orders collected or delivered between 16/11/22 - 06/12/22</p></div></li></ul><div class="styled__WhiteBackground-sc-9yzfq2-1 jthPIJ"><svg width="56" height="61" viewBox="0 0 56 61" fill="none" xmlns="http://www.w3.org/2000/svg"><path d="M30.8759 45.8182C40.0086 42.7996 46.6572 34.3312 46.9801 24.2629H47V23.502V22.7397H46.9801C46.5765 10.112 36.2237 0 23.4993 0C10.5209 0 0 10.5209 0 23.4993C0 33.8972 6.75323 42.7162 16.1109 45.8142L16.1294 42.8684C13.3741 41.8189 10.9007 40.1978 8.8508 38.1492C5.099 34.3961 2.78308 29.2256 2.78308 23.4993C2.78308 17.7744 5.10032 12.6039 8.8508 8.84947C12.6039 5.09768 17.7744 2.78175 23.5007 2.78175C29.2256 2.78175 34.3961 5.09768 38.1505 8.84947C41.9023 12.6026 44.2182 17.7731 44.2182 23.4993C44.2182 29.2256 41.901 34.3948 38.1505 38.1492C36.1033 40.1952 33.6338 41.815 30.8838 42.8644L30.8772 45.8182H30.8759Z" fill="#EE1C2E"></path><path d="M9.82217 16.0368C10.5434 14.6962 11.4566 13.472 12.5245 12.4041C15.3354 9.59453 19.2116 7.85825 23.4994 7.85825C27.7871 7.85825 31.6633 9.59453 34.4742 12.4041C35.5435 13.4734 36.4553 14.6962 37.1765 16.0368H38.6256C35.8995 10.4309 30.1507 6.56662 23.498 6.56662C16.8454 6.56662 11.0966 10.4309 8.37042 16.0368H9.81952H9.82217Z" fill="black"></path><path d="M38.2419 28.245C37.4743 30.5728 36.1694 32.6571 34.4742 34.3537C32.8385 35.9881 30.8428 37.2599 28.6142 38.038C28.605 38.0407 28.5825 38.0394 28.5878 38.0473C28.773 38.3278 28.7836 39.3429 28.7836 39.3429C33.9567 37.6318 38.0142 33.4763 39.593 28.245H38.2419Z" fill="black"></path><path d="M12.5245 34.3537C10.4322 32.2601 8.9355 29.5763 8.30822 26.5722H6.99409C8.14941 32.5791 12.4994 37.4491 18.2085 39.3416C18.2111 39.3416 18.2177 39.3482 18.2177 39.3442C18.2627 38.2286 18.3898 38.0394 18.3898 38.0394C18.3818 38.0367 18.3726 38.0341 18.3646 38.0301C16.144 37.2519 14.1536 35.9828 12.5232 34.3524L12.5245 34.3537Z" fill="black"></path><path d="M17.6645 15.8727H20.1062V16.8335H16.623V11.2289H17.6645V15.8727Z" fill="black"></path><path d="M20.527 13.6745C20.7031 13.3516 20.9532 13.0975 21.2761 12.9136C21.599 12.7296 21.9682 12.637 22.3851 12.637C22.8019 12.637 23.1712 12.7296 23.4941 12.9136C23.817 13.0975 24.0658 13.3516 24.2431 13.6745C24.4191 13.9974 24.5065 14.3614 24.5065 14.7676C24.5065 15.1739 24.4191 15.5379 24.2431 15.8608C24.0671 16.1837 23.817 16.4364 23.4941 16.6217C23.1712 16.8057 22.8019 16.897 22.3851 16.897C21.9682 16.897 21.599 16.8057 21.2761 16.6217C20.9532 16.4378 20.7031 16.1837 20.527 15.8608C20.351 15.5379 20.2637 15.1739 20.2637 14.7676C20.2637 14.3614 20.351 13.9974 20.527 13.6745ZM21.5805 15.6477C21.7856 15.8727 22.0542 15.9838 22.3851 15.9838C22.7159 15.9838 22.9846 15.8713 23.1897 15.6477C23.3948 15.424 23.498 15.1303 23.498 14.7676C23.498 14.405 23.3948 14.1112 23.1897 13.8876C22.9846 13.6639 22.7159 13.5515 22.3851 13.5515C22.0542 13.5515 21.7856 13.6639 21.5805 13.8876C21.3753 14.1112 21.2721 14.405 21.2721 14.7676C21.2721 15.1303 21.3753 15.424 21.5805 15.6477Z" fill="black"></path><path d="M29.1687 16.8334H28.208L27.5119 14.1271L26.8158 16.8334H25.855L24.566 12.7018H25.5347L26.3182 15.4082L27.0315 12.7018H27.9923L28.7056 15.4082L29.489 12.7018H30.4577L29.1687 16.8334Z" fill="black"></path><path d="M8.61654 18.931H5.58202V20.4026H8.01572V21.6042H5.58202V23.5377H8.71579V24.738H4.27981V17.7294H8.61654V18.931Z" fill="black"></path><path d="M8.73168 19.5715H9.9836L11.2051 23.0269L12.4266 19.5715H13.6785L11.7662 24.738H10.644L8.73168 19.5715Z" fill="black"></path><path d="M18.7126 22.5558H14.8973C14.9635 22.9369 15.121 23.2254 15.3684 23.4226C15.6159 23.6198 15.9163 23.7177 16.2697 23.7177C16.5635 23.7177 16.8083 23.6555 17.0055 23.5324C17.2027 23.4093 17.3906 23.2201 17.5719 22.966L18.6226 23.5377C18.3686 23.9519 18.047 24.2682 17.6566 24.4892C17.2662 24.7089 16.7805 24.8201 16.1995 24.8201C15.6517 24.8201 15.1832 24.6917 14.7928 24.435C14.4024 24.1782 14.1099 23.8461 13.9167 23.4385C13.7235 23.0322 13.6269 22.6047 13.6269 22.1574C13.6269 21.7101 13.7288 21.2827 13.9326 20.8764C14.1364 20.4688 14.4315 20.1366 14.8192 19.8799C15.207 19.6231 15.6636 19.4948 16.1916 19.4948C16.7196 19.4948 17.1828 19.6152 17.5626 19.8547C17.9438 20.0956 18.2296 20.4106 18.4241 20.801C18.6174 21.1914 18.714 21.6069 18.714 22.0476V22.5584L18.7126 22.5558ZM17.4409 21.5751C17.3945 21.2813 17.2582 21.0418 17.0346 20.8539C16.8109 20.6673 16.5291 20.5733 16.1889 20.5733C15.9018 20.5733 15.645 20.662 15.4174 20.838C15.1911 21.0153 15.0336 21.2602 14.9463 21.5738H17.4395L17.4409 21.5751Z" fill="black"></path><path d="M19.3849 19.5715H20.6263V20.3523C20.7732 20.0718 20.9809 19.8587 21.2469 19.7118C21.5142 19.5649 21.8107 19.4921 22.1376 19.4921C22.4644 19.4921 22.745 19.5689 22.9382 19.7224L22.5174 20.7732C22.344 20.6805 22.1601 20.6329 21.9668 20.6329C21.5791 20.6329 21.2588 20.7996 21.0061 21.1331C20.752 21.4666 20.6249 21.9814 20.6249 22.6749V24.738H19.3836V19.5715H19.3849Z" fill="black"></path><path d="M24.8518 24.4178L22.9792 19.5715H24.2312L25.4434 22.8562L26.5841 19.5715H27.8255L25.1827 26.7813H23.981L24.8518 24.4178Z" fill="black"></path><path d="M28.8074 24.4786C28.4607 24.251 28.1881 23.9347 27.9909 23.5271C27.7937 23.1195 27.6958 22.663 27.6958 22.1548C27.6958 21.6466 27.7911 21.1821 27.9816 20.7785C28.1722 20.3748 28.4369 20.0585 28.7783 19.8322C29.1184 19.6059 29.5088 19.4921 29.9495 19.4921C30.2962 19.4921 30.6006 19.5543 30.86 19.6774C31.1207 19.8005 31.3205 19.9765 31.4608 20.2028V17.65H32.7021V24.7393H31.4608V24.1187C31.3139 24.3251 31.1141 24.4945 30.86 24.6242C30.6059 24.7539 30.3055 24.8201 29.9588 24.8201C29.5379 24.8201 29.1541 24.7063 28.8074 24.48V24.4786ZM31.1763 23.2664C31.4198 22.9925 31.5415 22.6219 31.5415 22.1548C31.5415 21.6876 31.4198 21.3171 31.1763 21.0431C30.9328 20.7692 30.6271 20.6329 30.2605 20.6329C29.8939 20.6329 29.5882 20.7705 29.3447 21.0431C29.1012 21.3171 28.9795 21.6876 28.9795 22.1548C28.9795 22.6219 29.1012 22.9925 29.3447 23.2664C29.5882 23.5404 29.8939 23.6767 30.2605 23.6767C30.6271 23.6767 30.9328 23.5404 31.1763 23.2664Z" fill="black"></path><path d="M34.2624 24.6388C33.9951 24.5183 33.782 24.3437 33.6219 24.1134C33.4618 23.8831 33.3824 23.6079 33.3824 23.2876C33.3824 22.7807 33.5729 22.3718 33.9527 22.0608C34.3339 21.7511 34.8473 21.595 35.4945 21.595H36.6061V21.415C36.6061 21.1543 36.5161 20.9465 36.3361 20.789C36.1562 20.6329 35.9127 20.5535 35.6056 20.5535C35.3582 20.5535 35.1345 20.6183 34.9347 20.7493C34.7349 20.879 34.584 21.0312 34.4834 21.2046L33.5319 20.6342C33.7119 20.3073 33.9792 20.0347 34.3325 19.8177C34.6859 19.6006 35.1094 19.4921 35.6043 19.4921C36.3123 19.4921 36.8629 19.6615 37.2559 20.003C37.6503 20.3431 37.8461 20.834 37.8461 21.4746V24.7393H36.8245L36.6538 24.079C36.487 24.3066 36.2753 24.4866 36.0172 24.6189C35.7605 24.7526 35.4574 24.8187 35.1107 24.8187C34.8103 24.8187 34.5271 24.7592 34.2598 24.6388H34.2624ZM36.2607 23.457C36.491 23.2572 36.6061 23.0097 36.6061 22.7159V22.5756H35.6255C35.3383 22.5756 35.1094 22.6312 34.94 22.741C34.7693 22.8509 34.6846 23.0031 34.6846 23.1963C34.6846 23.3763 34.7468 23.5152 34.8698 23.6118C34.9929 23.7084 35.1755 23.7574 35.4151 23.7574C35.7486 23.7574 36.0304 23.6568 36.2607 23.457V23.457Z" fill="black"></path><path d="M39.7571 24.4178L37.8845 19.5715H39.1364L40.3473 22.8562L41.4894 19.5715H42.7308L40.088 26.7813H38.8863L39.7571 24.4178Z" fill="black"></path><path d="M13.652 33.1164H12.6185V27.5515H14.6618C15.7985 27.5515 16.4589 28.3072 16.4589 29.2772C16.4589 30.2473 15.7985 31.0029 14.6618 31.0029H13.652V33.1177V33.1164ZM15.4095 29.2759C15.4095 28.7505 15.076 28.5044 14.5824 28.5044H13.652V30.0461H14.5824C15.0747 30.0461 15.4095 29.8 15.4095 29.2746V29.2759Z" fill="black"></path><path d="M17.0981 29.0139H18.084V29.6345C18.3222 29.1899 18.7682 28.9503 19.2843 28.9503C19.5464 28.9503 19.7687 29.0139 19.9209 29.133L19.5874 29.968C19.4524 29.8966 19.3095 29.8569 19.1507 29.8569C18.5856 29.8569 18.0854 30.3015 18.0854 31.4793V33.1177H17.0994V29.0152L17.0981 29.0139Z" fill="black"></path><path d="M20.9703 27.312C21.3356 27.312 21.6069 27.5899 21.6069 27.9485C21.6069 28.3072 21.3369 28.5851 20.9703 28.5851C20.6038 28.5851 20.3338 28.3072 20.3338 27.9485C20.3338 27.5899 20.6038 27.312 20.9703 27.312ZM21.4626 33.1164H20.4767V29.0139H21.4626V33.1164Z" fill="black"></path><path d="M22.2355 31.0651C22.2355 29.8251 23.0785 28.9503 24.3026 28.9503C25.1774 28.9503 25.8205 29.2997 26.1553 30.0713L25.2568 30.4762C25.0583 30.0792 24.7565 29.8555 24.3026 29.8555C23.6899 29.8555 23.2373 30.3399 23.2373 31.0638C23.2373 31.7877 23.6899 32.272 24.3026 32.272C24.7552 32.272 25.0583 32.0497 25.2568 31.6514L26.1553 32.0563C25.8219 32.8279 25.1774 33.1772 24.3026 33.1772C23.0785 33.1772 22.2355 32.3025 22.2355 31.0625V31.0651Z" fill="black"></path><path d="M30.5874 31.3827H27.5581C27.6693 32.0113 28.1153 32.3051 28.6473 32.3051C29.1316 32.3051 29.4109 32.0907 29.6808 31.7083L30.5159 32.1609C30.1348 32.7736 29.5617 33.1786 28.5917 33.1786C27.2167 33.1786 26.5484 32.0894 26.5484 31.0638C26.5484 30.0382 27.2723 28.949 28.5838 28.949C29.8952 28.949 30.5874 29.9667 30.5874 30.9765V31.3814V31.3827ZM29.5776 30.6033C29.5062 30.1586 29.1409 29.8079 28.5838 29.8079C28.1391 29.8079 27.7408 30.0938 27.5978 30.6033H29.5776V30.6033Z" fill="black"></path><path d="M31.0294 32.2416L31.7374 31.6448C31.9677 32.0577 32.2866 32.3051 32.7551 32.3051C33.0965 32.3051 33.3281 32.1463 33.3281 31.8922C33.3281 31.6381 33.0105 31.4952 32.4613 31.343C31.785 31.1604 31.253 30.7713 31.253 30.1507C31.253 29.4665 31.8975 28.9503 32.7154 28.9503C33.4472 28.9503 33.876 29.3156 34.1142 29.7139L33.4776 30.2631C33.2553 29.9058 32.9602 29.7933 32.7061 29.7933C32.3726 29.7933 32.1728 29.9442 32.1728 30.1189C32.1728 30.365 32.3951 30.4762 33.0634 30.6522C33.7397 30.8269 34.2796 31.1855 34.2796 31.8922C34.2796 32.5989 33.7225 33.1799 32.6902 33.1799C31.9028 33.1799 31.3311 32.8464 31.0281 32.2416H31.0294Z" fill="black"></path><path d="M23.5046 47.8549H24.2007C24.3979 47.8549 24.4045 47.8443 24.3609 47.6498C24.2643 47.2263 24.1796 46.8015 24.0724 46.382C24.0155 46.161 24.0287 46.0207 24.2391 45.8579C24.7473 45.4675 24.7658 44.7013 24.3212 44.2315C23.8792 43.7643 23.1288 43.763 22.6855 44.2275C22.2395 44.696 22.2514 45.4636 22.7609 45.854C22.9898 46.0286 22.9925 46.1822 22.9237 46.4018C22.9171 46.423 22.9118 46.4429 22.9078 46.464C22.8165 46.8743 22.7238 47.2859 22.6339 47.6961C22.6021 47.8443 22.614 47.8562 22.7715 47.8562C23.0163 47.8562 23.2611 47.8562 23.506 47.8562M23.4954 41.1361C24.2179 41.1361 24.9392 41.1334 25.6604 41.1374C25.7689 41.1374 25.8166 41.1096 25.8139 40.9932C25.8086 40.62 25.8139 40.2454 25.81 39.8723C25.806 39.5771 25.7517 39.29 25.634 39.0187C25.1602 37.9229 24.0406 37.3803 22.88 37.6807C22.0357 37.8991 21.329 38.668 21.2337 39.5374C21.1808 40.0139 21.2072 40.4982 21.1914 40.9786C21.1874 41.1056 21.235 41.1387 21.3568 41.1387C22.0701 41.1334 22.7834 41.1361 23.4967 41.1361M23.4967 50.6023C22.217 50.6023 20.9359 50.6023 19.6562 50.6023C18.6849 50.6023 17.9186 50.0041 17.699 49.0592C17.6619 48.903 17.654 48.735 17.654 48.5735C17.6513 46.7856 17.6566 44.9977 17.65 43.2112C17.6473 42.4899 17.9028 41.9037 18.4943 41.4815C18.8132 41.2539 19.1758 41.1427 19.5689 41.1374C19.7396 41.1348 19.7383 41.1321 19.7396 40.9627C19.7436 40.5035 19.7198 40.0403 19.7595 39.5851C19.9408 37.4822 21.7631 35.9683 23.862 36.1549C25.7584 36.3243 27.2578 37.96 27.2617 39.867C27.2617 40.2282 27.2617 40.5895 27.2617 40.9495C27.2617 41.1321 27.2617 41.1308 27.4457 41.1387C28.2159 41.1731 28.7796 41.5357 29.1436 42.212C29.3024 42.5071 29.3513 42.8274 29.3513 43.1595C29.3513 44.9779 29.3553 46.7949 29.3513 48.6132C29.3487 49.5965 28.732 50.3601 27.7845 50.5639C27.6429 50.5943 27.4946 50.6023 27.3491 50.6023C26.0641 50.6049 24.7804 50.6036 23.4954 50.6036" fill="black"></path></svg><p class="styled__StyledBodyText-sc-119w3hf-5 ggtTyf styled__DarkGreyBodyText-sc-9yzfq2-2 lmkdDf">Low Everyday Price</p></div></div></div></div><div class="styles__StyledBuyBoxWrapper-dvv1wj-4 dSvjUC"><div class="styles__StyledBuyBoxContainer-sc-1wx0qp6-0 erryje" data-auto="buybox-container"><div class="styles__SafeFormWrapper-jtpu2t-0 lcrYKS"><form action="https://www.tesco.com/groceries/en-GB/trolley/items/284355934?_method=PUT" method="POST"><input type="submit" class="hidden"><input name="id" type="hidden" value="284355934"><input name="identifier" type="hidden" value="Page"><input name="anchorId" type="hidden" value="#tile-284355934"><input name="returnUrl" type="hidden" value="/groceries/en-GB/shop/pets/all?redirectIfUnavailable=true#tile-284355934"><input name="backToUrl" type="hidden" value="#"><input name="oldValue" type="hidden" value="0"><input name="oldUnitChoice" type="hidden" value="pcs"><input name="newUnitChoice" type="hidden" value="pcs"><div class="base-components__RootElement-sc-1mosoyj-1 styled__Container-sc-6nhkzi-0 jptQqM hSNpTb beans-buybox__container"><div class="base-components__BaseElement-sc-1mosoyj-0 styled__PriceAndActions-sc-6nhkzi-3 oznwo eEPLov beans-buybox__price-and-actions"><div class="base-components__RootElement-sc-1mosoyj-1 styled__Container-sc-8qlq5b-0 jptQqM bgZrjw styled__StyledPrice-sc-6nhkzi-5 iYHeik beans-buybox__price beans-price__container"><p class="styled__StyledHeading-sc-119w3hf-2 jWPEtj styled__Text-sc-8qlq5b-1 lnaeiZ beans-price__text">£1.00</p><p class="styled__StyledFootnote-sc-119w3hf-7 icrlVF styled__Subtext-sc-8qlq5b-2 bNJmdc beans-price__subtext">£10.21/kg</p></div><div class="base-components__RootElement-sc-1mosoyj-1 styled__Container-vtxwzb-0 jptQqM bDFhXJ beans-buybox__actions beans-quantity-controls__container"><div class="base-components__RootElement-sc-1mosoyj-1 styled__Container-sc-16t2b2a-0 jptQqM PUfgZ styled__StyledFormGroup-vtxwzb-1 kzKuAr beans-quantity-controls__form-group beans-form-group__container"><label class="styled__StyledLabel-sc-1ttuvhr-0 izGEjV beans-form-group__label beans-label" for="quantity-controls-284355934">Quantity controls </label><div class="base-components__BaseElement-sc-1mosoyj-0 styled__Children-sc-16t2b2a-3 oznwo gdJvjO beans-form-group__children"><div class="styled__StyledQuantityControlWrapper-vtxwzb-6 LCxOg"><label id="quantity-controls-284355934-label" class="styled__VisuallyHiddenLabel-vtxwzb-7 gXlLiM">Quantity of Bakers Allsorts Pack 98G</label><div class="component__Wrapper-sc-1kpmik-3 dReplG input-wrapper"><input class="base-components__RootElement-sc-1mosoyj-1 styled__StyledInput-sc-1jd5f57-0 component__StyledAsInput-sc-1kpmik-4 jptQqM eJLlow styled__StyledInput-vtxwzb-3 lwMHo beans-quantity-controls__input beans-input" data-auto="beans-quantity-controls-input" autocomplete="off" id="quantity-controls-284355934" maxlength="2" name="newValue" type="number" aria-labelledby="quantity-controls-284355934-label" value="1"></div></div><button class="styled__BaseButton-rsekm1-0 styled__PrimaryButton-rsekm1-2 jChbeY geeWOF styled__StyledButton-vtxwzb-5 japAxb beans-quantity-controls__add-button beans-button__container" type="submit" data-auto="beans-quantity-controls-add-button" aria-label="Quantity of Bakers Allsorts Pack 98G"><span class="base-components__BaseElement-sc-1mosoyj-0 styled__InnerContainer-rsekm1-1 oznwo fuFres beans-button__inner-container"><span class="base-components__BaseElement-sc-1mosoyj-0 styled__TextSpan-rsekm1-4 oznwo GDiMp beans-button__text">Add</span></span></button></div></div></div></div></div><input name="_csrf" type="hidden" value="0WbpBJF9-cS-fAMl-ByHnl5hECj1JaZiBQ20"></form></div></div></div></div><div class="hidden-medium product-info-section-small"><div class="product-info-message-list"><ul><li><div data-auto="info-message" class="product-info-message"><p>£5 off £20 or more shop on selected Petcare items. Coupon deducted from total basket after Clubcard Prices applied. Enter eCoupon code GRKLHH at checkout (case sensitive). T&amp;Cs apply. Valid on orders collected or delivered between 16/11/22 - 06/12/22</p></div></li></ul><div class="styled__WhiteBackground-sc-9yzfq2-1 jthPIJ"><svg width="56" height="61" viewBox="0 0 56 61" fill="none" xmlns="http://www.w3.org/2000/svg"><path d="M30.8759 45.8182C40.0086 42.7996 46.6572 34.3312 46.9801 24.2629H47V23.502V22.7397H46.9801C46.5765 10.112 36.2237 0 23.4993 0C10.5209 0 0 10.5209 0 23.4993C0 33.8972 6.75323 42.7162 16.1109 45.8142L16.1294 42.8684C13.3741 41.8189 10.9007 40.1978 8.8508 38.1492C5.099 34.3961 2.78308 29.2256 2.78308 23.4993C2.78308 17.7744 5.10032 12.6039 8.8508 8.84947C12.6039 5.09768 17.7744 2.78175 23.5007 2.78175C29.2256 2.78175 34.3961 5.09768 38.1505 8.84947C41.9023 12.6026 44.2182 17.7731 44.2182 23.4993C44.2182 29.2256 41.901 34.3948 38.1505 38.1492C36.1033 40.1952 33.6338 41.815 30.8838 42.8644L30.8772 45.8182H30.8759Z" fill="#EE1C2E"></path><path d="M9.82217 16.0368C10.5434 14.6962 11.4566 13.472 12.5245 12.4041C15.3354 9.59453 19.2116 7.85825 23.4994 7.85825C27.7871 7.85825 31.6633 9.59453 34.4742 12.4041C35.5435 13.4734 36.4553 14.6962 37.1765 16.0368H38.6256C35.8995 10.4309 30.1507 6.56662 23.498 6.56662C16.8454 6.56662 11.0966 10.4309 8.37042 16.0368H9.81952H9.82217Z" fill="black"></path><path d="M38.2419 28.245C37.4743 30.5728 36.1694 32.6571 34.4742 34.3537C32.8385 35.9881 30.8428 37.2599 28.6142 38.038C28.605 38.0407 28.5825 38.0394 28.5878 38.0473C28.773 38.3278 28.7836 39.3429 28.7836 39.3429C33.9567 37.6318 38.0142 33.4763 39.593 28.245H38.2419Z" fill="black"></path><path d="M12.5245 34.3537C10.4322 32.2601 8.9355 29.5763 8.30822 26.5722H6.99409C8.14941 32.5791 12.4994 37.4491 18.2085 39.3416C18.2111 39.3416 18.2177 39.3482 18.2177 39.3442C18.2627 38.2286 18.3898 38.0394 18.3898 38.0394C18.3818 38.0367 18.3726 38.0341 18.3646 38.0301C16.144 37.2519 14.1536 35.9828 12.5232 34.3524L12.5245 34.3537Z" fill="black"></path><path d="M17.6645 15.8727H20.1062V16.8335H16.623V11.2289H17.6645V15.8727Z" fill="black"></path><path d="M20.527 13.6745C20.7031 13.3516 20.9532 13.0975 21.2761 12.9136C21.599 12.7296 21.9682 12.637 22.3851 12.637C22.8019 12.637 23.1712 12.7296 23.4941 12.9136C23.817 13.0975 24.0658 13.3516 24.2431 13.6745C24.4191 13.9974 24.5065 14.3614 24.5065 14.7676C24.5065 15.1739 24.4191 15.5379 24.2431 15.8608C24.0671 16.1837 23.817 16.4364 23.4941 16.6217C23.1712 16.8057 22.8019 16.897 22.3851 16.897C21.9682 16.897 21.599 16.8057 21.2761 16.6217C20.9532 16.4378 20.7031 16.1837 20.527 15.8608C20.351 15.5379 20.2637 15.1739 20.2637 14.7676C20.2637 14.3614 20.351 13.9974 20.527 13.6745ZM21.5805 15.6477C21.7856 15.8727 22.0542 15.9838 22.3851 15.9838C22.7159 15.9838 22.9846 15.8713 23.1897 15.6477C23.3948 15.424 23.498 15.1303 23.498 14.7676C23.498 14.405 23.3948 14.1112 23.1897 13.8876C22.9846 13.6639 22.7159 13.5515 22.3851 13.5515C22.0542 13.5515 21.7856 13.6639 21.5805 13.8876C21.3753 14.1112 21.2721 14.405 21.2721 14.7676C21.2721 15.1303 21.3753 15.424 21.5805 15.6477Z" fill="black"></path><path d="M29.1687 16.8334H28.208L27.5119 14.1271L26.8158 16.8334H25.855L24.566 12.7018H25.5347L26.3182 15.4082L27.0315 12.7018H27.9923L28.7056 15.4082L29.489 12.7018H30.4577L29.1687 16.8334Z" fill="black"></path><path d="M8.61654 18.931H5.58202V20.4026H8.01572V21.6042H5.58202V23.5377H8.71579V24.738H4.27981V17.7294H8.61654V18.931Z" fill="black"></path><path d="M8.73168 19.5715H9.9836L11.2051 23.0269L12.4266 19.5715H13.6785L11.7662 24.738H10.644L8.73168 19.5715Z" fill="black"></path><path d="M18.7126 22.5558H14.8973C14.9635 22.9369 15.121 23.2254 15.3684 23.4226C15.6159 23.6198 15.9163 23.7177 16.2697 23.7177C16.5635 23.7177 16.8083 23.6555 17.0055 23.5324C17.2027 23.4093 17.3906 23.2201 17.5719 22.966L18.6226 23.5377C18.3686 23.9519 18.047 24.2682 17.6566 24.4892C17.2662 24.7089 16.7805 24.8201 16.1995 24.8201C15.6517 24.8201 15.1832 24.6917 14.7928 24.435C14.4024 24.1782 14.1099 23.8461 13.9167 23.4385C13.7235 23.0322 13.6269 22.6047 13.6269 22.1574C13.6269 21.7101 13.7288 21.2827 13.9326 20.8764C14.1364 20.4688 14.4315 20.1366 14.8192 19.8799C15.207 19.6231 15.6636 19.4948 16.1916 19.4948C16.7196 19.4948 17.1828 19.6152 17.5626 19.8547C17.9438 20.0956 18.2296 20.4106 18.4241 20.801C18.6174 21.1914 18.714 21.6069 18.714 22.0476V22.5584L18.7126 22.5558ZM17.4409 21.5751C17.3945 21.2813 17.2582 21.0418 17.0346 20.8539C16.8109 20.6673 16.5291 20.5733 16.1889 20.5733C15.9018 20.5733 15.645 20.662 15.4174 20.838C15.1911 21.0153 15.0336 21.2602 14.9463 21.5738H17.4395L17.4409 21.5751Z" fill="black"></path><path d="M19.3849 19.5715H20.6263V20.3523C20.7732 20.0718 20.9809 19.8587 21.2469 19.7118C21.5142 19.5649 21.8107 19.4921 22.1376 19.4921C22.4644 19.4921 22.745 19.5689 22.9382 19.7224L22.5174 20.7732C22.344 20.6805 22.1601 20.6329 21.9668 20.6329C21.5791 20.6329 21.2588 20.7996 21.0061 21.1331C20.752 21.4666 20.6249 21.9814 20.6249 22.6749V24.738H19.3836V19.5715H19.3849Z" fill="black"></path><path d="M24.8518 24.4178L22.9792 19.5715H24.2312L25.4434 22.8562L26.5841 19.5715H27.8255L25.1827 26.7813H23.981L24.8518 24.4178Z" fill="black"></path><path d="M28.8074 24.4786C28.4607 24.251 28.1881 23.9347 27.9909 23.5271C27.7937 23.1195 27.6958 22.663 27.6958 22.1548C27.6958 21.6466 27.7911 21.1821 27.9816 20.7785C28.1722 20.3748 28.4369 20.0585 28.7783 19.8322C29.1184 19.6059 29.5088 19.4921 29.9495 19.4921C30.2962 19.4921 30.6006 19.5543 30.86 19.6774C31.1207 19.8005 31.3205 19.9765 31.4608 20.2028V17.65H32.7021V24.7393H31.4608V24.1187C31.3139 24.3251 31.1141 24.4945 30.86 24.6242C30.6059 24.7539 30.3055 24.8201 29.9588 24.8201C29.5379 24.8201 29.1541 24.7063 28.8074 24.48V24.4786ZM31.1763 23.2664C31.4198 22.9925 31.5415 22.6219 31.5415 22.1548C31.5415 21.6876 31.4198 21.3171 31.1763 21.0431C30.9328 20.7692 30.6271 20.6329 30.2605 20.6329C29.8939 20.6329 29.5882 20.7705 29.3447 21.0431C29.1012 21.3171 28.9795 21.6876 28.9795 22.1548C28.9795 22.6219 29.1012 22.9925 29.3447 23.2664C29.5882 23.5404 29.8939 23.6767 30.2605 23.6767C30.6271 23.6767 30.9328 23.5404 31.1763 23.2664Z" fill="black"></path><path d="M34.2624 24.6388C33.9951 24.5183 33.782 24.3437 33.6219 24.1134C33.4618 23.8831 33.3824 23.6079 33.3824 23.2876C33.3824 22.7807 33.5729 22.3718 33.9527 22.0608C34.3339 21.7511 34.8473 21.595 35.4945 21.595H36.6061V21.415C36.6061 21.1543 36.5161 20.9465 36.3361 20.789C36.1562 20.6329 35.9127 20.5535 35.6056 20.5535C35.3582 20.5535 35.1345 20.6183 34.9347 20.7493C34.7349 20.879 34.584 21.0312 34.4834 21.2046L33.5319 20.6342C33.7119 20.3073 33.9792 20.0347 34.3325 19.8177C34.6859 19.6006 35.1094 19.4921 35.6043 19.4921C36.3123 19.4921 36.8629 19.6615 37.2559 20.003C37.6503 20.3431 37.8461 20.834 37.8461 21.4746V24.7393H36.8245L36.6538 24.079C36.487 24.3066 36.2753 24.4866 36.0172 24.6189C35.7605 24.7526 35.4574 24.8187 35.1107 24.8187C34.8103 24.8187 34.5271 24.7592 34.2598 24.6388H34.2624ZM36.2607 23.457C36.491 23.2572 36.6061 23.0097 36.6061 22.7159V22.5756H35.6255C35.3383 22.5756 35.1094 22.6312 34.94 22.741C34.7693 22.8509 34.6846 23.0031 34.6846 23.1963C34.6846 23.3763 34.7468 23.5152 34.8698 23.6118C34.9929 23.7084 35.1755 23.7574 35.4151 23.7574C35.7486 23.7574 36.0304 23.6568 36.2607 23.457V23.457Z" fill="black"></path><path d="M39.7571 24.4178L37.8845 19.5715H39.1364L40.3473 22.8562L41.4894 19.5715H42.7308L40.088 26.7813H38.8863L39.7571 24.4178Z" fill="black"></path><path d="M13.652 33.1164H12.6185V27.5515H14.6618C15.7985 27.5515 16.4589 28.3072 16.4589 29.2772C16.4589 30.2473 15.7985 31.0029 14.6618 31.0029H13.652V33.1177V33.1164ZM15.4095 29.2759C15.4095 28.7505 15.076 28.5044 14.5824 28.5044H13.652V30.0461H14.5824C15.0747 30.0461 15.4095 29.8 15.4095 29.2746V29.2759Z" fill="black"></path><path d="M17.0981 29.0139H18.084V29.6345C18.3222 29.1899 18.7682 28.9503 19.2843 28.9503C19.5464 28.9503 19.7687 29.0139 19.9209 29.133L19.5874 29.968C19.4524 29.8966 19.3095 29.8569 19.1507 29.8569C18.5856 29.8569 18.0854 30.3015 18.0854 31.4793V33.1177H17.0994V29.0152L17.0981 29.0139Z" fill="black"></path><path d="M20.9703 27.312C21.3356 27.312 21.6069 27.5899 21.6069 27.9485C21.6069 28.3072 21.3369 28.5851 20.9703 28.5851C20.6038 28.5851 20.3338 28.3072 20.3338 27.9485C20.3338 27.5899 20.6038 27.312 20.9703 27.312ZM21.4626 33.1164H20.4767V29.0139H21.4626V33.1164Z" fill="black"></path><path d="M22.2355 31.0651C22.2355 29.8251 23.0785 28.9503 24.3026 28.9503C25.1774 28.9503 25.8205 29.2997 26.1553 30.0713L25.2568 30.4762C25.0583 30.0792 24.7565 29.8555 24.3026 29.8555C23.6899 29.8555 23.2373 30.3399 23.2373 31.0638C23.2373 31.7877 23.6899 32.272 24.3026 32.272C24.7552 32.272 25.0583 32.0497 25.2568 31.6514L26.1553 32.0563C25.8219 32.8279 25.1774 33.1772 24.3026 33.1772C23.0785 33.1772 22.2355 32.3025 22.2355 31.0625V31.0651Z" fill="black"></path><path d="M30.5874 31.3827H27.5581C27.6693 32.0113 28.1153 32.3051 28.6473 32.3051C29.1316 32.3051 29.4109 32.0907 29.6808 31.7083L30.5159 32.1609C30.1348 32.7736 29.5617 33.1786 28.5917 33.1786C27.2167 33.1786 26.5484 32.0894 26.5484 31.0638C26.5484 30.0382 27.2723 28.949 28.5838 28.949C29.8952 28.949 30.5874 29.9667 30.5874 30.9765V31.3814V31.3827ZM29.5776 30.6033C29.5062 30.1586 29.1409 29.8079 28.5838 29.8079C28.1391 29.8079 27.7408 30.0938 27.5978 30.6033H29.5776V30.6033Z" fill="black"></path><path d="M31.0294 32.2416L31.7374 31.6448C31.9677 32.0577 32.2866 32.3051 32.7551 32.3051C33.0965 32.3051 33.3281 32.1463 33.3281 31.8922C33.3281 31.6381 33.0105 31.4952 32.4613 31.343C31.785 31.1604 31.253 30.7713 31.253 30.1507C31.253 29.4665 31.8975 28.9503 32.7154 28.9503C33.4472 28.9503 33.876 29.3156 34.1142 29.7139L33.4776 30.2631C33.2553 29.9058 32.9602 29.7933 32.7061 29.7933C32.3726 29.7933 32.1728 29.9442 32.1728 30.1189C32.1728 30.365 32.3951 30.4762 33.0634 30.6522C33.7397 30.8269 34.2796 31.1855 34.2796 31.8922C34.2796 32.5989 33.7225 33.1799 32.6902 33.1799C31.9028 33.1799 31.3311 32.8464 31.0281 32.2416H31.0294Z" fill="black"></path><path d="M23.5046 47.8549H24.2007C24.3979 47.8549 24.4045 47.8443 24.3609 47.6498C24.2643 47.2263 24.1796 46.8015 24.0724 46.382C24.0155 46.161 24.0287 46.0207 24.2391 45.8579C24.7473 45.4675 24.7658 44.7013 24.3212 44.2315C23.8792 43.7643 23.1288 43.763 22.6855 44.2275C22.2395 44.696 22.2514 45.4636 22.7609 45.854C22.9898 46.0286 22.9925 46.1822 22.9237 46.4018C22.9171 46.423 22.9118 46.4429 22.9078 46.464C22.8165 46.8743 22.7238 47.2859 22.6339 47.6961C22.6021 47.8443 22.614 47.8562 22.7715 47.8562C23.0163 47.8562 23.2611 47.8562 23.506 47.8562M23.4954 41.1361C24.2179 41.1361 24.9392 41.1334 25.6604 41.1374C25.7689 41.1374 25.8166 41.1096 25.8139 40.9932C25.8086 40.62 25.8139 40.2454 25.81 39.8723C25.806 39.5771 25.7517 39.29 25.634 39.0187C25.1602 37.9229 24.0406 37.3803 22.88 37.6807C22.0357 37.8991 21.329 38.668 21.2337 39.5374C21.1808 40.0139 21.2072 40.4982 21.1914 40.9786C21.1874 41.1056 21.235 41.1387 21.3568 41.1387C22.0701 41.1334 22.7834 41.1361 23.4967 41.1361M23.4967 50.6023C22.217 50.6023 20.9359 50.6023 19.6562 50.6023C18.6849 50.6023 17.9186 50.0041 17.699 49.0592C17.6619 48.903 17.654 48.735 17.654 48.5735C17.6513 46.7856 17.6566 44.9977 17.65 43.2112C17.6473 42.4899 17.9028 41.9037 18.4943 41.4815C18.8132 41.2539 19.1758 41.1427 19.5689 41.1374C19.7396 41.1348 19.7383 41.1321 19.7396 40.9627C19.7436 40.5035 19.7198 40.0403 19.7595 39.5851C19.9408 37.4822 21.7631 35.9683 23.862 36.1549C25.7584 36.3243 27.2578 37.96 27.2617 39.867C27.2617 40.2282 27.2617 40.5895 27.2617 40.9495C27.2617 41.1321 27.2617 41.1308 27.4457 41.1387C28.2159 41.1731 28.7796 41.5357 29.1436 42.212C29.3024 42.5071 29.3513 42.8274 29.3513 43.1595C29.3513 44.9779 29.3553 46.7949 29.3513 48.6132C29.3487 49.5965 28.732 50.3601 27.7845 50.5639C27.6429 50.5943 27.4946 50.6023 27.3491 50.6023C26.0641 50.6049 24.7804 50.6036 23.4954 50.6036" fill="black"></path></svg><p class="styled__StyledBodyText-sc-119w3hf-5 ggtTyf styled__DarkGreyBodyText-sc-9yzfq2-2 lmkdDf">Low Everyday Price</p></div></div></div></div></div></div></div></li><li class="product-list--list-item"><div class="styles__StyledVerticalTileWrapper-dvv1wj-0 dtCNPH"><p class="styled__FlashSashContent-sc-9znnul-0 dYgYXb"><strong class="styled__FlashSashText-sc-9znnul-1 ggeHk">New</strong></p><div data-auto="product-tile" data-auto-type="Quantity" data-auto-available="true" data-auto-is-restricted-disabled="false" data-auto-is-substitute="false" class="styles__StyledVerticalTile-dvv1wj-1 gSCsYK"><div class="styles__StyledTileContentWrapper-dvv1wj-2 bkNhNP beans"><div id="tile-286782730" data-auto-id="286782730" class="styles__StyledTiledContent-dvv1wj-3 bcglTg"><a href="https://www.tesco.com/groceries/en-GB/products/286782730" aria-hidden="true" class="product-image-wrapper" tabindex="1"><div class="product-image__container"><picture><img class="styled__Image-sjvkdn-0 bJErKA product-image beans-responsive-image__image" src="data:image/gif;base64,R0lGODlhAQABAAAAACH5BAEKAAEALAAAAAABAAEAAAICTAEAOw==" srcset="https://digitalcontent.api.tesco.com/v2/media/ghs/1581e3fd-e0aa-48a3-bb1f-c285c7111583/80384c0c-bdd9-4a17-bc45-645ff8f942bf_177050594.jpeg?h=225&amp;w=225 768w, data:image/gif;base64,R0lGODlhAQABAAAAACH5BAEKAAEALAAAAAABAAEAAAICTAEAOw== 4000w" alt="Adventuros Strips 90G"></picture></div></a><div class="product-details--wrapper"><h3 class="styles__H3-oa5soe-0 bCKNNq"><a href="https://www.tesco.com/groceries/en-GB/products/286782730" class="styled__Anchor-sc-1xbujuz-0 csVOnh beans-link__anchor" data-auto="product-tile--title"><span class="styled__Text-sc-1xbujuz-1 ldbwMG beans-link__text">Adventuros Strips 90G</span></a></h3><div class="styles__StyledPromotionsAboveMobile-dvv1wj-7 iPTMuo"></div><div class="styles__StyledProductDetailsContent-dvv1wj-5 ddRSrq"><a href="https://www.tesco.com/groceries/en-GB/reviews/submission/286782730?from=%2Fshop%2Fpets%2Fall" aria-label="Write a review for Adventuros Strips 90G" class="styled__Anchor-sc-1xbujuz-0 jSzuDt write-a-review-link beans-link__anchor" data-auto="review-link"><span class="styled__Text-sc-1xbujuz-1 fyDIEo beans-link__text">Write a review</span><span class="styled__IconContainer-sc-1xbujuz-2 bSauSL beans-link__icon-container"><svg aria-hidden="true" class="styled__SVG-xxa4wh-1 hQMCqc beans-link__icon beans-icon__svg" height="13.33" preserveAspectRatio="xMinYMax meet" viewBox="-1 0 12 20" width="8" xmlns="http://www.w3.org/2000/svg" color="currentColor"><path d="M1.312 1.348L10.276 10l-8.964 8.644" fill="none" stroke="currentColor"></path></svg></span></a><div><a href="https://www.tesco.com/groceries/en-GB/shop/pets/dog-food-and-accessories/dog-treats-dental-chews-and-biscuits/dog-treats" class="styled__Anchor-sc-1xbujuz-0 jSzuDt rest-of-shelf-link beans-link__anchor" data-auto="rest-of-shelf-link"><span class="styled__Text-sc-1xbujuz-1 fyDIEo beans-link__text">Rest of <span class="visually-hidden">Dog Treats</span> shelf</span><span class="styled__IconContainer-sc-1xbujuz-2 bSauSL beans-link__icon-container"><svg aria-hidden="true" class="styled__SVG-xxa4wh-1 hQMCqc beans-link__icon beans-icon__svg" height="13.33" preserveAspectRatio="xMinYMax meet" viewBox="-1 0 12 20" width="8" xmlns="http://www.w3.org/2000/svg" color="currentColor"><path d="M1.312 1.348L10.276 10l-8.964 8.644" fill="none" stroke="currentColor"></path></svg></span></a></div><div class="product-info-message-section"><div class="product-info-message-list"><ul><li><div data-auto="info-message" class="product-info-message"><p>£5 off £20 or more shop on selected Petcare items. Coupon deducted from total basket after Clubcard Prices applied. Enter eCoupon code GRKLHH at checkout (case sensitive). T&amp;Cs apply. Valid on orders collected or delivered between 16/11/22 - 06/12/22</p></div></li></ul></div></div></div><div class="styles__StyledBuyBoxWrapper-dvv1wj-4 dSvjUC"><div class="styles__StyledBuyBoxContainer-sc-1wx0qp6-0 erryje" data-auto="buybox-container"><div class="styles__SafeFormWrapper-jtpu2t-0 lcrYKS"><form action="https://www.tesco.com/groceries/en-GB/trolley/items/286782730?_method=PUT" method="POST"><input type="submit" class="hidden"><input name="id" type="hidden" value="286782730"><input name="identifier" type="hidden" value="Page"><input name="anchorId" type="hidden" value="#tile-286782730"><input name="returnUrl" type="hidden" value="/groceries/en-GB/shop/pets/all?redirectIfUnavailable=true#tile-286782730"><input name="backToUrl" type="hidden" value="#"><input name="oldValue" type="hidden" value="0"><input name="oldUnitChoice" type="hidden" value="pcs"><input name="newUnitChoice" type="hidden" value="pcs"><div class="base-components__RootElement-sc-1mosoyj-1 styled__Container-sc-6nhkzi-0 jptQqM hSNpTb beans-buybox__container"><div class="base-components__BaseElement-sc-1mosoyj-0 styled__PriceAndActions-sc-6nhkzi-3 oznwo eEPLov beans-buybox__price-and-actions"><div class="base-components__RootElement-sc-1mosoyj-1 styled__Container-sc-8qlq5b-0 jptQqM bgZrjw styled__StyledPrice-sc-6nhkzi-5 iYHeik beans-buybox__price beans-price__container"><p class="styled__StyledHeading-sc-119w3hf-2 jWPEtj styled__Text-sc-8qlq5b-1 lnaeiZ beans-price__text">£1.10</p><p class="styled__StyledFootnote-sc-119w3hf-7 icrlVF styled__Subtext-sc-8qlq5b-2 bNJmdc beans-price__subtext">£12.23/kg</p></div><div class="base-components__RootElement-sc-1mosoyj-1 styled__Container-vtxwzb-0 jptQqM bDFhXJ beans-buybox__actions beans-quantity-controls__container"><div class="base-components__RootElement-sc-1mosoyj-1 styled__Container-sc-16t2b2a-0 jptQqM PUfgZ styled__StyledFormGroup-vtxwzb-1 kzKuAr beans-quantity-controls__form-group beans-form-group__container"><label class="styled__StyledLabel-sc-1ttuvhr-0 izGEjV beans-form-group__label beans-label" for="quantity-controls-286782730">Quantity controls </label><div class="base-components__BaseElement-sc-1mosoyj-0 styled__Children-sc-16t2b2a-3 oznwo gdJvjO beans-form-group__children"><div class="styled__StyledQuantityControlWrapper-vtxwzb-6 LCxOg"><label id="quantity-controls-286782730-label" class="styled__VisuallyHiddenLabel-vtxwzb-7 gXlLiM">Quantity of Adventuros Strips 90G</label><div class="component__Wrapper-sc-1kpmik-3 dReplG input-wrapper"><input class="base-components__RootElement-sc-1mosoyj-1 styled__StyledInput-sc-1jd5f57-0 component__StyledAsInput-sc-1kpmik-4 jptQqM eJLlow styled__StyledInput-vtxwzb-3 lwMHo beans-quantity-controls__input beans-input" data-auto="beans-quantity-controls-input" autocomplete="off" id="quantity-controls-286782730" maxlength="2" name="newValue" type="number" aria-labelledby="quantity-controls-286782730-label" value="1"></div></div><button class="styled__BaseButton-rsekm1-0 styled__PrimaryButton-rsekm1-2 jChbeY geeWOF styled__StyledButton-vtxwzb-5 japAxb beans-quantity-controls__add-button beans-button__container" type="submit" data-auto="beans-quantity-controls-add-button" aria-label="Quantity of Adventuros Strips 90G"><span class="base-components__BaseElement-sc-1mosoyj-0 styled__InnerContainer-rsekm1-1 oznwo fuFres beans-button__inner-container"><span class="base-components__BaseElement-sc-1mosoyj-0 styled__TextSpan-rsekm1-4 oznwo GDiMp beans-button__text">Add</span></span></button></div></div></div></div></div><input name="_csrf" type="hidden" value="0WbpBJF9-cS-fAMl-ByHnl5hECj1JaZiBQ20"></form></div></div></div></div><div class="hidden-medium product-info-section-small"><div class="product-info-message-list"><ul><li><div data-auto="info-message" class="product-info-message"><p>£5 off £20 or more shop on selected Petcare items. Coupon deducted from total basket after Clubcard Prices applied. Enter eCoupon code GRKLHH at checkout (case sensitive). T&amp;Cs apply. Valid on orders collected or delivered between 16/11/22 - 06/12/22</p></div></li></ul></div></div></div></div></div></div></li><li class="product-list--list-item"><div class="styles__StyledVerticalTileWrapper-dvv1wj-0 dtCNPH"><div data-auto="product-tile" data-auto-type="Quantity" data-auto-available="false" data-auto-is-restricted-disabled="false" data-auto-is-substitute="false" class="styles__StyledVerticalTile-dvv1wj-1 hdMvIX"><div class="styles__StyledTileContentWrapper-dvv1wj-2 bkNhNP beans"><div id="tile-278755677" data-auto-id="278755677" class="styles__StyledTiledContent-dvv1wj-3 bcglTg"><a href="https://www.tesco.com/groceries/en-GB/products/278755677" aria-hidden="true" class="product-image-wrapper" tabindex="1"><div class="product-image__container"><picture><img class="styled__Image-sjvkdn-0 bJErKA product-image grayscale beans-responsive-image__image" src="data:image/gif;base64,R0lGODlhAQABAAAAACH5BAEKAAEALAAAAAABAAEAAAICTAEAOw==" srcset="https://digitalcontent.api.tesco.com/v2/media/ghs/893eabbe-f7bb-4e9c-b768-2bd2b93a8578/1cd4ef86-b336-4b8a-bc97-15cd557651c0.jpeg?h=225&amp;w=225 768w, data:image/gif;base64,R0lGODlhAQABAAAAACH5BAEKAAEALAAAAAABAAEAAAICTAEAOw== 4000w" alt="Tesco Meaty Strips Rich In Beef 200G"></picture></div></a><div class="product-details--wrapper"><h3 class="styles__H3-oa5soe-0 bCKNNq"><a href="https://www.tesco.com/groceries/en-GB/products/278755677" class="styled__Anchor-sc-1xbujuz-0 csVOnh beans-link__anchor" data-auto="product-tile--title"><span class="styled__Text-sc-1xbujuz-1 ldbwMG beans-link__text">Tesco Meaty Strips Rich In Beef 200G</span></a></h3><div class="styles__StyledPromotionsAboveMobile-dvv1wj-7 iPTMuo"></div><div class="styles__StyledProductDetailsContent-dvv1wj-5 ddRSrq"><a href="https://www.tesco.com/groceries/en-GB/reviews/submission/278755677?from=%2Fshop%2Fpets%2Fall" aria-label="Write a review for Tesco Meaty Strips Rich In Beef 200G" class="styled__Anchor-sc-1xbujuz-0 jSzuDt write-a-review-link beans-link__anchor" data-auto="review-link"><span class="styled__Text-sc-1xbujuz-1 fyDIEo beans-link__text">Write a review</span><span class="styled__IconContainer-sc-1xbujuz-2 bSauSL beans-link__icon-container"><svg aria-hidden="true" class="styled__SVG-xxa4wh-1 hQMCqc beans-link__icon beans-icon__svg" height="13.33" preserveAspectRatio="xMinYMax meet" viewBox="-1 0 12 20" width="8" xmlns="http://www.w3.org/2000/svg" color="currentColor"><path d="M1.312 1.348L10.276 10l-8.964 8.644" fill="none" stroke="currentColor"></path></svg></span></a><div class="product-info-message-section"><div class="product-info-message-list"><ul><li><div data-auto="info-message" class="product-info-message with-warning-background unavailable-messages"><p>This product's currently out of stock</p></div></li></ul></div></div></div><div class="styles__StyledRestOfShelfButton-sc-1zolry-0 jqKCro"><a href="https://www.tesco.com/shop/pets/dog-food-and-accessories/dog-treats-dental-chews-and-biscuits/dog-treats" class="styles__StyledRestOfShelfLink-sc-1zolry-1 klfAZc rest-of-shelf"><a class="styled__Anchor-sc-16kp6v-0 cOTsfM styled__StyledLink-ey2bia-0 dHydHk beans-link__anchor"><span class="styled__Text-sc-16kp6v-1 iOdjfG beans-link__text">Rest of <span class="visually-hidden">Dog Treats</span> shelf</span><span class="styled__IconContainer-sc-16kp6v-2 WcbZx beans-link__icon-container"><svg aria-hidden="true" class="styled__SVG-xxa4wh-1 hQMCqc beans-link__icon beans-icon__svg" height="20" preserveAspectRatio="xMinYMax meet" viewBox="-1 0 12 20" width="12" xmlns="http://www.w3.org/2000/svg" color="currentColor"><path d="M1.312 1.348L10.276 10l-8.964 8.644" fill="none" stroke="currentColor"></path></svg></span></a></a></div></div><div class="hidden-medium product-info-section-small"><div class="product-info-message-list"><ul><li><div data-auto="info-message" class="product-info-message with-warning-background unavailable-messages"><p>This product's currently out of stock</p></div></li></ul></div></div></div></div></div></div></li><li class="product-list--list-item"><div class="styles__StyledVerticalTileWrapper-dvv1wj-0 dtCNPH"><div data-auto="product-tile" data-auto-type="Quantity" data-auto-available="true" data-auto-is-restricted-disabled="false" data-auto-is-substitute="false" class="styles__StyledVerticalTile-dvv1wj-1 gSCsYK"><div class="styles__StyledTileContentWrapper-dvv1wj-2 bkNhNP beans"><div id="tile-255193126" data-auto-id="255193126" class="styles__StyledTiledContent-dvv1wj-3 bcglTg"><a href="https://www.tesco.com/groceries/en-GB/products/255193126" aria-hidden="true" class="product-image-wrapper" tabindex="1"><div class="product-image__container"><picture><img class="styled__Image-sjvkdn-0 bJErKA product-image beans-responsive-image__image" src="data:image/gif;base64,R0lGODlhAQABAAAAACH5BAEKAAEALAAAAAABAAEAAAICTAEAOw==" srcset="https://digitalcontent.api.tesco.com/v2/media/ghs/0810ac9a-503f-47ab-ac1e-e9839835217f/c7ec1f2e-92bb-4eeb-a631-577221df77ce.jpeg?h=225&amp;w=225 768w, data:image/gif;base64,R0lGODlhAQABAAAAACH5BAEKAAEALAAAAAABAAEAAAICTAEAOw== 4000w" alt="Tesco Meaty Strips For Dogs Chicken 200G"></picture></div></a><div class="product-details--wrapper"><h3 class="styles__H3-oa5soe-0 bCKNNq"><a href="https://www.tesco.com/groceries/en-GB/products/255193126" class="styled__Anchor-sc-1xbujuz-0 csVOnh beans-link__anchor" data-auto="product-tile--title"><span class="styled__Text-sc-1xbujuz-1 ldbwMG beans-link__text">Tesco Meaty Strips For Dogs Chicken 200G</span></a></h3><div class="styles__StyledPromotionsAboveMobile-dvv1wj-7 iPTMuo"></div><div class="styles__StyledProductDetailsContent-dvv1wj-5 ddRSrq"><a href="https://www.tesco.com/groceries/en-GB/reviews/submission/255193126?from=%2Fshop%2Fpets%2Fall" aria-label="Write a review for Tesco Meaty Strips For Dogs Chicken 200G" class="styled__Anchor-sc-1xbujuz-0 jSzuDt write-a-review-link beans-link__anchor" data-auto="review-link"><span class="styled__Text-sc-1xbujuz-1 fyDIEo beans-link__text">Write a review</span><span class="styled__IconContainer-sc-1xbujuz-2 bSauSL beans-link__icon-container"><svg aria-hidden="true" class="styled__SVG-xxa4wh-1 hQMCqc beans-link__icon beans-icon__svg" height="13.33" preserveAspectRatio="xMinYMax meet" viewBox="-1 0 12 20" width="8" xmlns="http://www.w3.org/2000/svg" color="currentColor"><path d="M1.312 1.348L10.276 10l-8.964 8.644" fill="none" stroke="currentColor"></path></svg></span></a><div><a href="https://www.tesco.com/groceries/en-GB/shop/pets/dog-food-and-accessories/dog-treats-dental-chews-and-biscuits/dog-chews" class="styled__Anchor-sc-1xbujuz-0 jSzuDt rest-of-shelf-link beans-link__anchor" data-auto="rest-of-shelf-link"><span class="styled__Text-sc-1xbujuz-1 fyDIEo beans-link__text">Rest of <span class="visually-hidden">Dog Chews</span> shelf</span><span class="styled__IconContainer-sc-1xbujuz-2 bSauSL beans-link__icon-container"><svg aria-hidden="true" class="styled__SVG-xxa4wh-1 hQMCqc beans-link__icon beans-icon__svg" height="13.33" preserveAspectRatio="xMinYMax meet" viewBox="-1 0 12 20" width="8" xmlns="http://www.w3.org/2000/svg" color="currentColor"><path d="M1.312 1.348L10.276 10l-8.964 8.644" fill="none" stroke="currentColor"></path></svg></span></a></div><div class="product-info-message-section"><div class="product-info-message-list"></div></div></div><div class="styles__StyledBuyBoxWrapper-dvv1wj-4 dSvjUC"><div class="styles__StyledBuyBoxContainer-sc-1wx0qp6-0 erryje" data-auto="buybox-container"><div class="styles__SafeFormWrapper-jtpu2t-0 lcrYKS"><form action="https://www.tesco.com/groceries/en-GB/trolley/items/255193126?_method=PUT" method="POST"><input type="submit" class="hidden"><input name="id" type="hidden" value="255193126"><input name="identifier" type="hidden" value="Page"><input name="anchorId" type="hidden" value="#tile-255193126"><input name="returnUrl" type="hidden" value="/groceries/en-GB/shop/pets/all?redirectIfUnavailable=true#tile-255193126"><input name="backToUrl" type="hidden" value="#"><input name="oldValue" type="hidden" value="0"><input name="oldUnitChoice" type="hidden" value="pcs"><input name="newUnitChoice" type="hidden" value="pcs"><div class="base-components__RootElement-sc-1mosoyj-1 styled__Container-sc-6nhkzi-0 jptQqM hSNpTb beans-buybox__container"><div class="base-components__BaseElement-sc-1mosoyj-0 styled__PriceAndActions-sc-6nhkzi-3 oznwo eEPLov beans-buybox__price-and-actions"><div class="base-components__RootElement-sc-1mosoyj-1 styled__Container-sc-8qlq5b-0 jptQqM bgZrjw styled__StyledPrice-sc-6nhkzi-5 iYHeik beans-buybox__price beans-price__container"><p class="styled__StyledHeading-sc-119w3hf-2 jWPEtj styled__Text-sc-8qlq5b-1 lnaeiZ beans-price__text">£0.85</p><p class="styled__StyledFootnote-sc-119w3hf-7 icrlVF styled__Subtext-sc-8qlq5b-2 bNJmdc beans-price__subtext">£4.25/kg</p></div><div class="base-components__RootElement-sc-1mosoyj-1 styled__Container-vtxwzb-0 jptQqM bDFhXJ beans-buybox__actions beans-quantity-controls__container"><div class="base-components__RootElement-sc-1mosoyj-1 styled__Container-sc-16t2b2a-0 jptQqM PUfgZ styled__StyledFormGroup-vtxwzb-1 kzKuAr beans-quantity-controls__form-group beans-form-group__container"><label class="styled__StyledLabel-sc-1ttuvhr-0 izGEjV beans-form-group__label beans-label" for="quantity-controls-255193126">Quantity controls </label><div class="base-components__BaseElement-sc-1mosoyj-0 styled__Children-sc-16t2b2a-3 oznwo gdJvjO beans-form-group__children"><div class="styled__StyledQuantityControlWrapper-vtxwzb-6 LCxOg"><label id="quantity-controls-255193126-label" class="styled__VisuallyHiddenLabel-vtxwzb-7 gXlLiM">Quantity of Tesco Meaty Strips For Dogs Chicken 200G</label><div class="component__Wrapper-sc-1kpmik-3 dReplG input-wrapper"><input class="base-components__RootElement-sc-1mosoyj-1 styled__StyledInput-sc-1jd5f57-0 component__StyledAsInput-sc-1kpmik-4 jptQqM eJLlow styled__StyledInput-vtxwzb-3 lwMHo beans-quantity-controls__input beans-input" data-auto="beans-quantity-controls-input" autocomplete="off" id="quantity-controls-255193126" maxlength="2" name="newValue" type="number" aria-labelledby="quantity-controls-255193126-label" value="1"></div></div><button class="styled__BaseButton-rsekm1-0 styled__PrimaryButton-rsekm1-2 jChbeY geeWOF styled__StyledButton-vtxwzb-5 japAxb beans-quantity-controls__add-button beans-button__container" type="submit" data-auto="beans-quantity-controls-add-button" aria-label="Quantity of Tesco Meaty Strips For Dogs Chicken 200G"><span class="base-components__BaseElement-sc-1mosoyj-0 styled__InnerContainer-rsekm1-1 oznwo fuFres beans-button__inner-container"><span class="base-components__BaseElement-sc-1mosoyj-0 styled__TextSpan-rsekm1-4 oznwo GDiMp beans-button__text">Add</span></span></button></div></div></div></div></div><input name="_csrf" type="hidden" value="0WbpBJF9-cS-fAMl-ByHnl5hECj1JaZiBQ20"></form></div></div></div></div><div class="hidden-medium product-info-section-small"><div class="product-info-message-list"></div></div></div></div></div></div></li><li class="product-list--list-item"><div class="styles__StyledVerticalTileWrapper-dvv1wj-0 dtCNPH"><p class="styled__FlashSashContent-sc-9znnul-0 dYgYXb"><strong class="styled__FlashSashText-sc-9znnul-1 ggeHk">New</strong></p><div data-auto="product-tile" data-auto-type="Quantity" data-auto-available="true" data-auto-is-restricted-disabled="false" data-auto-is-substitute="false" class="styles__StyledVerticalTile-dvv1wj-1 gSCsYK"><div class="styles__StyledTileContentWrapper-dvv1wj-2 bkNhNP beans"><div id="tile-286784526" data-auto-id="286784526" class="styles__StyledTiledContent-dvv1wj-3 bcglTg"><a href="https://www.tesco.com/groceries/en-GB/products/286784526" aria-hidden="true" class="product-image-wrapper" tabindex="1"><div class="product-image__container"><picture><img class="styled__Image-sjvkdn-0 bJErKA product-image beans-responsive-image__image" src="data:image/gif;base64,R0lGODlhAQABAAAAACH5BAEKAAEALAAAAAABAAEAAAICTAEAOw==" srcset="https://digitalcontent.api.tesco.com/v2/media/ghs/ee2c2b6e-66ec-457a-805d-376ee15103d4/9761415d-5619-4758-8a78-ba114b49ed69_827112851.jpeg?h=225&amp;w=225 768w, data:image/gif;base64,R0lGODlhAQABAAAAACH5BAEKAAEALAAAAAABAAEAAAICTAEAOw== 4000w" alt="Adventuros Sticks 120G"></picture></div></a><div class="product-details--wrapper"><h3 class="styles__H3-oa5soe-0 bCKNNq"><a href="https://www.tesco.com/groceries/en-GB/products/286784526" class="styled__Anchor-sc-1xbujuz-0 csVOnh beans-link__anchor" data-auto="product-tile--title"><span class="styled__Text-sc-1xbujuz-1 ldbwMG beans-link__text">Adventuros Sticks 120G</span></a></h3><div class="styles__StyledPromotionsAboveMobile-dvv1wj-7 iPTMuo"></div><div class="styles__StyledProductDetailsContent-dvv1wj-5 ddRSrq"><a href="https://www.tesco.com/groceries/en-GB/reviews/submission/286784526?from=%2Fshop%2Fpets%2Fall" aria-label="Write a review for Adventuros Sticks 120G" class="styled__Anchor-sc-1xbujuz-0 jSzuDt write-a-review-link beans-link__anchor" data-auto="review-link"><span class="styled__Text-sc-1xbujuz-1 fyDIEo beans-link__text">Write a review</span><span class="styled__IconContainer-sc-1xbujuz-2 bSauSL beans-link__icon-container"><svg aria-hidden="true" class="styled__SVG-xxa4wh-1 hQMCqc beans-link__icon beans-icon__svg" height="13.33" preserveAspectRatio="xMinYMax meet" viewBox="-1 0 12 20" width="8" xmlns="http://www.w3.org/2000/svg" color="currentColor"><path d="M1.312 1.348L10.276 10l-8.964 8.644" fill="none" stroke="currentColor"></path></svg></span></a><div><a href="https://www.tesco.com/groceries/en-GB/shop/pets/dog-food-and-accessories/dog-treats-dental-chews-and-biscuits/dog-treats" class="styled__Anchor-sc-1xbujuz-0 jSzuDt rest-of-shelf-link beans-link__anchor" data-auto="rest-of-shelf-link"><span class="styled__Text-sc-1xbujuz-1 fyDIEo beans-link__text">Rest of <span class="visually-hidden">Dog Treats</span> shelf</span><span class="styled__IconContainer-sc-1xbujuz-2 bSauSL beans-link__icon-container"><svg aria-hidden="true" class="styled__SVG-xxa4wh-1 hQMCqc beans-link__icon beans-icon__svg" height="13.33" preserveAspectRatio="xMinYMax meet" viewBox="-1 0 12 20" width="8" xmlns="http://www.w3.org/2000/svg" color="currentColor"><path d="M1.312 1.348L10.276 10l-8.964 8.644" fill="none" stroke="currentColor"></path></svg></span></a></div><div class="product-info-message-section"><div class="product-info-message-list"><ul><li><div data-auto="info-message" class="product-info-message"><p>£5 off £20 or more shop on selected Petcare items. Coupon deducted from total basket after Clubcard Prices applied. Enter eCoupon code GRKLHH at checkout (case sensitive). T&amp;Cs apply. Valid on orders collected or delivered between 16/11/22 - 06/12/22</p></div></li></ul></div></div></div><div class="styles__StyledBuyBoxWrapper-dvv1wj-4 dSvjUC"><div class="styles__StyledBuyBoxContainer-sc-1wx0qp6-0 erryje" data-auto="buybox-container"><div class="styles__SafeFormWrapper-jtpu2t-0 lcrYKS"><form action="https://www.tesco.com/groceries/en-GB/trolley/items/286784526?_method=PUT" method="POST"><input type="submit" class="hidden"><input name="id" type="hidden" value="286784526"><input name="identifier" type="hidden" value="Page"><input name="anchorId" type="hidden" value="#tile-286784526"><input name="returnUrl" type="hidden" value="/groceries/en-GB/shop/pets/all?redirectIfUnavailable=true#tile-286784526"><input name="backToUrl" type="hidden" value="#"><input name="oldValue" type="hidden" value="0"><input name="oldUnitChoice" type="hidden" value="pcs"><input name="newUnitChoice" type="hidden" value="pcs"><div class="base-components__RootElement-sc-1mosoyj-1 styled__Container-sc-6nhkzi-0 jptQqM hSNpTb beans-buybox__container"><div class="base-components__BaseElement-sc-1mosoyj-0 styled__PriceAndActions-sc-6nhkzi-3 oznwo eEPLov beans-buybox__price-and-actions"><div class="base-components__RootElement-sc-1mosoyj-1 styled__Container-sc-8qlq5b-0 jptQqM bgZrjw styled__StyledPrice-sc-6nhkzi-5 iYHeik beans-buybox__price beans-price__container"><p class="styled__StyledHeading-sc-119w3hf-2 jWPEtj styled__Text-sc-8qlq5b-1 lnaeiZ beans-price__text">£1.10</p><p class="styled__StyledFootnote-sc-119w3hf-7 icrlVF styled__Subtext-sc-8qlq5b-2 bNJmdc beans-price__subtext">£9.17/kg</p></div><div class="base-components__RootElement-sc-1mosoyj-1 styled__Container-vtxwzb-0 jptQqM bDFhXJ beans-buybox__actions beans-quantity-controls__container"><div class="base-components__RootElement-sc-1mosoyj-1 styled__Container-sc-16t2b2a-0 jptQqM PUfgZ styled__StyledFormGroup-vtxwzb-1 kzKuAr beans-quantity-controls__form-group beans-form-group__container"><label class="styled__StyledLabel-sc-1ttuvhr-0 izGEjV beans-form-group__label beans-label" for="quantity-controls-286784526">Quantity controls </label><div class="base-components__BaseElement-sc-1mosoyj-0 styled__Children-sc-16t2b2a-3 oznwo gdJvjO beans-form-group__children"><div class="styled__StyledQuantityControlWrapper-vtxwzb-6 LCxOg"><label id="quantity-controls-286784526-label" class="styled__VisuallyHiddenLabel-vtxwzb-7 gXlLiM">Quantity of Adventuros Sticks 120G</label><div class="component__Wrapper-sc-1kpmik-3 dReplG input-wrapper"><input class="base-components__RootElement-sc-1mosoyj-1 styled__StyledInput-sc-1jd5f57-0 component__StyledAsInput-sc-1kpmik-4 jptQqM eJLlow styled__StyledInput-vtxwzb-3 lwMHo beans-quantity-controls__input beans-input" data-auto="beans-quantity-controls-input" autocomplete="off" id="quantity-controls-286784526" maxlength="2" name="newValue" type="number" aria-labelledby="quantity-controls-286784526-label" value="1"></div></div><button class="styled__BaseButton-rsekm1-0 styled__PrimaryButton-rsekm1-2 jChbeY geeWOF styled__StyledButton-vtxwzb-5 japAxb beans-quantity-controls__add-button beans-button__container" type="submit" data-auto="beans-quantity-controls-add-button" aria-label="Quantity of Adventuros Sticks 120G"><span class="base-components__BaseElement-sc-1mosoyj-0 styled__InnerContainer-rsekm1-1 oznwo fuFres beans-button__inner-container"><span class="base-components__BaseElement-sc-1mosoyj-0 styled__TextSpan-rsekm1-4 oznwo GDiMp beans-button__text">Add</span></span></button></div></div></div></div></div><input name="_csrf" type="hidden" value="0WbpBJF9-cS-fAMl-ByHnl5hECj1JaZiBQ20"></form></div></div></div></div><div class="hidden-medium product-info-section-small"><div class="product-info-message-list"><ul><li><div data-auto="info-message" class="product-info-message"><p>£5 off £20 or more shop on selected Petcare items. Coupon deducted from total basket after Clubcard Prices applied. Enter eCoupon code GRKLHH at checkout (case sensitive). T&amp;Cs apply. Valid on orders collected or delivered between 16/11/22 - 06/12/22</p></div></li></ul></div></div></div></div></div></div></li><li class="product-list--list-item"><div class="styles__StyledVerticalTileWrapper-dvv1wj-0 dtCNPH"><div data-auto="product-tile" data-auto-type="Quantity" data-auto-available="true" data-auto-is-restricted-disabled="false" data-auto-is-substitute="false" class="styles__StyledVerticalTile-dvv1wj-1 gSCsYK"><div class="styles__StyledTileContentWrapper-dvv1wj-2 bkNhNP beans"><div id="tile-303837445" data-auto-id="303837445" class="styles__StyledTiledContent-dvv1wj-3 bcglTg"><a href="https://www.tesco.com/groceries/en-GB/products/303837445" aria-hidden="true" class="product-image-wrapper" tabindex="1"><div class="product-image__container"><picture><img class="styled__Image-sjvkdn-0 bJErKA product-image beans-responsive-image__image" src="data:image/gif;base64,R0lGODlhAQABAAAAACH5BAEKAAEALAAAAAABAAEAAAICTAEAOw==" srcset="https://digitalcontent.api.tesco.com/v2/media/ghs/018a8a0f-114c-4718-8d8c-ec82edc914f2/0e90ae81-604b-4893-912b-45a26686238e_1173543035.jpeg?h=225&amp;w=225 768w, data:image/gif;base64,R0lGODlhAQABAAAAACH5BAEKAAEALAAAAAABAAEAAAICTAEAOw== 4000w" alt="Bakers Whirlers Dog Treats Bacon And Cheese 130G"></picture></div></a><div class="product-details--wrapper"><h3 class="styles__H3-oa5soe-0 bCKNNq"><a href="https://www.tesco.com/groceries/en-GB/products/303837445" class="styled__Anchor-sc-1xbujuz-0 csVOnh beans-link__anchor" data-auto="product-tile--title"><span class="styled__Text-sc-1xbujuz-1 ldbwMG beans-link__text">Bakers Whirlers Dog Treats Bacon And Cheese 130G</span></a></h3><div class="styles__StyledPromotionsAboveMobile-dvv1wj-7 iPTMuo"></div><div class="styles__StyledProductDetailsContent-dvv1wj-5 ddRSrq"><a href="https://www.tesco.com/groceries/en-GB/reviews/submission/303837445?from=%2Fshop%2Fpets%2Fall" aria-label="Write a review for Bakers Whirlers Dog Treats Bacon And Cheese 130G" class="styled__Anchor-sc-1xbujuz-0 jSzuDt write-a-review-link beans-link__anchor" data-auto="review-link"><span class="styled__Text-sc-1xbujuz-1 fyDIEo beans-link__text">Write a review</span><span class="styled__IconContainer-sc-1xbujuz-2 bSauSL beans-link__icon-container"><svg aria-hidden="true" class="styled__SVG-xxa4wh-1 hQMCqc beans-link__icon beans-icon__svg" height="13.33" preserveAspectRatio="xMinYMax meet" viewBox="-1 0 12 20" width="8" xmlns="http://www.w3.org/2000/svg" color="currentColor"><path d="M1.312 1.348L10.276 10l-8.964 8.644" fill="none" stroke="currentColor"></path></svg></span></a><div><a href="https://www.tesco.com/groceries/en-GB/shop/pets/dog-food-and-accessories/dog-treats-dental-chews-and-biscuits/dog-treats" class="styled__Anchor-sc-1xbujuz-0 jSzuDt rest-of-shelf-link beans-link__anchor" data-auto="rest-of-shelf-link"><span class="styled__Text-sc-1xbujuz-1 fyDIEo beans-link__text">Rest of <span class="visually-hidden">Dog Treats</span> shelf</span><span class="styled__IconContainer-sc-1xbujuz-2 bSauSL beans-link__icon-container"><svg aria-hidden="true" class="styled__SVG-xxa4wh-1 hQMCqc beans-link__icon beans-icon__svg" height="13.33" preserveAspectRatio="xMinYMax meet" viewBox="-1 0 12 20" width="8" xmlns="http://www.w3.org/2000/svg" color="currentColor"><path d="M1.312 1.348L10.276 10l-8.964 8.644" fill="none" stroke="currentColor"></path></svg></span></a></div><div class="product-info-message-section"><div class="product-info-message-list"><ul><li><div data-auto="info-message" class="product-info-message"><p>£5 off £20 or more shop on selected Petcare items. Coupon deducted from total basket after Clubcard Prices applied. Enter eCoupon code GRKLHH at checkout (case sensitive). T&amp;Cs apply. Valid on orders collected or delivered between 16/11/22 - 06/12/22</p></div></li></ul><div class="styled__WhiteBackground-sc-9yzfq2-1 jthPIJ"><svg width="56" height="61" viewBox="0 0 56 61" fill="none" xmlns="http://www.w3.org/2000/svg"><path d="M30.8759 45.8182C40.0086 42.7996 46.6572 34.3312 46.9801 24.2629H47V23.502V22.7397H46.9801C46.5765 10.112 36.2237 0 23.4993 0C10.5209 0 0 10.5209 0 23.4993C0 33.8972 6.75323 42.7162 16.1109 45.8142L16.1294 42.8684C13.3741 41.8189 10.9007 40.1978 8.8508 38.1492C5.099 34.3961 2.78308 29.2256 2.78308 23.4993C2.78308 17.7744 5.10032 12.6039 8.8508 8.84947C12.6039 5.09768 17.7744 2.78175 23.5007 2.78175C29.2256 2.78175 34.3961 5.09768 38.1505 8.84947C41.9023 12.6026 44.2182 17.7731 44.2182 23.4993C44.2182 29.2256 41.901 34.3948 38.1505 38.1492C36.1033 40.1952 33.6338 41.815 30.8838 42.8644L30.8772 45.8182H30.8759Z" fill="#EE1C2E"></path><path d="M9.82217 16.0368C10.5434 14.6962 11.4566 13.472 12.5245 12.4041C15.3354 9.59453 19.2116 7.85825 23.4994 7.85825C27.7871 7.85825 31.6633 9.59453 34.4742 12.4041C35.5435 13.4734 36.4553 14.6962 37.1765 16.0368H38.6256C35.8995 10.4309 30.1507 6.56662 23.498 6.56662C16.8454 6.56662 11.0966 10.4309 8.37042 16.0368H9.81952H9.82217Z" fill="black"></path><path d="M38.2419 28.245C37.4743 30.5728 36.1694 32.6571 34.4742 34.3537C32.8385 35.9881 30.8428 37.2599 28.6142 38.038C28.605 38.0407 28.5825 38.0394 28.5878 38.0473C28.773 38.3278 28.7836 39.3429 28.7836 39.3429C33.9567 37.6318 38.0142 33.4763 39.593 28.245H38.2419Z" fill="black"></path><path d="M12.5245 34.3537C10.4322 32.2601 8.9355 29.5763 8.30822 26.5722H6.99409C8.14941 32.5791 12.4994 37.4491 18.2085 39.3416C18.2111 39.3416 18.2177 39.3482 18.2177 39.3442C18.2627 38.2286 18.3898 38.0394 18.3898 38.0394C18.3818 38.0367 18.3726 38.0341 18.3646 38.0301C16.144 37.2519 14.1536 35.9828 12.5232 34.3524L12.5245 34.3537Z" fill="black"></path><path d="M17.6645 15.8727H20.1062V16.8335H16.623V11.2289H17.6645V15.8727Z" fill="black"></path><path d="M20.527 13.6745C20.7031 13.3516 20.9532 13.0975 21.2761 12.9136C21.599 12.7296 21.9682 12.637 22.3851 12.637C22.8019 12.637 23.1712 12.7296 23.4941 12.9136C23.817 13.0975 24.0658 13.3516 24.2431 13.6745C24.4191 13.9974 24.5065 14.3614 24.5065 14.7676C24.5065 15.1739 24.4191 15.5379 24.2431 15.8608C24.0671 16.1837 23.817 16.4364 23.4941 16.6217C23.1712 16.8057 22.8019 16.897 22.3851 16.897C21.9682 16.897 21.599 16.8057 21.2761 16.6217C20.9532 16.4378 20.7031 16.1837 20.527 15.8608C20.351 15.5379 20.2637 15.1739 20.2637 14.7676C20.2637 14.3614 20.351 13.9974 20.527 13.6745ZM21.5805 15.6477C21.7856 15.8727 22.0542 15.9838 22.3851 15.9838C22.7159 15.9838 22.9846 15.8713 23.1897 15.6477C23.3948 15.424 23.498 15.1303 23.498 14.7676C23.498 14.405 23.3948 14.1112 23.1897 13.8876C22.9846 13.6639 22.7159 13.5515 22.3851 13.5515C22.0542 13.5515 21.7856 13.6639 21.5805 13.8876C21.3753 14.1112 21.2721 14.405 21.2721 14.7676C21.2721 15.1303 21.3753 15.424 21.5805 15.6477Z" fill="black"></path><path d="M29.1687 16.8334H28.208L27.5119 14.1271L26.8158 16.8334H25.855L24.566 12.7018H25.5347L26.3182 15.4082L27.0315 12.7018H27.9923L28.7056 15.4082L29.489 12.7018H30.4577L29.1687 16.8334Z" fill="black"></path><path d="M8.61654 18.931H5.58202V20.4026H8.01572V21.6042H5.58202V23.5377H8.71579V24.738H4.27981V17.7294H8.61654V18.931Z" fill="black"></path><path d="M8.73168 19.5715H9.9836L11.2051 23.0269L12.4266 19.5715H13.6785L11.7662 24.738H10.644L8.73168 19.5715Z" fill="black"></path><path d="M18.7126 22.5558H14.8973C14.9635 22.9369 15.121 23.2254 15.3684 23.4226C15.6159 23.6198 15.9163 23.7177 16.2697 23.7177C16.5635 23.7177 16.8083 23.6555 17.0055 23.5324C17.2027 23.4093 17.3906 23.2201 17.5719 22.966L18.6226 23.5377C18.3686 23.9519 18.047 24.2682 17.6566 24.4892C17.2662 24.7089 16.7805 24.8201 16.1995 24.8201C15.6517 24.8201 15.1832 24.6917 14.7928 24.435C14.4024 24.1782 14.1099 23.8461 13.9167 23.4385C13.7235 23.0322 13.6269 22.6047 13.6269 22.1574C13.6269 21.7101 13.7288 21.2827 13.9326 20.8764C14.1364 20.4688 14.4315 20.1366 14.8192 19.8799C15.207 19.6231 15.6636 19.4948 16.1916 19.4948C16.7196 19.4948 17.1828 19.6152 17.5626 19.8547C17.9438 20.0956 18.2296 20.4106 18.4241 20.801C18.6174 21.1914 18.714 21.6069 18.714 22.0476V22.5584L18.7126 22.5558ZM17.4409 21.5751C17.3945 21.2813 17.2582 21.0418 17.0346 20.8539C16.8109 20.6673 16.5291 20.5733 16.1889 20.5733C15.9018 20.5733 15.645 20.662 15.4174 20.838C15.1911 21.0153 15.0336 21.2602 14.9463 21.5738H17.4395L17.4409 21.5751Z" fill="black"></path><path d="M19.3849 19.5715H20.6263V20.3523C20.7732 20.0718 20.9809 19.8587 21.2469 19.7118C21.5142 19.5649 21.8107 19.4921 22.1376 19.4921C22.4644 19.4921 22.745 19.5689 22.9382 19.7224L22.5174 20.7732C22.344 20.6805 22.1601 20.6329 21.9668 20.6329C21.5791 20.6329 21.2588 20.7996 21.0061 21.1331C20.752 21.4666 20.6249 21.9814 20.6249 22.6749V24.738H19.3836V19.5715H19.3849Z" fill="black"></path><path d="M24.8518 24.4178L22.9792 19.5715H24.2312L25.4434 22.8562L26.5841 19.5715H27.8255L25.1827 26.7813H23.981L24.8518 24.4178Z" fill="black"></path><path d="M28.8074 24.4786C28.4607 24.251 28.1881 23.9347 27.9909 23.5271C27.7937 23.1195 27.6958 22.663 27.6958 22.1548C27.6958 21.6466 27.7911 21.1821 27.9816 20.7785C28.1722 20.3748 28.4369 20.0585 28.7783 19.8322C29.1184 19.6059 29.5088 19.4921 29.9495 19.4921C30.2962 19.4921 30.6006 19.5543 30.86 19.6774C31.1207 19.8005 31.3205 19.9765 31.4608 20.2028V17.65H32.7021V24.7393H31.4608V24.1187C31.3139 24.3251 31.1141 24.4945 30.86 24.6242C30.6059 24.7539 30.3055 24.8201 29.9588 24.8201C29.5379 24.8201 29.1541 24.7063 28.8074 24.48V24.4786ZM31.1763 23.2664C31.4198 22.9925 31.5415 22.6219 31.5415 22.1548C31.5415 21.6876 31.4198 21.3171 31.1763 21.0431C30.9328 20.7692 30.6271 20.6329 30.2605 20.6329C29.8939 20.6329 29.5882 20.7705 29.3447 21.0431C29.1012 21.3171 28.9795 21.6876 28.9795 22.1548C28.9795 22.6219 29.1012 22.9925 29.3447 23.2664C29.5882 23.5404 29.8939 23.6767 30.2605 23.6767C30.6271 23.6767 30.9328 23.5404 31.1763 23.2664Z" fill="black"></path><path d="M34.2624 24.6388C33.9951 24.5183 33.782 24.3437 33.6219 24.1134C33.4618 23.8831 33.3824 23.6079 33.3824 23.2876C33.3824 22.7807 33.5729 22.3718 33.9527 22.0608C34.3339 21.7511 34.8473 21.595 35.4945 21.595H36.6061V21.415C36.6061 21.1543 36.5161 20.9465 36.3361 20.789C36.1562 20.6329 35.9127 20.5535 35.6056 20.5535C35.3582 20.5535 35.1345 20.6183 34.9347 20.7493C34.7349 20.879 34.584 21.0312 34.4834 21.2046L33.5319 20.6342C33.7119 20.3073 33.9792 20.0347 34.3325 19.8177C34.6859 19.6006 35.1094 19.4921 35.6043 19.4921C36.3123 19.4921 36.8629 19.6615 37.2559 20.003C37.6503 20.3431 37.8461 20.834 37.8461 21.4746V24.7393H36.8245L36.6538 24.079C36.487 24.3066 36.2753 24.4866 36.0172 24.6189C35.7605 24.7526 35.4574 24.8187 35.1107 24.8187C34.8103 24.8187 34.5271 24.7592 34.2598 24.6388H34.2624ZM36.2607 23.457C36.491 23.2572 36.6061 23.0097 36.6061 22.7159V22.5756H35.6255C35.3383 22.5756 35.1094 22.6312 34.94 22.741C34.7693 22.8509 34.6846 23.0031 34.6846 23.1963C34.6846 23.3763 34.7468 23.5152 34.8698 23.6118C34.9929 23.7084 35.1755 23.7574 35.4151 23.7574C35.7486 23.7574 36.0304 23.6568 36.2607 23.457V23.457Z" fill="black"></path><path d="M39.7571 24.4178L37.8845 19.5715H39.1364L40.3473 22.8562L41.4894 19.5715H42.7308L40.088 26.7813H38.8863L39.7571 24.4178Z" fill="black"></path><path d="M13.652 33.1164H12.6185V27.5515H14.6618C15.7985 27.5515 16.4589 28.3072 16.4589 29.2772C16.4589 30.2473 15.7985 31.0029 14.6618 31.0029H13.652V33.1177V33.1164ZM15.4095 29.2759C15.4095 28.7505 15.076 28.5044 14.5824 28.5044H13.652V30.0461H14.5824C15.0747 30.0461 15.4095 29.8 15.4095 29.2746V29.2759Z" fill="black"></path><path d="M17.0981 29.0139H18.084V29.6345C18.3222 29.1899 18.7682 28.9503 19.2843 28.9503C19.5464 28.9503 19.7687 29.0139 19.9209 29.133L19.5874 29.968C19.4524 29.8966 19.3095 29.8569 19.1507 29.8569C18.5856 29.8569 18.0854 30.3015 18.0854 31.4793V33.1177H17.0994V29.0152L17.0981 29.0139Z" fill="black"></path><path d="M20.9703 27.312C21.3356 27.312 21.6069 27.5899 21.6069 27.9485C21.6069 28.3072 21.3369 28.5851 20.9703 28.5851C20.6038 28.5851 20.3338 28.3072 20.3338 27.9485C20.3338 27.5899 20.6038 27.312 20.9703 27.312ZM21.4626 33.1164H20.4767V29.0139H21.4626V33.1164Z" fill="black"></path><path d="M22.2355 31.0651C22.2355 29.8251 23.0785 28.9503 24.3026 28.9503C25.1774 28.9503 25.8205 29.2997 26.1553 30.0713L25.2568 30.4762C25.0583 30.0792 24.7565 29.8555 24.3026 29.8555C23.6899 29.8555 23.2373 30.3399 23.2373 31.0638C23.2373 31.7877 23.6899 32.272 24.3026 32.272C24.7552 32.272 25.0583 32.0497 25.2568 31.6514L26.1553 32.0563C25.8219 32.8279 25.1774 33.1772 24.3026 33.1772C23.0785 33.1772 22.2355 32.3025 22.2355 31.0625V31.0651Z" fill="black"></path><path d="M30.5874 31.3827H27.5581C27.6693 32.0113 28.1153 32.3051 28.6473 32.3051C29.1316 32.3051 29.4109 32.0907 29.6808 31.7083L30.5159 32.1609C30.1348 32.7736 29.5617 33.1786 28.5917 33.1786C27.2167 33.1786 26.5484 32.0894 26.5484 31.0638C26.5484 30.0382 27.2723 28.949 28.5838 28.949C29.8952 28.949 30.5874 29.9667 30.5874 30.9765V31.3814V31.3827ZM29.5776 30.6033C29.5062 30.1586 29.1409 29.8079 28.5838 29.8079C28.1391 29.8079 27.7408 30.0938 27.5978 30.6033H29.5776V30.6033Z" fill="black"></path><path d="M31.0294 32.2416L31.7374 31.6448C31.9677 32.0577 32.2866 32.3051 32.7551 32.3051C33.0965 32.3051 33.3281 32.1463 33.3281 31.8922C33.3281 31.6381 33.0105 31.4952 32.4613 31.343C31.785 31.1604 31.253 30.7713 31.253 30.1507C31.253 29.4665 31.8975 28.9503 32.7154 28.9503C33.4472 28.9503 33.876 29.3156 34.1142 29.7139L33.4776 30.2631C33.2553 29.9058 32.9602 29.7933 32.7061 29.7933C32.3726 29.7933 32.1728 29.9442 32.1728 30.1189C32.1728 30.365 32.3951 30.4762 33.0634 30.6522C33.7397 30.8269 34.2796 31.1855 34.2796 31.8922C34.2796 32.5989 33.7225 33.1799 32.6902 33.1799C31.9028 33.1799 31.3311 32.8464 31.0281 32.2416H31.0294Z" fill="black"></path><path d="M23.5046 47.8549H24.2007C24.3979 47.8549 24.4045 47.8443 24.3609 47.6498C24.2643 47.2263 24.1796 46.8015 24.0724 46.382C24.0155 46.161 24.0287 46.0207 24.2391 45.8579C24.7473 45.4675 24.7658 44.7013 24.3212 44.2315C23.8792 43.7643 23.1288 43.763 22.6855 44.2275C22.2395 44.696 22.2514 45.4636 22.7609 45.854C22.9898 46.0286 22.9925 46.1822 22.9237 46.4018C22.9171 46.423 22.9118 46.4429 22.9078 46.464C22.8165 46.8743 22.7238 47.2859 22.6339 47.6961C22.6021 47.8443 22.614 47.8562 22.7715 47.8562C23.0163 47.8562 23.2611 47.8562 23.506 47.8562M23.4954 41.1361C24.2179 41.1361 24.9392 41.1334 25.6604 41.1374C25.7689 41.1374 25.8166 41.1096 25.8139 40.9932C25.8086 40.62 25.8139 40.2454 25.81 39.8723C25.806 39.5771 25.7517 39.29 25.634 39.0187C25.1602 37.9229 24.0406 37.3803 22.88 37.6807C22.0357 37.8991 21.329 38.668 21.2337 39.5374C21.1808 40.0139 21.2072 40.4982 21.1914 40.9786C21.1874 41.1056 21.235 41.1387 21.3568 41.1387C22.0701 41.1334 22.7834 41.1361 23.4967 41.1361M23.4967 50.6023C22.217 50.6023 20.9359 50.6023 19.6562 50.6023C18.6849 50.6023 17.9186 50.0041 17.699 49.0592C17.6619 48.903 17.654 48.735 17.654 48.5735C17.6513 46.7856 17.6566 44.9977 17.65 43.2112C17.6473 42.4899 17.9028 41.9037 18.4943 41.4815C18.8132 41.2539 19.1758 41.1427 19.5689 41.1374C19.7396 41.1348 19.7383 41.1321 19.7396 40.9627C19.7436 40.5035 19.7198 40.0403 19.7595 39.5851C19.9408 37.4822 21.7631 35.9683 23.862 36.1549C25.7584 36.3243 27.2578 37.96 27.2617 39.867C27.2617 40.2282 27.2617 40.5895 27.2617 40.9495C27.2617 41.1321 27.2617 41.1308 27.4457 41.1387C28.2159 41.1731 28.7796 41.5357 29.1436 42.212C29.3024 42.5071 29.3513 42.8274 29.3513 43.1595C29.3513 44.9779 29.3553 46.7949 29.3513 48.6132C29.3487 49.5965 28.732 50.3601 27.7845 50.5639C27.6429 50.5943 27.4946 50.6023 27.3491 50.6023C26.0641 50.6049 24.7804 50.6036 23.4954 50.6036" fill="black"></path></svg><p class="styled__StyledBodyText-sc-119w3hf-5 ggtTyf styled__DarkGreyBodyText-sc-9yzfq2-2 lmkdDf">Low Everyday Price</p></div></div></div></div><div class="styles__StyledBuyBoxWrapper-dvv1wj-4 dSvjUC"><div class="styles__StyledBuyBoxContainer-sc-1wx0qp6-0 erryje" data-auto="buybox-container"><div class="styles__SafeFormWrapper-jtpu2t-0 lcrYKS"><form action="https://www.tesco.com/groceries/en-GB/trolley/items/303837445?_method=PUT" method="POST"><input type="submit" class="hidden"><input name="id" type="hidden" value="303837445"><input name="identifier" type="hidden" value="Page"><input name="anchorId" type="hidden" value="#tile-303837445"><input name="returnUrl" type="hidden" value="/groceries/en-GB/shop/pets/all?redirectIfUnavailable=true#tile-303837445"><input name="backToUrl" type="hidden" value="#"><input name="oldValue" type="hidden" value="0"><input name="oldUnitChoice" type="hidden" value="pcs"><input name="newUnitChoice" type="hidden" value="pcs"><div class="base-components__RootElement-sc-1mosoyj-1 styled__Container-sc-6nhkzi-0 jptQqM hSNpTb beans-buybox__container"><div class="base-components__BaseElement-sc-1mosoyj-0 styled__PriceAndActions-sc-6nhkzi-3 oznwo eEPLov beans-buybox__price-and-actions"><div class="base-components__RootElement-sc-1mosoyj-1 styled__Container-sc-8qlq5b-0 jptQqM bgZrjw styled__StyledPrice-sc-6nhkzi-5 iYHeik beans-buybox__price beans-price__container"><p class="styled__StyledHeading-sc-119w3hf-2 jWPEtj styled__Text-sc-8qlq5b-1 lnaeiZ beans-price__text">£1.00</p><p class="styled__StyledFootnote-sc-119w3hf-7 icrlVF styled__Subtext-sc-8qlq5b-2 bNJmdc beans-price__subtext">£7.70/kg</p></div><div class="base-components__RootElement-sc-1mosoyj-1 styled__Container-vtxwzb-0 jptQqM bDFhXJ beans-buybox__actions beans-quantity-controls__container"><div class="base-components__RootElement-sc-1mosoyj-1 styled__Container-sc-16t2b2a-0 jptQqM PUfgZ styled__StyledFormGroup-vtxwzb-1 kzKuAr beans-quantity-controls__form-group beans-form-group__container"><label class="styled__StyledLabel-sc-1ttuvhr-0 izGEjV beans-form-group__label beans-label" for="quantity-controls-303837445">Quantity controls </label><div class="base-components__BaseElement-sc-1mosoyj-0 styled__Children-sc-16t2b2a-3 oznwo gdJvjO beans-form-group__children"><div class="styled__StyledQuantityControlWrapper-vtxwzb-6 LCxOg"><label id="quantity-controls-303837445-label" class="styled__VisuallyHiddenLabel-vtxwzb-7 gXlLiM">Quantity of Bakers Whirlers Dog Treats Bacon And Cheese 130G</label><div class="component__Wrapper-sc-1kpmik-3 dReplG input-wrapper"><input class="base-components__RootElement-sc-1mosoyj-1 styled__StyledInput-sc-1jd5f57-0 component__StyledAsInput-sc-1kpmik-4 jptQqM eJLlow styled__StyledInput-vtxwzb-3 lwMHo beans-quantity-controls__input beans-input" data-auto="beans-quantity-controls-input" autocomplete="off" id="quantity-controls-303837445" maxlength="2" name="newValue" type="number" aria-labelledby="quantity-controls-303837445-label" value="1"></div></div><button class="styled__BaseButton-rsekm1-0 styled__PrimaryButton-rsekm1-2 jChbeY geeWOF styled__StyledButton-vtxwzb-5 japAxb beans-quantity-controls__add-button beans-button__container" type="submit" data-auto="beans-quantity-controls-add-button" aria-label="Quantity of Bakers Whirlers Dog Treats Bacon And Cheese 130G"><span class="base-components__BaseElement-sc-1mosoyj-0 styled__InnerContainer-rsekm1-1 oznwo fuFres beans-button__inner-container"><span class="base-components__BaseElement-sc-1mosoyj-0 styled__TextSpan-rsekm1-4 oznwo GDiMp beans-button__text">Add</span></span></button></div></div></div></div></div><input name="_csrf" type="hidden" value="0WbpBJF9-cS-fAMl-ByHnl5hECj1JaZiBQ20"></form></div></div></div></div><div class="hidden-medium product-info-section-small"><div class="product-info-message-list"><ul><li><div data-auto="info-message" class="product-info-message"><p>£5 off £20 or more shop on selected Petcare items. Coupon deducted from total basket after Clubcard Prices applied. Enter eCoupon code GRKLHH at checkout (case sensitive). T&amp;Cs apply. Valid on orders collected or delivered between 16/11/22 - 06/12/22</p></div></li></ul><div class="styled__WhiteBackground-sc-9yzfq2-1 jthPIJ"><svg width="56" height="61" viewBox="0 0 56 61" fill="none" xmlns="http://www.w3.org/2000/svg"><path d="M30.8759 45.8182C40.0086 42.7996 46.6572 34.3312 46.9801 24.2629H47V23.502V22.7397H46.9801C46.5765 10.112 36.2237 0 23.4993 0C10.5209 0 0 10.5209 0 23.4993C0 33.8972 6.75323 42.7162 16.1109 45.8142L16.1294 42.8684C13.3741 41.8189 10.9007 40.1978 8.8508 38.1492C5.099 34.3961 2.78308 29.2256 2.78308 23.4993C2.78308 17.7744 5.10032 12.6039 8.8508 8.84947C12.6039 5.09768 17.7744 2.78175 23.5007 2.78175C29.2256 2.78175 34.3961 5.09768 38.1505 8.84947C41.9023 12.6026 44.2182 17.7731 44.2182 23.4993C44.2182 29.2256 41.901 34.3948 38.1505 38.1492C36.1033 40.1952 33.6338 41.815 30.8838 42.8644L30.8772 45.8182H30.8759Z" fill="#EE1C2E"></path><path d="M9.82217 16.0368C10.5434 14.6962 11.4566 13.472 12.5245 12.4041C15.3354 9.59453 19.2116 7.85825 23.4994 7.85825C27.7871 7.85825 31.6633 9.59453 34.4742 12.4041C35.5435 13.4734 36.4553 14.6962 37.1765 16.0368H38.6256C35.8995 10.4309 30.1507 6.56662 23.498 6.56662C16.8454 6.56662 11.0966 10.4309 8.37042 16.0368H9.81952H9.82217Z" fill="black"></path><path d="M38.2419 28.245C37.4743 30.5728 36.1694 32.6571 34.4742 34.3537C32.8385 35.9881 30.8428 37.2599 28.6142 38.038C28.605 38.0407 28.5825 38.0394 28.5878 38.0473C28.773 38.3278 28.7836 39.3429 28.7836 39.3429C33.9567 37.6318 38.0142 33.4763 39.593 28.245H38.2419Z" fill="black"></path><path d="M12.5245 34.3537C10.4322 32.2601 8.9355 29.5763 8.30822 26.5722H6.99409C8.14941 32.5791 12.4994 37.4491 18.2085 39.3416C18.2111 39.3416 18.2177 39.3482 18.2177 39.3442C18.2627 38.2286 18.3898 38.0394 18.3898 38.0394C18.3818 38.0367 18.3726 38.0341 18.3646 38.0301C16.144 37.2519 14.1536 35.9828 12.5232 34.3524L12.5245 34.3537Z" fill="black"></path><path d="M17.6645 15.8727H20.1062V16.8335H16.623V11.2289H17.6645V15.8727Z" fill="black"></path><path d="M20.527 13.6745C20.7031 13.3516 20.9532 13.0975 21.2761 12.9136C21.599 12.7296 21.9682 12.637 22.3851 12.637C22.8019 12.637 23.1712 12.7296 23.4941 12.9136C23.817 13.0975 24.0658 13.3516 24.2431 13.6745C24.4191 13.9974 24.5065 14.3614 24.5065 14.7676C24.5065 15.1739 24.4191 15.5379 24.2431 15.8608C24.0671 16.1837 23.817 16.4364 23.4941 16.6217C23.1712 16.8057 22.8019 16.897 22.3851 16.897C21.9682 16.897 21.599 16.8057 21.2761 16.6217C20.9532 16.4378 20.7031 16.1837 20.527 15.8608C20.351 15.5379 20.2637 15.1739 20.2637 14.7676C20.2637 14.3614 20.351 13.9974 20.527 13.6745ZM21.5805 15.6477C21.7856 15.8727 22.0542 15.9838 22.3851 15.9838C22.7159 15.9838 22.9846 15.8713 23.1897 15.6477C23.3948 15.424 23.498 15.1303 23.498 14.7676C23.498 14.405 23.3948 14.1112 23.1897 13.8876C22.9846 13.6639 22.7159 13.5515 22.3851 13.5515C22.0542 13.5515 21.7856 13.6639 21.5805 13.8876C21.3753 14.1112 21.2721 14.405 21.2721 14.7676C21.2721 15.1303 21.3753 15.424 21.5805 15.6477Z" fill="black"></path><path d="M29.1687 16.8334H28.208L27.5119 14.1271L26.8158 16.8334H25.855L24.566 12.7018H25.5347L26.3182 15.4082L27.0315 12.7018H27.9923L28.7056 15.4082L29.489 12.7018H30.4577L29.1687 16.8334Z" fill="black"></path><path d="M8.61654 18.931H5.58202V20.4026H8.01572V21.6042H5.58202V23.5377H8.71579V24.738H4.27981V17.7294H8.61654V18.931Z" fill="black"></path><path d="M8.73168 19.5715H9.9836L11.2051 23.0269L12.4266 19.5715H13.6785L11.7662 24.738H10.644L8.73168 19.5715Z" fill="black"></path><path d="M18.7126 22.5558H14.8973C14.9635 22.9369 15.121 23.2254 15.3684 23.4226C15.6159 23.6198 15.9163 23.7177 16.2697 23.7177C16.5635 23.7177 16.8083 23.6555 17.0055 23.5324C17.2027 23.4093 17.3906 23.2201 17.5719 22.966L18.6226 23.5377C18.3686 23.9519 18.047 24.2682 17.6566 24.4892C17.2662 24.7089 16.7805 24.8201 16.1995 24.8201C15.6517 24.8201 15.1832 24.6917 14.7928 24.435C14.4024 24.1782 14.1099 23.8461 13.9167 23.4385C13.7235 23.0322 13.6269 22.6047 13.6269 22.1574C13.6269 21.7101 13.7288 21.2827 13.9326 20.8764C14.1364 20.4688 14.4315 20.1366 14.8192 19.8799C15.207 19.6231 15.6636 19.4948 16.1916 19.4948C16.7196 19.4948 17.1828 19.6152 17.5626 19.8547C17.9438 20.0956 18.2296 20.4106 18.4241 20.801C18.6174 21.1914 18.714 21.6069 18.714 22.0476V22.5584L18.7126 22.5558ZM17.4409 21.5751C17.3945 21.2813 17.2582 21.0418 17.0346 20.8539C16.8109 20.6673 16.5291 20.5733 16.1889 20.5733C15.9018 20.5733 15.645 20.662 15.4174 20.838C15.1911 21.0153 15.0336 21.2602 14.9463 21.5738H17.4395L17.4409 21.5751Z" fill="black"></path><path d="M19.3849 19.5715H20.6263V20.3523C20.7732 20.0718 20.9809 19.8587 21.2469 19.7118C21.5142 19.5649 21.8107 19.4921 22.1376 19.4921C22.4644 19.4921 22.745 19.5689 22.9382 19.7224L22.5174 20.7732C22.344 20.6805 22.1601 20.6329 21.9668 20.6329C21.5791 20.6329 21.2588 20.7996 21.0061 21.1331C20.752 21.4666 20.6249 21.9814 20.6249 22.6749V24.738H19.3836V19.5715H19.3849Z" fill="black"></path><path d="M24.8518 24.4178L22.9792 19.5715H24.2312L25.4434 22.8562L26.5841 19.5715H27.8255L25.1827 26.7813H23.981L24.8518 24.4178Z" fill="black"></path><path d="M28.8074 24.4786C28.4607 24.251 28.1881 23.9347 27.9909 23.5271C27.7937 23.1195 27.6958 22.663 27.6958 22.1548C27.6958 21.6466 27.7911 21.1821 27.9816 20.7785C28.1722 20.3748 28.4369 20.0585 28.7783 19.8322C29.1184 19.6059 29.5088 19.4921 29.9495 19.4921C30.2962 19.4921 30.6006 19.5543 30.86 19.6774C31.1207 19.8005 31.3205 19.9765 31.4608 20.2028V17.65H32.7021V24.7393H31.4608V24.1187C31.3139 24.3251 31.1141 24.4945 30.86 24.6242C30.6059 24.7539 30.3055 24.8201 29.9588 24.8201C29.5379 24.8201 29.1541 24.7063 28.8074 24.48V24.4786ZM31.1763 23.2664C31.4198 22.9925 31.5415 22.6219 31.5415 22.1548C31.5415 21.6876 31.4198 21.3171 31.1763 21.0431C30.9328 20.7692 30.6271 20.6329 30.2605 20.6329C29.8939 20.6329 29.5882 20.7705 29.3447 21.0431C29.1012 21.3171 28.9795 21.6876 28.9795 22.1548C28.9795 22.6219 29.1012 22.9925 29.3447 23.2664C29.5882 23.5404 29.8939 23.6767 30.2605 23.6767C30.6271 23.6767 30.9328 23.5404 31.1763 23.2664Z" fill="black"></path><path d="M34.2624 24.6388C33.9951 24.5183 33.782 24.3437 33.6219 24.1134C33.4618 23.8831 33.3824 23.6079 33.3824 23.2876C33.3824 22.7807 33.5729 22.3718 33.9527 22.0608C34.3339 21.7511 34.8473 21.595 35.4945 21.595H36.6061V21.415C36.6061 21.1543 36.5161 20.9465 36.3361 20.789C36.1562 20.6329 35.9127 20.5535 35.6056 20.5535C35.3582 20.5535 35.1345 20.6183 34.9347 20.7493C34.7349 20.879 34.584 21.0312 34.4834 21.2046L33.5319 20.6342C33.7119 20.3073 33.9792 20.0347 34.3325 19.8177C34.6859 19.6006 35.1094 19.4921 35.6043 19.4921C36.3123 19.4921 36.8629 19.6615 37.2559 20.003C37.6503 20.3431 37.8461 20.834 37.8461 21.4746V24.7393H36.8245L36.6538 24.079C36.487 24.3066 36.2753 24.4866 36.0172 24.6189C35.7605 24.7526 35.4574 24.8187 35.1107 24.8187C34.8103 24.8187 34.5271 24.7592 34.2598 24.6388H34.2624ZM36.2607 23.457C36.491 23.2572 36.6061 23.0097 36.6061 22.7159V22.5756H35.6255C35.3383 22.5756 35.1094 22.6312 34.94 22.741C34.7693 22.8509 34.6846 23.0031 34.6846 23.1963C34.6846 23.3763 34.7468 23.5152 34.8698 23.6118C34.9929 23.7084 35.1755 23.7574 35.4151 23.7574C35.7486 23.7574 36.0304 23.6568 36.2607 23.457V23.457Z" fill="black"></path><path d="M39.7571 24.4178L37.8845 19.5715H39.1364L40.3473 22.8562L41.4894 19.5715H42.7308L40.088 26.7813H38.8863L39.7571 24.4178Z" fill="black"></path><path d="M13.652 33.1164H12.6185V27.5515H14.6618C15.7985 27.5515 16.4589 28.3072 16.4589 29.2772C16.4589 30.2473 15.7985 31.0029 14.6618 31.0029H13.652V33.1177V33.1164ZM15.4095 29.2759C15.4095 28.7505 15.076 28.5044 14.5824 28.5044H13.652V30.0461H14.5824C15.0747 30.0461 15.4095 29.8 15.4095 29.2746V29.2759Z" fill="black"></path><path d="M17.0981 29.0139H18.084V29.6345C18.3222 29.1899 18.7682 28.9503 19.2843 28.9503C19.5464 28.9503 19.7687 29.0139 19.9209 29.133L19.5874 29.968C19.4524 29.8966 19.3095 29.8569 19.1507 29.8569C18.5856 29.8569 18.0854 30.3015 18.0854 31.4793V33.1177H17.0994V29.0152L17.0981 29.0139Z" fill="black"></path><path d="M20.9703 27.312C21.3356 27.312 21.6069 27.5899 21.6069 27.9485C21.6069 28.3072 21.3369 28.5851 20.9703 28.5851C20.6038 28.5851 20.3338 28.3072 20.3338 27.9485C20.3338 27.5899 20.6038 27.312 20.9703 27.312ZM21.4626 33.1164H20.4767V29.0139H21.4626V33.1164Z" fill="black"></path><path d="M22.2355 31.0651C22.2355 29.8251 23.0785 28.9503 24.3026 28.9503C25.1774 28.9503 25.8205 29.2997 26.1553 30.0713L25.2568 30.4762C25.0583 30.0792 24.7565 29.8555 24.3026 29.8555C23.6899 29.8555 23.2373 30.3399 23.2373 31.0638C23.2373 31.7877 23.6899 32.272 24.3026 32.272C24.7552 32.272 25.0583 32.0497 25.2568 31.6514L26.1553 32.0563C25.8219 32.8279 25.1774 33.1772 24.3026 33.1772C23.0785 33.1772 22.2355 32.3025 22.2355 31.0625V31.0651Z" fill="black"></path><path d="M30.5874 31.3827H27.5581C27.6693 32.0113 28.1153 32.3051 28.6473 32.3051C29.1316 32.3051 29.4109 32.0907 29.6808 31.7083L30.5159 32.1609C30.1348 32.7736 29.5617 33.1786 28.5917 33.1786C27.2167 33.1786 26.5484 32.0894 26.5484 31.0638C26.5484 30.0382 27.2723 28.949 28.5838 28.949C29.8952 28.949 30.5874 29.9667 30.5874 30.9765V31.3814V31.3827ZM29.5776 30.6033C29.5062 30.1586 29.1409 29.8079 28.5838 29.8079C28.1391 29.8079 27.7408 30.0938 27.5978 30.6033H29.5776V30.6033Z" fill="black"></path><path d="M31.0294 32.2416L31.7374 31.6448C31.9677 32.0577 32.2866 32.3051 32.7551 32.3051C33.0965 32.3051 33.3281 32.1463 33.3281 31.8922C33.3281 31.6381 33.0105 31.4952 32.4613 31.343C31.785 31.1604 31.253 30.7713 31.253 30.1507C31.253 29.4665 31.8975 28.9503 32.7154 28.9503C33.4472 28.9503 33.876 29.3156 34.1142 29.7139L33.4776 30.2631C33.2553 29.9058 32.9602 29.7933 32.7061 29.7933C32.3726 29.7933 32.1728 29.9442 32.1728 30.1189C32.1728 30.365 32.3951 30.4762 33.0634 30.6522C33.7397 30.8269 34.2796 31.1855 34.2796 31.8922C34.2796 32.5989 33.7225 33.1799 32.6902 33.1799C31.9028 33.1799 31.3311 32.8464 31.0281 32.2416H31.0294Z" fill="black"></path><path d="M23.5046 47.8549H24.2007C24.3979 47.8549 24.4045 47.8443 24.3609 47.6498C24.2643 47.2263 24.1796 46.8015 24.0724 46.382C24.0155 46.161 24.0287 46.0207 24.2391 45.8579C24.7473 45.4675 24.7658 44.7013 24.3212 44.2315C23.8792 43.7643 23.1288 43.763 22.6855 44.2275C22.2395 44.696 22.2514 45.4636 22.7609 45.854C22.9898 46.0286 22.9925 46.1822 22.9237 46.4018C22.9171 46.423 22.9118 46.4429 22.9078 46.464C22.8165 46.8743 22.7238 47.2859 22.6339 47.6961C22.6021 47.8443 22.614 47.8562 22.7715 47.8562C23.0163 47.8562 23.2611 47.8562 23.506 47.8562M23.4954 41.1361C24.2179 41.1361 24.9392 41.1334 25.6604 41.1374C25.7689 41.1374 25.8166 41.1096 25.8139 40.9932C25.8086 40.62 25.8139 40.2454 25.81 39.8723C25.806 39.5771 25.7517 39.29 25.634 39.0187C25.1602 37.9229 24.0406 37.3803 22.88 37.6807C22.0357 37.8991 21.329 38.668 21.2337 39.5374C21.1808 40.0139 21.2072 40.4982 21.1914 40.9786C21.1874 41.1056 21.235 41.1387 21.3568 41.1387C22.0701 41.1334 22.7834 41.1361 23.4967 41.1361M23.4967 50.6023C22.217 50.6023 20.9359 50.6023 19.6562 50.6023C18.6849 50.6023 17.9186 50.0041 17.699 49.0592C17.6619 48.903 17.654 48.735 17.654 48.5735C17.6513 46.7856 17.6566 44.9977 17.65 43.2112C17.6473 42.4899 17.9028 41.9037 18.4943 41.4815C18.8132 41.2539 19.1758 41.1427 19.5689 41.1374C19.7396 41.1348 19.7383 41.1321 19.7396 40.9627C19.7436 40.5035 19.7198 40.0403 19.7595 39.5851C19.9408 37.4822 21.7631 35.9683 23.862 36.1549C25.7584 36.3243 27.2578 37.96 27.2617 39.867C27.2617 40.2282 27.2617 40.5895 27.2617 40.9495C27.2617 41.1321 27.2617 41.1308 27.4457 41.1387C28.2159 41.1731 28.7796 41.5357 29.1436 42.212C29.3024 42.5071 29.3513 42.8274 29.3513 43.1595C29.3513 44.9779 29.3553 46.7949 29.3513 48.6132C29.3487 49.5965 28.732 50.3601 27.7845 50.5639C27.6429 50.5943 27.4946 50.6023 27.3491 50.6023C26.0641 50.6049 24.7804 50.6036 23.4954 50.6036" fill="black"></path></svg><p class="styled__StyledBodyText-sc-119w3hf-5 ggtTyf styled__DarkGreyBodyText-sc-9yzfq2-2 lmkdDf">Low Everyday Price</p></div></div></div></div></div></div></div></li><li class="product-list--list-item"><div class="styles__StyledVerticalTileWrapper-dvv1wj-0 dtCNPH"><div data-auto="product-tile" data-auto-type="Quantity" data-auto-available="true" data-auto-is-restricted-disabled="false" data-auto-is-substitute="false" class="styles__StyledVerticalTile-dvv1wj-1 gSCsYK"><div class="styles__StyledTileContentWrapper-dvv1wj-2 bkNhNP beans"><div id="tile-303837409" data-auto-id="303837409" class="styles__StyledTiledContent-dvv1wj-3 bcglTg"><a href="https://www.tesco.com/groceries/en-GB/products/303837409" aria-hidden="true" class="product-image-wrapper" tabindex="1"><div class="product-image__container"><picture><img class="styled__Image-sjvkdn-0 bJErKA product-image beans-responsive-image__image" src="data:image/gif;base64,R0lGODlhAQABAAAAACH5BAEKAAEALAAAAAABAAEAAAICTAEAOw==" srcset="https://digitalcontent.api.tesco.com/v2/media/ghs/cdb05577-7f3a-48f7-811d-f629872348e3/a076e3bc-e4e6-40e8-94a6-1a834ca29a52_1945397878.jpeg?h=225&amp;w=225 768w, data:image/gif;base64,R0lGODlhAQABAAAAACH5BAEKAAEALAAAAAABAAEAAAICTAEAOw== 4000w" alt="Bakers Sizzlers Dog Treats Bacon 90G"></picture></div></a><div class="product-details--wrapper"><h3 class="styles__H3-oa5soe-0 bCKNNq"><a href="https://www.tesco.com/groceries/en-GB/products/303837409" class="styled__Anchor-sc-1xbujuz-0 csVOnh beans-link__anchor" data-auto="product-tile--title"><span class="styled__Text-sc-1xbujuz-1 ldbwMG beans-link__text">Bakers Sizzlers Dog Treats Bacon 90G</span></a></h3><div class="styles__StyledPromotionsAboveMobile-dvv1wj-7 iPTMuo"></div><div class="styles__StyledProductDetailsContent-dvv1wj-5 ddRSrq"><a href="https://www.tesco.com/groceries/en-GB/reviews/submission/303837409?from=%2Fshop%2Fpets%2Fall" aria-label="Write a review for Bakers Sizzlers Dog Treats Bacon 90G" class="styled__Anchor-sc-1xbujuz-0 jSzuDt write-a-review-link beans-link__anchor" data-auto="review-link"><span class="styled__Text-sc-1xbujuz-1 fyDIEo beans-link__text">Write a review</span><span class="styled__IconContainer-sc-1xbujuz-2 bSauSL beans-link__icon-container"><svg aria-hidden="true" class="styled__SVG-xxa4wh-1 hQMCqc beans-link__icon beans-icon__svg" height="13.33" preserveAspectRatio="xMinYMax meet" viewBox="-1 0 12 20" width="8" xmlns="http://www.w3.org/2000/svg" color="currentColor"><path d="M1.312 1.348L10.276 10l-8.964 8.644" fill="none" stroke="currentColor"></path></svg></span></a><div><a href="https://www.tesco.com/groceries/en-GB/shop/pets/dog-food-and-accessories/dog-treats-dental-chews-and-biscuits/dog-treats" class="styled__Anchor-sc-1xbujuz-0 jSzuDt rest-of-shelf-link beans-link__anchor" data-auto="rest-of-shelf-link"><span class="styled__Text-sc-1xbujuz-1 fyDIEo beans-link__text">Rest of <span class="visually-hidden">Dog Treats</span> shelf</span><span class="styled__IconContainer-sc-1xbujuz-2 bSauSL beans-link__icon-container"><svg aria-hidden="true" class="styled__SVG-xxa4wh-1 hQMCqc beans-link__icon beans-icon__svg" height="13.33" preserveAspectRatio="xMinYMax meet" viewBox="-1 0 12 20" width="8" xmlns="http://www.w3.org/2000/svg" color="currentColor"><path d="M1.312 1.348L10.276 10l-8.964 8.644" fill="none" stroke="currentColor"></path></svg></span></a></div><div class="product-info-message-section"><div class="product-info-message-list"><ul><li><div data-auto="info-message" class="product-info-message"><p>£5 off £20 or more shop on selected Petcare items. Coupon deducted from total basket after Clubcard Prices applied. Enter eCoupon code GRKLHH at checkout (case sensitive). T&amp;Cs apply. Valid on orders collected or delivered between 16/11/22 - 06/12/22</p></div></li></ul><div class="styled__WhiteBackground-sc-9yzfq2-1 jthPIJ"><svg width="56" height="61" viewBox="0 0 56 61" fill="none" xmlns="http://www.w3.org/2000/svg"><path d="M30.8759 45.8182C40.0086 42.7996 46.6572 34.3312 46.9801 24.2629H47V23.502V22.7397H46.9801C46.5765 10.112 36.2237 0 23.4993 0C10.5209 0 0 10.5209 0 23.4993C0 33.8972 6.75323 42.7162 16.1109 45.8142L16.1294 42.8684C13.3741 41.8189 10.9007 40.1978 8.8508 38.1492C5.099 34.3961 2.78308 29.2256 2.78308 23.4993C2.78308 17.7744 5.10032 12.6039 8.8508 8.84947C12.6039 5.09768 17.7744 2.78175 23.5007 2.78175C29.2256 2.78175 34.3961 5.09768 38.1505 8.84947C41.9023 12.6026 44.2182 17.7731 44.2182 23.4993C44.2182 29.2256 41.901 34.3948 38.1505 38.1492C36.1033 40.1952 33.6338 41.815 30.8838 42.8644L30.8772 45.8182H30.8759Z" fill="#EE1C2E"></path><path d="M9.82217 16.0368C10.5434 14.6962 11.4566 13.472 12.5245 12.4041C15.3354 9.59453 19.2116 7.85825 23.4994 7.85825C27.7871 7.85825 31.6633 9.59453 34.4742 12.4041C35.5435 13.4734 36.4553 14.6962 37.1765 16.0368H38.6256C35.8995 10.4309 30.1507 6.56662 23.498 6.56662C16.8454 6.56662 11.0966 10.4309 8.37042 16.0368H9.81952H9.82217Z" fill="black"></path><path d="M38.2419 28.245C37.4743 30.5728 36.1694 32.6571 34.4742 34.3537C32.8385 35.9881 30.8428 37.2599 28.6142 38.038C28.605 38.0407 28.5825 38.0394 28.5878 38.0473C28.773 38.3278 28.7836 39.3429 28.7836 39.3429C33.9567 37.6318 38.0142 33.4763 39.593 28.245H38.2419Z" fill="black"></path><path d="M12.5245 34.3537C10.4322 32.2601 8.9355 29.5763 8.30822 26.5722H6.99409C8.14941 32.5791 12.4994 37.4491 18.2085 39.3416C18.2111 39.3416 18.2177 39.3482 18.2177 39.3442C18.2627 38.2286 18.3898 38.0394 18.3898 38.0394C18.3818 38.0367 18.3726 38.0341 18.3646 38.0301C16.144 37.2519 14.1536 35.9828 12.5232 34.3524L12.5245 34.3537Z" fill="black"></path><path d="M17.6645 15.8727H20.1062V16.8335H16.623V11.2289H17.6645V15.8727Z" fill="black"></path><path d="M20.527 13.6745C20.7031 13.3516 20.9532 13.0975 21.2761 12.9136C21.599 12.7296 21.9682 12.637 22.3851 12.637C22.8019 12.637 23.1712 12.7296 23.4941 12.9136C23.817 13.0975 24.0658 13.3516 24.2431 13.6745C24.4191 13.9974 24.5065 14.3614 24.5065 14.7676C24.5065 15.1739 24.4191 15.5379 24.2431 15.8608C24.0671 16.1837 23.817 16.4364 23.4941 16.6217C23.1712 16.8057 22.8019 16.897 22.3851 16.897C21.9682 16.897 21.599 16.8057 21.2761 16.6217C20.9532 16.4378 20.7031 16.1837 20.527 15.8608C20.351 15.5379 20.2637 15.1739 20.2637 14.7676C20.2637 14.3614 20.351 13.9974 20.527 13.6745ZM21.5805 15.6477C21.7856 15.8727 22.0542 15.9838 22.3851 15.9838C22.7159 15.9838 22.9846 15.8713 23.1897 15.6477C23.3948 15.424 23.498 15.1303 23.498 14.7676C23.498 14.405 23.3948 14.1112 23.1897 13.8876C22.9846 13.6639 22.7159 13.5515 22.3851 13.5515C22.0542 13.5515 21.7856 13.6639 21.5805 13.8876C21.3753 14.1112 21.2721 14.405 21.2721 14.7676C21.2721 15.1303 21.3753 15.424 21.5805 15.6477Z" fill="black"></path><path d="M29.1687 16.8334H28.208L27.5119 14.1271L26.8158 16.8334H25.855L24.566 12.7018H25.5347L26.3182 15.4082L27.0315 12.7018H27.9923L28.7056 15.4082L29.489 12.7018H30.4577L29.1687 16.8334Z" fill="black"></path><path d="M8.61654 18.931H5.58202V20.4026H8.01572V21.6042H5.58202V23.5377H8.71579V24.738H4.27981V17.7294H8.61654V18.931Z" fill="black"></path><path d="M8.73168 19.5715H9.9836L11.2051 23.0269L12.4266 19.5715H13.6785L11.7662 24.738H10.644L8.73168 19.5715Z" fill="black"></path><path d="M18.7126 22.5558H14.8973C14.9635 22.9369 15.121 23.2254 15.3684 23.4226C15.6159 23.6198 15.9163 23.7177 16.2697 23.7177C16.5635 23.7177 16.8083 23.6555 17.0055 23.5324C17.2027 23.4093 17.3906 23.2201 17.5719 22.966L18.6226 23.5377C18.3686 23.9519 18.047 24.2682 17.6566 24.4892C17.2662 24.7089 16.7805 24.8201 16.1995 24.8201C15.6517 24.8201 15.1832 24.6917 14.7928 24.435C14.4024 24.1782 14.1099 23.8461 13.9167 23.4385C13.7235 23.0322 13.6269 22.6047 13.6269 22.1574C13.6269 21.7101 13.7288 21.2827 13.9326 20.8764C14.1364 20.4688 14.4315 20.1366 14.8192 19.8799C15.207 19.6231 15.6636 19.4948 16.1916 19.4948C16.7196 19.4948 17.1828 19.6152 17.5626 19.8547C17.9438 20.0956 18.2296 20.4106 18.4241 20.801C18.6174 21.1914 18.714 21.6069 18.714 22.0476V22.5584L18.7126 22.5558ZM17.4409 21.5751C17.3945 21.2813 17.2582 21.0418 17.0346 20.8539C16.8109 20.6673 16.5291 20.5733 16.1889 20.5733C15.9018 20.5733 15.645 20.662 15.4174 20.838C15.1911 21.0153 15.0336 21.2602 14.9463 21.5738H17.4395L17.4409 21.5751Z" fill="black"></path><path d="M19.3849 19.5715H20.6263V20.3523C20.7732 20.0718 20.9809 19.8587 21.2469 19.7118C21.5142 19.5649 21.8107 19.4921 22.1376 19.4921C22.4644 19.4921 22.745 19.5689 22.9382 19.7224L22.5174 20.7732C22.344 20.6805 22.1601 20.6329 21.9668 20.6329C21.5791 20.6329 21.2588 20.7996 21.0061 21.1331C20.752 21.4666 20.6249 21.9814 20.6249 22.6749V24.738H19.3836V19.5715H19.3849Z" fill="black"></path><path d="M24.8518 24.4178L22.9792 19.5715H24.2312L25.4434 22.8562L26.5841 19.5715H27.8255L25.1827 26.7813H23.981L24.8518 24.4178Z" fill="black"></path><path d="M28.8074 24.4786C28.4607 24.251 28.1881 23.9347 27.9909 23.5271C27.7937 23.1195 27.6958 22.663 27.6958 22.1548C27.6958 21.6466 27.7911 21.1821 27.9816 20.7785C28.1722 20.3748 28.4369 20.0585 28.7783 19.8322C29.1184 19.6059 29.5088 19.4921 29.9495 19.4921C30.2962 19.4921 30.6006 19.5543 30.86 19.6774C31.1207 19.8005 31.3205 19.9765 31.4608 20.2028V17.65H32.7021V24.7393H31.4608V24.1187C31.3139 24.3251 31.1141 24.4945 30.86 24.6242C30.6059 24.7539 30.3055 24.8201 29.9588 24.8201C29.5379 24.8201 29.1541 24.7063 28.8074 24.48V24.4786ZM31.1763 23.2664C31.4198 22.9925 31.5415 22.6219 31.5415 22.1548C31.5415 21.6876 31.4198 21.3171 31.1763 21.0431C30.9328 20.7692 30.6271 20.6329 30.2605 20.6329C29.8939 20.6329 29.5882 20.7705 29.3447 21.0431C29.1012 21.3171 28.9795 21.6876 28.9795 22.1548C28.9795 22.6219 29.1012 22.9925 29.3447 23.2664C29.5882 23.5404 29.8939 23.6767 30.2605 23.6767C30.6271 23.6767 30.9328 23.5404 31.1763 23.2664Z" fill="black"></path><path d="M34.2624 24.6388C33.9951 24.5183 33.782 24.3437 33.6219 24.1134C33.4618 23.8831 33.3824 23.6079 33.3824 23.2876C33.3824 22.7807 33.5729 22.3718 33.9527 22.0608C34.3339 21.7511 34.8473 21.595 35.4945 21.595H36.6061V21.415C36.6061 21.1543 36.5161 20.9465 36.3361 20.789C36.1562 20.6329 35.9127 20.5535 35.6056 20.5535C35.3582 20.5535 35.1345 20.6183 34.9347 20.7493C34.7349 20.879 34.584 21.0312 34.4834 21.2046L33.5319 20.6342C33.7119 20.3073 33.9792 20.0347 34.3325 19.8177C34.6859 19.6006 35.1094 19.4921 35.6043 19.4921C36.3123 19.4921 36.8629 19.6615 37.2559 20.003C37.6503 20.3431 37.8461 20.834 37.8461 21.4746V24.7393H36.8245L36.6538 24.079C36.487 24.3066 36.2753 24.4866 36.0172 24.6189C35.7605 24.7526 35.4574 24.8187 35.1107 24.8187C34.8103 24.8187 34.5271 24.7592 34.2598 24.6388H34.2624ZM36.2607 23.457C36.491 23.2572 36.6061 23.0097 36.6061 22.7159V22.5756H35.6255C35.3383 22.5756 35.1094 22.6312 34.94 22.741C34.7693 22.8509 34.6846 23.0031 34.6846 23.1963C34.6846 23.3763 34.7468 23.5152 34.8698 23.6118C34.9929 23.7084 35.1755 23.7574 35.4151 23.7574C35.7486 23.7574 36.0304 23.6568 36.2607 23.457V23.457Z" fill="black"></path><path d="M39.7571 24.4178L37.8845 19.5715H39.1364L40.3473 22.8562L41.4894 19.5715H42.7308L40.088 26.7813H38.8863L39.7571 24.4178Z" fill="black"></path><path d="M13.652 33.1164H12.6185V27.5515H14.6618C15.7985 27.5515 16.4589 28.3072 16.4589 29.2772C16.4589 30.2473 15.7985 31.0029 14.6618 31.0029H13.652V33.1177V33.1164ZM15.4095 29.2759C15.4095 28.7505 15.076 28.5044 14.5824 28.5044H13.652V30.0461H14.5824C15.0747 30.0461 15.4095 29.8 15.4095 29.2746V29.2759Z" fill="black"></path><path d="M17.0981 29.0139H18.084V29.6345C18.3222 29.1899 18.7682 28.9503 19.2843 28.9503C19.5464 28.9503 19.7687 29.0139 19.9209 29.133L19.5874 29.968C19.4524 29.8966 19.3095 29.8569 19.1507 29.8569C18.5856 29.8569 18.0854 30.3015 18.0854 31.4793V33.1177H17.0994V29.0152L17.0981 29.0139Z" fill="black"></path><path d="M20.9703 27.312C21.3356 27.312 21.6069 27.5899 21.6069 27.9485C21.6069 28.3072 21.3369 28.5851 20.9703 28.5851C20.6038 28.5851 20.3338 28.3072 20.3338 27.9485C20.3338 27.5899 20.6038 27.312 20.9703 27.312ZM21.4626 33.1164H20.4767V29.0139H21.4626V33.1164Z" fill="black"></path><path d="M22.2355 31.0651C22.2355 29.8251 23.0785 28.9503 24.3026 28.9503C25.1774 28.9503 25.8205 29.2997 26.1553 30.0713L25.2568 30.4762C25.0583 30.0792 24.7565 29.8555 24.3026 29.8555C23.6899 29.8555 23.2373 30.3399 23.2373 31.0638C23.2373 31.7877 23.6899 32.272 24.3026 32.272C24.7552 32.272 25.0583 32.0497 25.2568 31.6514L26.1553 32.0563C25.8219 32.8279 25.1774 33.1772 24.3026 33.1772C23.0785 33.1772 22.2355 32.3025 22.2355 31.0625V31.0651Z" fill="black"></path><path d="M30.5874 31.3827H27.5581C27.6693 32.0113 28.1153 32.3051 28.6473 32.3051C29.1316 32.3051 29.4109 32.0907 29.6808 31.7083L30.5159 32.1609C30.1348 32.7736 29.5617 33.1786 28.5917 33.1786C27.2167 33.1786 26.5484 32.0894 26.5484 31.0638C26.5484 30.0382 27.2723 28.949 28.5838 28.949C29.8952 28.949 30.5874 29.9667 30.5874 30.9765V31.3814V31.3827ZM29.5776 30.6033C29.5062 30.1586 29.1409 29.8079 28.5838 29.8079C28.1391 29.8079 27.7408 30.0938 27.5978 30.6033H29.5776V30.6033Z" fill="black"></path><path d="M31.0294 32.2416L31.7374 31.6448C31.9677 32.0577 32.2866 32.3051 32.7551 32.3051C33.0965 32.3051 33.3281 32.1463 33.3281 31.8922C33.3281 31.6381 33.0105 31.4952 32.4613 31.343C31.785 31.1604 31.253 30.7713 31.253 30.1507C31.253 29.4665 31.8975 28.9503 32.7154 28.9503C33.4472 28.9503 33.876 29.3156 34.1142 29.7139L33.4776 30.2631C33.2553 29.9058 32.9602 29.7933 32.7061 29.7933C32.3726 29.7933 32.1728 29.9442 32.1728 30.1189C32.1728 30.365 32.3951 30.4762 33.0634 30.6522C33.7397 30.8269 34.2796 31.1855 34.2796 31.8922C34.2796 32.5989 33.7225 33.1799 32.6902 33.1799C31.9028 33.1799 31.3311 32.8464 31.0281 32.2416H31.0294Z" fill="black"></path><path d="M23.5046 47.8549H24.2007C24.3979 47.8549 24.4045 47.8443 24.3609 47.6498C24.2643 47.2263 24.1796 46.8015 24.0724 46.382C24.0155 46.161 24.0287 46.0207 24.2391 45.8579C24.7473 45.4675 24.7658 44.7013 24.3212 44.2315C23.8792 43.7643 23.1288 43.763 22.6855 44.2275C22.2395 44.696 22.2514 45.4636 22.7609 45.854C22.9898 46.0286 22.9925 46.1822 22.9237 46.4018C22.9171 46.423 22.9118 46.4429 22.9078 46.464C22.8165 46.8743 22.7238 47.2859 22.6339 47.6961C22.6021 47.8443 22.614 47.8562 22.7715 47.8562C23.0163 47.8562 23.2611 47.8562 23.506 47.8562M23.4954 41.1361C24.2179 41.1361 24.9392 41.1334 25.6604 41.1374C25.7689 41.1374 25.8166 41.1096 25.8139 40.9932C25.8086 40.62 25.8139 40.2454 25.81 39.8723C25.806 39.5771 25.7517 39.29 25.634 39.0187C25.1602 37.9229 24.0406 37.3803 22.88 37.6807C22.0357 37.8991 21.329 38.668 21.2337 39.5374C21.1808 40.0139 21.2072 40.4982 21.1914 40.9786C21.1874 41.1056 21.235 41.1387 21.3568 41.1387C22.0701 41.1334 22.7834 41.1361 23.4967 41.1361M23.4967 50.6023C22.217 50.6023 20.9359 50.6023 19.6562 50.6023C18.6849 50.6023 17.9186 50.0041 17.699 49.0592C17.6619 48.903 17.654 48.735 17.654 48.5735C17.6513 46.7856 17.6566 44.9977 17.65 43.2112C17.6473 42.4899 17.9028 41.9037 18.4943 41.4815C18.8132 41.2539 19.1758 41.1427 19.5689 41.1374C19.7396 41.1348 19.7383 41.1321 19.7396 40.9627C19.7436 40.5035 19.7198 40.0403 19.7595 39.5851C19.9408 37.4822 21.7631 35.9683 23.862 36.1549C25.7584 36.3243 27.2578 37.96 27.2617 39.867C27.2617 40.2282 27.2617 40.5895 27.2617 40.9495C27.2617 41.1321 27.2617 41.1308 27.4457 41.1387C28.2159 41.1731 28.7796 41.5357 29.1436 42.212C29.3024 42.5071 29.3513 42.8274 29.3513 43.1595C29.3513 44.9779 29.3553 46.7949 29.3513 48.6132C29.3487 49.5965 28.732 50.3601 27.7845 50.5639C27.6429 50.5943 27.4946 50.6023 27.3491 50.6023C26.0641 50.6049 24.7804 50.6036 23.4954 50.6036" fill="black"></path></svg><p class="styled__StyledBodyText-sc-119w3hf-5 ggtTyf styled__DarkGreyBodyText-sc-9yzfq2-2 lmkdDf">Low Everyday Price</p></div></div></div></div><div class="styles__StyledBuyBoxWrapper-dvv1wj-4 dSvjUC"><div class="styles__StyledBuyBoxContainer-sc-1wx0qp6-0 erryje" data-auto="buybox-container"><div class="styles__SafeFormWrapper-jtpu2t-0 lcrYKS"><form action="https://www.tesco.com/groceries/en-GB/trolley/items/303837409?_method=PUT" method="POST"><input type="submit" class="hidden"><input name="id" type="hidden" value="303837409"><input name="identifier" type="hidden" value="Page"><input name="anchorId" type="hidden" value="#tile-303837409"><input name="returnUrl" type="hidden" value="/groceries/en-GB/shop/pets/all?redirectIfUnavailable=true#tile-303837409"><input name="backToUrl" type="hidden" value="#"><input name="oldValue" type="hidden" value="0"><input name="oldUnitChoice" type="hidden" value="pcs"><input name="newUnitChoice" type="hidden" value="pcs"><div class="base-components__RootElement-sc-1mosoyj-1 styled__Container-sc-6nhkzi-0 jptQqM hSNpTb beans-buybox__container"><div class="base-components__BaseElement-sc-1mosoyj-0 styled__PriceAndActions-sc-6nhkzi-3 oznwo eEPLov beans-buybox__price-and-actions"><div class="base-components__RootElement-sc-1mosoyj-1 styled__Container-sc-8qlq5b-0 jptQqM bgZrjw styled__StyledPrice-sc-6nhkzi-5 iYHeik beans-buybox__price beans-price__container"><p class="styled__StyledHeading-sc-119w3hf-2 jWPEtj styled__Text-sc-8qlq5b-1 lnaeiZ beans-price__text">£1.00</p><p class="styled__StyledFootnote-sc-119w3hf-7 icrlVF styled__Subtext-sc-8qlq5b-2 bNJmdc beans-price__subtext">£11.12/kg</p></div><div class="base-components__RootElement-sc-1mosoyj-1 styled__Container-vtxwzb-0 jptQqM bDFhXJ beans-buybox__actions beans-quantity-controls__container"><div class="base-components__RootElement-sc-1mosoyj-1 styled__Container-sc-16t2b2a-0 jptQqM PUfgZ styled__StyledFormGroup-vtxwzb-1 kzKuAr beans-quantity-controls__form-group beans-form-group__container"><label class="styled__StyledLabel-sc-1ttuvhr-0 izGEjV beans-form-group__label beans-label" for="quantity-controls-303837409">Quantity controls </label><div class="base-components__BaseElement-sc-1mosoyj-0 styled__Children-sc-16t2b2a-3 oznwo gdJvjO beans-form-group__children"><div class="styled__StyledQuantityControlWrapper-vtxwzb-6 LCxOg"><label id="quantity-controls-303837409-label" class="styled__VisuallyHiddenLabel-vtxwzb-7 gXlLiM">Quantity of Bakers Sizzlers Dog Treats Bacon 90G</label><div class="component__Wrapper-sc-1kpmik-3 dReplG input-wrapper"><input class="base-components__RootElement-sc-1mosoyj-1 styled__StyledInput-sc-1jd5f57-0 component__StyledAsInput-sc-1kpmik-4 jptQqM eJLlow styled__StyledInput-vtxwzb-3 lwMHo beans-quantity-controls__input beans-input" data-auto="beans-quantity-controls-input" autocomplete="off" id="quantity-controls-303837409" maxlength="2" name="newValue" type="number" aria-labelledby="quantity-controls-303837409-label" value="1"></div></div><button class="styled__BaseButton-rsekm1-0 styled__PrimaryButton-rsekm1-2 jChbeY geeWOF styled__StyledButton-vtxwzb-5 japAxb beans-quantity-controls__add-button beans-button__container" type="submit" data-auto="beans-quantity-controls-add-button" aria-label="Quantity of Bakers Sizzlers Dog Treats Bacon 90G"><span class="base-components__BaseElement-sc-1mosoyj-0 styled__InnerContainer-rsekm1-1 oznwo fuFres beans-button__inner-container"><span class="base-components__BaseElement-sc-1mosoyj-0 styled__TextSpan-rsekm1-4 oznwo GDiMp beans-button__text">Add</span></span></button></div></div></div></div></div><input name="_csrf" type="hidden" value="0WbpBJF9-cS-fAMl-ByHnl5hECj1JaZiBQ20"></form></div></div></div></div><div class="hidden-medium product-info-section-small"><div class="product-info-message-list"><ul><li><div data-auto="info-message" class="product-info-message"><p>£5 off £20 or more shop on selected Petcare items. Coupon deducted from total basket after Clubcard Prices applied. Enter eCoupon code GRKLHH at checkout (case sensitive). T&amp;Cs apply. Valid on orders collected or delivered between 16/11/22 - 06/12/22</p></div></li></ul><div class="styled__WhiteBackground-sc-9yzfq2-1 jthPIJ"><svg width="56" height="61" viewBox="0 0 56 61" fill="none" xmlns="http://www.w3.org/2000/svg"><path d="M30.8759 45.8182C40.0086 42.7996 46.6572 34.3312 46.9801 24.2629H47V23.502V22.7397H46.9801C46.5765 10.112 36.2237 0 23.4993 0C10.5209 0 0 10.5209 0 23.4993C0 33.8972 6.75323 42.7162 16.1109 45.8142L16.1294 42.8684C13.3741 41.8189 10.9007 40.1978 8.8508 38.1492C5.099 34.3961 2.78308 29.2256 2.78308 23.4993C2.78308 17.7744 5.10032 12.6039 8.8508 8.84947C12.6039 5.09768 17.7744 2.78175 23.5007 2.78175C29.2256 2.78175 34.3961 5.09768 38.1505 8.84947C41.9023 12.6026 44.2182 17.7731 44.2182 23.4993C44.2182 29.2256 41.901 34.3948 38.1505 38.1492C36.1033 40.1952 33.6338 41.815 30.8838 42.8644L30.8772 45.8182H30.8759Z" fill="#EE1C2E"></path><path d="M9.82217 16.0368C10.5434 14.6962 11.4566 13.472 12.5245 12.4041C15.3354 9.59453 19.2116 7.85825 23.4994 7.85825C27.7871 7.85825 31.6633 9.59453 34.4742 12.4041C35.5435 13.4734 36.4553 14.6962 37.1765 16.0368H38.6256C35.8995 10.4309 30.1507 6.56662 23.498 6.56662C16.8454 6.56662 11.0966 10.4309 8.37042 16.0368H9.81952H9.82217Z" fill="black"></path><path d="M38.2419 28.245C37.4743 30.5728 36.1694 32.6571 34.4742 34.3537C32.8385 35.9881 30.8428 37.2599 28.6142 38.038C28.605 38.0407 28.5825 38.0394 28.5878 38.0473C28.773 38.3278 28.7836 39.3429 28.7836 39.3429C33.9567 37.6318 38.0142 33.4763 39.593 28.245H38.2419Z" fill="black"></path><path d="M12.5245 34.3537C10.4322 32.2601 8.9355 29.5763 8.30822 26.5722H6.99409C8.14941 32.5791 12.4994 37.4491 18.2085 39.3416C18.2111 39.3416 18.2177 39.3482 18.2177 39.3442C18.2627 38.2286 18.3898 38.0394 18.3898 38.0394C18.3818 38.0367 18.3726 38.0341 18.3646 38.0301C16.144 37.2519 14.1536 35.9828 12.5232 34.3524L12.5245 34.3537Z" fill="black"></path><path d="M17.6645 15.8727H20.1062V16.8335H16.623V11.2289H17.6645V15.8727Z" fill="black"></path><path d="M20.527 13.6745C20.7031 13.3516 20.9532 13.0975 21.2761 12.9136C21.599 12.7296 21.9682 12.637 22.3851 12.637C22.8019 12.637 23.1712 12.7296 23.4941 12.9136C23.817 13.0975 24.0658 13.3516 24.2431 13.6745C24.4191 13.9974 24.5065 14.3614 24.5065 14.7676C24.5065 15.1739 24.4191 15.5379 24.2431 15.8608C24.0671 16.1837 23.817 16.4364 23.4941 16.6217C23.1712 16.8057 22.8019 16.897 22.3851 16.897C21.9682 16.897 21.599 16.8057 21.2761 16.6217C20.9532 16.4378 20.7031 16.1837 20.527 15.8608C20.351 15.5379 20.2637 15.1739 20.2637 14.7676C20.2637 14.3614 20.351 13.9974 20.527 13.6745ZM21.5805 15.6477C21.7856 15.8727 22.0542 15.9838 22.3851 15.9838C22.7159 15.9838 22.9846 15.8713 23.1897 15.6477C23.3948 15.424 23.498 15.1303 23.498 14.7676C23.498 14.405 23.3948 14.1112 23.1897 13.8876C22.9846 13.6639 22.7159 13.5515 22.3851 13.5515C22.0542 13.5515 21.7856 13.6639 21.5805 13.8876C21.3753 14.1112 21.2721 14.405 21.2721 14.7676C21.2721 15.1303 21.3753 15.424 21.5805 15.6477Z" fill="black"></path><path d="M29.1687 16.8334H28.208L27.5119 14.1271L26.8158 16.8334H25.855L24.566 12.7018H25.5347L26.3182 15.4082L27.0315 12.7018H27.9923L28.7056 15.4082L29.489 12.7018H30.4577L29.1687 16.8334Z" fill="black"></path><path d="M8.61654 18.931H5.58202V20.4026H8.01572V21.6042H5.58202V23.5377H8.71579V24.738H4.27981V17.7294H8.61654V18.931Z" fill="black"></path><path d="M8.73168 19.5715H9.9836L11.2051 23.0269L12.4266 19.5715H13.6785L11.7662 24.738H10.644L8.73168 19.5715Z" fill="black"></path><path d="M18.7126 22.5558H14.8973C14.9635 22.9369 15.121 23.2254 15.3684 23.4226C15.6159 23.6198 15.9163 23.7177 16.2697 23.7177C16.5635 23.7177 16.8083 23.6555 17.0055 23.5324C17.2027 23.4093 17.3906 23.2201 17.5719 22.966L18.6226 23.5377C18.3686 23.9519 18.047 24.2682 17.6566 24.4892C17.2662 24.7089 16.7805 24.8201 16.1995 24.8201C15.6517 24.8201 15.1832 24.6917 14.7928 24.435C14.4024 24.1782 14.1099 23.8461 13.9167 23.4385C13.7235 23.0322 13.6269 22.6047 13.6269 22.1574C13.6269 21.7101 13.7288 21.2827 13.9326 20.8764C14.1364 20.4688 14.4315 20.1366 14.8192 19.8799C15.207 19.6231 15.6636 19.4948 16.1916 19.4948C16.7196 19.4948 17.1828 19.6152 17.5626 19.8547C17.9438 20.0956 18.2296 20.4106 18.4241 20.801C18.6174 21.1914 18.714 21.6069 18.714 22.0476V22.5584L18.7126 22.5558ZM17.4409 21.5751C17.3945 21.2813 17.2582 21.0418 17.0346 20.8539C16.8109 20.6673 16.5291 20.5733 16.1889 20.5733C15.9018 20.5733 15.645 20.662 15.4174 20.838C15.1911 21.0153 15.0336 21.2602 14.9463 21.5738H17.4395L17.4409 21.5751Z" fill="black"></path><path d="M19.3849 19.5715H20.6263V20.3523C20.7732 20.0718 20.9809 19.8587 21.2469 19.7118C21.5142 19.5649 21.8107 19.4921 22.1376 19.4921C22.4644 19.4921 22.745 19.5689 22.9382 19.7224L22.5174 20.7732C22.344 20.6805 22.1601 20.6329 21.9668 20.6329C21.5791 20.6329 21.2588 20.7996 21.0061 21.1331C20.752 21.4666 20.6249 21.9814 20.6249 22.6749V24.738H19.3836V19.5715H19.3849Z" fill="black"></path><path d="M24.8518 24.4178L22.9792 19.5715H24.2312L25.4434 22.8562L26.5841 19.5715H27.8255L25.1827 26.7813H23.981L24.8518 24.4178Z" fill="black"></path><path d="M28.8074 24.4786C28.4607 24.251 28.1881 23.9347 27.9909 23.5271C27.7937 23.1195 27.6958 22.663 27.6958 22.1548C27.6958 21.6466 27.7911 21.1821 27.9816 20.7785C28.1722 20.3748 28.4369 20.0585 28.7783 19.8322C29.1184 19.6059 29.5088 19.4921 29.9495 19.4921C30.2962 19.4921 30.6006 19.5543 30.86 19.6774C31.1207 19.8005 31.3205 19.9765 31.4608 20.2028V17.65H32.7021V24.7393H31.4608V24.1187C31.3139 24.3251 31.1141 24.4945 30.86 24.6242C30.6059 24.7539 30.3055 24.8201 29.9588 24.8201C29.5379 24.8201 29.1541 24.7063 28.8074 24.48V24.4786ZM31.1763 23.2664C31.4198 22.9925 31.5415 22.6219 31.5415 22.1548C31.5415 21.6876 31.4198 21.3171 31.1763 21.0431C30.9328 20.7692 30.6271 20.6329 30.2605 20.6329C29.8939 20.6329 29.5882 20.7705 29.3447 21.0431C29.1012 21.3171 28.9795 21.6876 28.9795 22.1548C28.9795 22.6219 29.1012 22.9925 29.3447 23.2664C29.5882 23.5404 29.8939 23.6767 30.2605 23.6767C30.6271 23.6767 30.9328 23.5404 31.1763 23.2664Z" fill="black"></path><path d="M34.2624 24.6388C33.9951 24.5183 33.782 24.3437 33.6219 24.1134C33.4618 23.8831 33.3824 23.6079 33.3824 23.2876C33.3824 22.7807 33.5729 22.3718 33.9527 22.0608C34.3339 21.7511 34.8473 21.595 35.4945 21.595H36.6061V21.415C36.6061 21.1543 36.5161 20.9465 36.3361 20.789C36.1562 20.6329 35.9127 20.5535 35.6056 20.5535C35.3582 20.5535 35.1345 20.6183 34.9347 20.7493C34.7349 20.879 34.584 21.0312 34.4834 21.2046L33.5319 20.6342C33.7119 20.3073 33.9792 20.0347 34.3325 19.8177C34.6859 19.6006 35.1094 19.4921 35.6043 19.4921C36.3123 19.4921 36.8629 19.6615 37.2559 20.003C37.6503 20.3431 37.8461 20.834 37.8461 21.4746V24.7393H36.8245L36.6538 24.079C36.487 24.3066 36.2753 24.4866 36.0172 24.6189C35.7605 24.7526 35.4574 24.8187 35.1107 24.8187C34.8103 24.8187 34.5271 24.7592 34.2598 24.6388H34.2624ZM36.2607 23.457C36.491 23.2572 36.6061 23.0097 36.6061 22.7159V22.5756H35.6255C35.3383 22.5756 35.1094 22.6312 34.94 22.741C34.7693 22.8509 34.6846 23.0031 34.6846 23.1963C34.6846 23.3763 34.7468 23.5152 34.8698 23.6118C34.9929 23.7084 35.1755 23.7574 35.4151 23.7574C35.7486 23.7574 36.0304 23.6568 36.2607 23.457V23.457Z" fill="black"></path><path d="M39.7571 24.4178L37.8845 19.5715H39.1364L40.3473 22.8562L41.4894 19.5715H42.7308L40.088 26.7813H38.8863L39.7571 24.4178Z" fill="black"></path><path d="M13.652 33.1164H12.6185V27.5515H14.6618C15.7985 27.5515 16.4589 28.3072 16.4589 29.2772C16.4589 30.2473 15.7985 31.0029 14.6618 31.0029H13.652V33.1177V33.1164ZM15.4095 29.2759C15.4095 28.7505 15.076 28.5044 14.5824 28.5044H13.652V30.0461H14.5824C15.0747 30.0461 15.4095 29.8 15.4095 29.2746V29.2759Z" fill="black"></path><path d="M17.0981 29.0139H18.084V29.6345C18.3222 29.1899 18.7682 28.9503 19.2843 28.9503C19.5464 28.9503 19.7687 29.0139 19.9209 29.133L19.5874 29.968C19.4524 29.8966 19.3095 29.8569 19.1507 29.8569C18.5856 29.8569 18.0854 30.3015 18.0854 31.4793V33.1177H17.0994V29.0152L17.0981 29.0139Z" fill="black"></path><path d="M20.9703 27.312C21.3356 27.312 21.6069 27.5899 21.6069 27.9485C21.6069 28.3072 21.3369 28.5851 20.9703 28.5851C20.6038 28.5851 20.3338 28.3072 20.3338 27.9485C20.3338 27.5899 20.6038 27.312 20.9703 27.312ZM21.4626 33.1164H20.4767V29.0139H21.4626V33.1164Z" fill="black"></path><path d="M22.2355 31.0651C22.2355 29.8251 23.0785 28.9503 24.3026 28.9503C25.1774 28.9503 25.8205 29.2997 26.1553 30.0713L25.2568 30.4762C25.0583 30.0792 24.7565 29.8555 24.3026 29.8555C23.6899 29.8555 23.2373 30.3399 23.2373 31.0638C23.2373 31.7877 23.6899 32.272 24.3026 32.272C24.7552 32.272 25.0583 32.0497 25.2568 31.6514L26.1553 32.0563C25.8219 32.8279 25.1774 33.1772 24.3026 33.1772C23.0785 33.1772 22.2355 32.3025 22.2355 31.0625V31.0651Z" fill="black"></path><path d="M30.5874 31.3827H27.5581C27.6693 32.0113 28.1153 32.3051 28.6473 32.3051C29.1316 32.3051 29.4109 32.0907 29.6808 31.7083L30.5159 32.1609C30.1348 32.7736 29.5617 33.1786 28.5917 33.1786C27.2167 33.1786 26.5484 32.0894 26.5484 31.0638C26.5484 30.0382 27.2723 28.949 28.5838 28.949C29.8952 28.949 30.5874 29.9667 30.5874 30.9765V31.3814V31.3827ZM29.5776 30.6033C29.5062 30.1586 29.1409 29.8079 28.5838 29.8079C28.1391 29.8079 27.7408 30.0938 27.5978 30.6033H29.5776V30.6033Z" fill="black"></path><path d="M31.0294 32.2416L31.7374 31.6448C31.9677 32.0577 32.2866 32.3051 32.7551 32.3051C33.0965 32.3051 33.3281 32.1463 33.3281 31.8922C33.3281 31.6381 33.0105 31.4952 32.4613 31.343C31.785 31.1604 31.253 30.7713 31.253 30.1507C31.253 29.4665 31.8975 28.9503 32.7154 28.9503C33.4472 28.9503 33.876 29.3156 34.1142 29.7139L33.4776 30.2631C33.2553 29.9058 32.9602 29.7933 32.7061 29.7933C32.3726 29.7933 32.1728 29.9442 32.1728 30.1189C32.1728 30.365 32.3951 30.4762 33.0634 30.6522C33.7397 30.8269 34.2796 31.1855 34.2796 31.8922C34.2796 32.5989 33.7225 33.1799 32.6902 33.1799C31.9028 33.1799 31.3311 32.8464 31.0281 32.2416H31.0294Z" fill="black"></path><path d="M23.5046 47.8549H24.2007C24.3979 47.8549 24.4045 47.8443 24.3609 47.6498C24.2643 47.2263 24.1796 46.8015 24.0724 46.382C24.0155 46.161 24.0287 46.0207 24.2391 45.8579C24.7473 45.4675 24.7658 44.7013 24.3212 44.2315C23.8792 43.7643 23.1288 43.763 22.6855 44.2275C22.2395 44.696 22.2514 45.4636 22.7609 45.854C22.9898 46.0286 22.9925 46.1822 22.9237 46.4018C22.9171 46.423 22.9118 46.4429 22.9078 46.464C22.8165 46.8743 22.7238 47.2859 22.6339 47.6961C22.6021 47.8443 22.614 47.8562 22.7715 47.8562C23.0163 47.8562 23.2611 47.8562 23.506 47.8562M23.4954 41.1361C24.2179 41.1361 24.9392 41.1334 25.6604 41.1374C25.7689 41.1374 25.8166 41.1096 25.8139 40.9932C25.8086 40.62 25.8139 40.2454 25.81 39.8723C25.806 39.5771 25.7517 39.29 25.634 39.0187C25.1602 37.9229 24.0406 37.3803 22.88 37.6807C22.0357 37.8991 21.329 38.668 21.2337 39.5374C21.1808 40.0139 21.2072 40.4982 21.1914 40.9786C21.1874 41.1056 21.235 41.1387 21.3568 41.1387C22.0701 41.1334 22.7834 41.1361 23.4967 41.1361M23.4967 50.6023C22.217 50.6023 20.9359 50.6023 19.6562 50.6023C18.6849 50.6023 17.9186 50.0041 17.699 49.0592C17.6619 48.903 17.654 48.735 17.654 48.5735C17.6513 46.7856 17.6566 44.9977 17.65 43.2112C17.6473 42.4899 17.9028 41.9037 18.4943 41.4815C18.8132 41.2539 19.1758 41.1427 19.5689 41.1374C19.7396 41.1348 19.7383 41.1321 19.7396 40.9627C19.7436 40.5035 19.7198 40.0403 19.7595 39.5851C19.9408 37.4822 21.7631 35.9683 23.862 36.1549C25.7584 36.3243 27.2578 37.96 27.2617 39.867C27.2617 40.2282 27.2617 40.5895 27.2617 40.9495C27.2617 41.1321 27.2617 41.1308 27.4457 41.1387C28.2159 41.1731 28.7796 41.5357 29.1436 42.212C29.3024 42.5071 29.3513 42.8274 29.3513 43.1595C29.3513 44.9779 29.3553 46.7949 29.3513 48.6132C29.3487 49.5965 28.732 50.3601 27.7845 50.5639C27.6429 50.5943 27.4946 50.6023 27.3491 50.6023C26.0641 50.6049 24.7804 50.6036 23.4954 50.6036" fill="black"></path></svg><p class="styled__StyledBodyText-sc-119w3hf-5 ggtTyf styled__DarkGreyBodyText-sc-9yzfq2-2 lmkdDf">Low Everyday Price</p></div></div></div></div></div></div></div></li><li class="product-list--list-item"><div class="styles__StyledVerticalTileWrapper-dvv1wj-0 dtCNPH"><div data-auto="product-tile" data-auto-type="Quantity" data-auto-available="true" data-auto-is-restricted-disabled="false" data-auto-is-substitute="false" class="styles__StyledVerticalTile-dvv1wj-1 gSCsYK"><div class="styles__StyledTileContentWrapper-dvv1wj-2 bkNhNP beans"><div id="tile-308107081" data-auto-id="308107081" class="styles__StyledTiledContent-dvv1wj-3 bcglTg"><a href="https://www.tesco.com/groceries/en-GB/products/308107081" aria-hidden="true" class="product-image-wrapper" tabindex="1"><div class="product-image__container"><picture><img class="styled__Image-sjvkdn-0 bJErKA product-image beans-responsive-image__image" src="data:image/gif;base64,R0lGODlhAQABAAAAACH5BAEKAAEALAAAAAABAAEAAAICTAEAOw==" srcset="https://digitalcontent.api.tesco.com/v2/media/ghs/cc648e75-54f2-488d-8f2f-62576287ed61/f80a0b20-3003-483f-8eed-23ce5a38fbbe_367040218.jpeg?h=225&amp;w=225 768w, data:image/gif;base64,R0lGODlhAQABAAAAACH5BAEKAAEALAAAAAABAAEAAAICTAEAOw== 4000w" alt="Tesco Tasty Treats Gravy Bites With Beef 500G"></picture></div></a><div class="product-details--wrapper"><h3 class="styles__H3-oa5soe-0 bCKNNq"><a href="https://www.tesco.com/groceries/en-GB/products/308107081" class="styled__Anchor-sc-1xbujuz-0 csVOnh beans-link__anchor" data-auto="product-tile--title"><span class="styled__Text-sc-1xbujuz-1 ldbwMG beans-link__text">Tesco Tasty Treats Gravy Bites With Beef 500G</span></a></h3><div class="styles__StyledPromotionsAboveMobile-dvv1wj-7 iPTMuo"></div><div class="styles__StyledProductDetailsContent-dvv1wj-5 ddRSrq"><a href="https://www.tesco.com/groceries/en-GB/reviews/submission/308107081?from=%2Fshop%2Fpets%2Fall" aria-label="Write a review for Tesco Tasty Treats Gravy Bites With Beef 500G" class="styled__Anchor-sc-1xbujuz-0 jSzuDt write-a-review-link beans-link__anchor" data-auto="review-link"><span class="styled__Text-sc-1xbujuz-1 fyDIEo beans-link__text">Write a review</span><span class="styled__IconContainer-sc-1xbujuz-2 bSauSL beans-link__icon-container"><svg aria-hidden="true" class="styled__SVG-xxa4wh-1 hQMCqc beans-link__icon beans-icon__svg" height="13.33" preserveAspectRatio="xMinYMax meet" viewBox="-1 0 12 20" width="8" xmlns="http://www.w3.org/2000/svg" color="currentColor"><path d="M1.312 1.348L10.276 10l-8.964 8.644" fill="none" stroke="currentColor"></path></svg></span></a><div><a href="https://www.tesco.com/groceries/en-GB/shop/pets/dog-food-and-accessories/dog-treats-dental-chews-and-biscuits/dog-biscuits" class="styled__Anchor-sc-1xbujuz-0 jSzuDt rest-of-shelf-link beans-link__anchor" data-auto="rest-of-shelf-link"><span class="styled__Text-sc-1xbujuz-1 fyDIEo beans-link__text">Rest of <span class="visually-hidden">Dog Biscuits</span> shelf</span><span class="styled__IconContainer-sc-1xbujuz-2 bSauSL beans-link__icon-container"><svg aria-hidden="true" class="styled__SVG-xxa4wh-1 hQMCqc beans-link__icon beans-icon__svg" height="13.33" preserveAspectRatio="xMinYMax meet" viewBox="-1 0 12 20" width="8" xmlns="http://www.w3.org/2000/svg" color="currentColor"><path d="M1.312 1.348L10.276 10l-8.964 8.644" fill="none" stroke="currentColor"></path></svg></span></a></div><div class="product-info-message-section"><div class="product-info-message-list"></div></div></div><div class="styles__StyledBuyBoxWrapper-dvv1wj-4 dSvjUC"><div class="styles__StyledBuyBoxContainer-sc-1wx0qp6-0 erryje" data-auto="buybox-container"><div class="styles__SafeFormWrapper-jtpu2t-0 lcrYKS"><form action="https://www.tesco.com/groceries/en-GB/trolley/items/308107081?_method=PUT" method="POST"><input type="submit" class="hidden"><input name="id" type="hidden" value="308107081"><input name="identifier" type="hidden" value="Page"><input name="anchorId" type="hidden" value="#tile-308107081"><input name="returnUrl" type="hidden" value="/groceries/en-GB/shop/pets/all?redirectIfUnavailable=true#tile-308107081"><input name="backToUrl" type="hidden" value="#"><input name="oldValue" type="hidden" value="0"><input name="oldUnitChoice" type="hidden" value="pcs"><input name="newUnitChoice" type="hidden" value="pcs"><div class="base-components__RootElement-sc-1mosoyj-1 styled__Container-sc-6nhkzi-0 jptQqM hSNpTb beans-buybox__container"><div class="base-components__BaseElement-sc-1mosoyj-0 styled__PriceAndActions-sc-6nhkzi-3 oznwo eEPLov beans-buybox__price-and-actions"><div class="base-components__RootElement-sc-1mosoyj-1 styled__Container-sc-8qlq5b-0 jptQqM bgZrjw styled__StyledPrice-sc-6nhkzi-5 iYHeik beans-buybox__price beans-price__container"><p class="styled__StyledHeading-sc-119w3hf-2 jWPEtj styled__Text-sc-8qlq5b-1 lnaeiZ beans-price__text">£1.25</p><p class="styled__StyledFootnote-sc-119w3hf-7 icrlVF styled__Subtext-sc-8qlq5b-2 bNJmdc beans-price__subtext">£2.50/kg</p></div><div class="base-components__RootElement-sc-1mosoyj-1 styled__Container-vtxwzb-0 jptQqM bDFhXJ beans-buybox__actions beans-quantity-controls__container"><div class="base-components__RootElement-sc-1mosoyj-1 styled__Container-sc-16t2b2a-0 jptQqM PUfgZ styled__StyledFormGroup-vtxwzb-1 kzKuAr beans-quantity-controls__form-group beans-form-group__container"><label class="styled__StyledLabel-sc-1ttuvhr-0 izGEjV beans-form-group__label beans-label" for="quantity-controls-308107081">Quantity controls </label><div class="base-components__BaseElement-sc-1mosoyj-0 styled__Children-sc-16t2b2a-3 oznwo gdJvjO beans-form-group__children"><div class="styled__StyledQuantityControlWrapper-vtxwzb-6 LCxOg"><label id="quantity-controls-308107081-label" class="styled__VisuallyHiddenLabel-vtxwzb-7 gXlLiM">Quantity of Tesco Tasty Treats Gravy Bites With Beef 500G</label><div class="component__Wrapper-sc-1kpmik-3 dReplG input-wrapper"><input class="base-components__RootElement-sc-1mosoyj-1 styled__StyledInput-sc-1jd5f57-0 component__StyledAsInput-sc-1kpmik-4 jptQqM eJLlow styled__StyledInput-vtxwzb-3 lwMHo beans-quantity-controls__input beans-input" data-auto="beans-quantity-controls-input" autocomplete="off" id="quantity-controls-308107081" maxlength="2" name="newValue" type="number" aria-labelledby="quantity-controls-308107081-label" value="1"></div></div><button class="styled__BaseButton-rsekm1-0 styled__PrimaryButton-rsekm1-2 jChbeY geeWOF styled__StyledButton-vtxwzb-5 japAxb beans-quantity-controls__add-button beans-button__container" type="submit" data-auto="beans-quantity-controls-add-button" aria-label="Quantity of Tesco Tasty Treats Gravy Bites With Beef 500G"><span class="base-components__BaseElement-sc-1mosoyj-0 styled__InnerContainer-rsekm1-1 oznwo fuFres beans-button__inner-container"><span class="base-components__BaseElement-sc-1mosoyj-0 styled__TextSpan-rsekm1-4 oznwo GDiMp beans-button__text">Add</span></span></button></div></div></div></div></div><input name="_csrf" type="hidden" value="0WbpBJF9-cS-fAMl-ByHnl5hECj1JaZiBQ20"></form></div></div></div></div><div class="hidden-medium product-info-section-small"><div class="product-info-message-list"></div></div></div></div></div></div></li><li class="product-list--list-item"><div class="styles__StyledVerticalTileWrapper-dvv1wj-0 dtCNPH"><p class="styled__FlashSashContent-sc-9znnul-0 dYgYXb"><strong class="styled__FlashSashText-sc-9znnul-1 ggeHk">New</strong></p><div data-auto="product-tile" data-auto-type="Quantity" data-auto-available="true" data-auto-is-restricted-disabled="false" data-auto-is-substitute="false" class="styles__StyledVerticalTile-dvv1wj-1 gSCsYK"><div class="styles__StyledTileContentWrapper-dvv1wj-2 bkNhNP beans"><div id="tile-286782592" data-auto-id="286782592" class="styles__StyledTiledContent-dvv1wj-3 bcglTg"><a href="https://www.tesco.com/groceries/en-GB/products/286782592" aria-hidden="true" class="product-image-wrapper" tabindex="1"><div class="product-image__container"><picture><img class="styled__Image-sjvkdn-0 bJErKA product-image beans-responsive-image__image" src="data:image/gif;base64,R0lGODlhAQABAAAAACH5BAEKAAEALAAAAAABAAEAAAICTAEAOw==" srcset="https://digitalcontent.api.tesco.com/v2/media/ghs/86327fb9-1b64-4a6a-a610-261e26db5946/b14b36ec-f056-40ea-9c9e-83746afd950b_1168246138.jpeg?h=225&amp;w=225 768w, data:image/gif;base64,R0lGODlhAQABAAAAACH5BAEKAAEALAAAAAABAAEAAAICTAEAOw== 4000w" alt="Adventuros Nuggets 90G"></picture></div></a><div class="product-details--wrapper"><h3 class="styles__H3-oa5soe-0 bCKNNq"><a href="https://www.tesco.com/groceries/en-GB/products/286782592" class="styled__Anchor-sc-1xbujuz-0 csVOnh beans-link__anchor" data-auto="product-tile--title"><span class="styled__Text-sc-1xbujuz-1 ldbwMG beans-link__text">Adventuros Nuggets 90G</span></a></h3><div class="styles__StyledPromotionsAboveMobile-dvv1wj-7 iPTMuo"></div><div class="styles__StyledProductDetailsContent-dvv1wj-5 ddRSrq"><a href="https://www.tesco.com/groceries/en-GB/reviews/submission/286782592?from=%2Fshop%2Fpets%2Fall" aria-label="Write a review for Adventuros Nuggets 90G" class="styled__Anchor-sc-1xbujuz-0 jSzuDt write-a-review-link beans-link__anchor" data-auto="review-link"><span class="styled__Text-sc-1xbujuz-1 fyDIEo beans-link__text">Write a review</span><span class="styled__IconContainer-sc-1xbujuz-2 bSauSL beans-link__icon-container"><svg aria-hidden="true" class="styled__SVG-xxa4wh-1 hQMCqc beans-link__icon beans-icon__svg" height="13.33" preserveAspectRatio="xMinYMax meet" viewBox="-1 0 12 20" width="8" xmlns="http://www.w3.org/2000/svg" color="currentColor"><path d="M1.312 1.348L10.276 10l-8.964 8.644" fill="none" stroke="currentColor"></path></svg></span></a><div><a href="https://www.tesco.com/groceries/en-GB/shop/pets/dog-food-and-accessories/dog-treats-dental-chews-and-biscuits/dog-treats" class="styled__Anchor-sc-1xbujuz-0 jSzuDt rest-of-shelf-link beans-link__anchor" data-auto="rest-of-shelf-link"><span class="styled__Text-sc-1xbujuz-1 fyDIEo beans-link__text">Rest of <span class="visually-hidden">Dog Treats</span> shelf</span><span class="styled__IconContainer-sc-1xbujuz-2 bSauSL beans-link__icon-container"><svg aria-hidden="true" class="styled__SVG-xxa4wh-1 hQMCqc beans-link__icon beans-icon__svg" height="13.33" preserveAspectRatio="xMinYMax meet" viewBox="-1 0 12 20" width="8" xmlns="http://www.w3.org/2000/svg" color="currentColor"><path d="M1.312 1.348L10.276 10l-8.964 8.644" fill="none" stroke="currentColor"></path></svg></span></a></div><div class="product-info-message-section"><div class="product-info-message-list"><ul><li><div data-auto="info-message" class="product-info-message"><p>£5 off £20 or more shop on selected Petcare items. Coupon deducted from total basket after Clubcard Prices applied. Enter eCoupon code GRKLHH at checkout (case sensitive). T&amp;Cs apply. Valid on orders collected or delivered between 16/11/22 - 06/12/22</p></div></li></ul></div></div></div><div class="styles__StyledBuyBoxWrapper-dvv1wj-4 dSvjUC"><div class="styles__StyledBuyBoxContainer-sc-1wx0qp6-0 erryje" data-auto="buybox-container"><div class="styles__SafeFormWrapper-jtpu2t-0 lcrYKS"><form action="https://www.tesco.com/groceries/en-GB/trolley/items/286782592?_method=PUT" method="POST"><input type="submit" class="hidden"><input name="id" type="hidden" value="286782592"><input name="identifier" type="hidden" value="Page"><input name="anchorId" type="hidden" value="#tile-286782592"><input name="returnUrl" type="hidden" value="/groceries/en-GB/shop/pets/all?redirectIfUnavailable=true#tile-286782592"><input name="backToUrl" type="hidden" value="#"><input name="oldValue" type="hidden" value="0"><input name="oldUnitChoice" type="hidden" value="pcs"><input name="newUnitChoice" type="hidden" value="pcs"><div class="base-components__RootElement-sc-1mosoyj-1 styled__Container-sc-6nhkzi-0 jptQqM hSNpTb beans-buybox__container"><div class="base-components__BaseElement-sc-1mosoyj-0 styled__PriceAndActions-sc-6nhkzi-3 oznwo eEPLov beans-buybox__price-and-actions"><div class="base-components__RootElement-sc-1mosoyj-1 styled__Container-sc-8qlq5b-0 jptQqM bgZrjw styled__StyledPrice-sc-6nhkzi-5 iYHeik beans-buybox__price beans-price__container"><p class="styled__StyledHeading-sc-119w3hf-2 jWPEtj styled__Text-sc-8qlq5b-1 lnaeiZ beans-price__text">£1.10</p><p class="styled__StyledFootnote-sc-119w3hf-7 icrlVF styled__Subtext-sc-8qlq5b-2 bNJmdc beans-price__subtext">£12.23/kg</p></div><div class="base-components__RootElement-sc-1mosoyj-1 styled__Container-vtxwzb-0 jptQqM bDFhXJ beans-buybox__actions beans-quantity-controls__container"><div class="base-components__RootElement-sc-1mosoyj-1 styled__Container-sc-16t2b2a-0 jptQqM PUfgZ styled__StyledFormGroup-vtxwzb-1 kzKuAr beans-quantity-controls__form-group beans-form-group__container"><label class="styled__StyledLabel-sc-1ttuvhr-0 izGEjV beans-form-group__label beans-label" for="quantity-controls-286782592">Quantity controls </label><div class="base-components__BaseElement-sc-1mosoyj-0 styled__Children-sc-16t2b2a-3 oznwo gdJvjO beans-form-group__children"><div class="styled__StyledQuantityControlWrapper-vtxwzb-6 LCxOg"><label id="quantity-controls-286782592-label" class="styled__VisuallyHiddenLabel-vtxwzb-7 gXlLiM">Quantity of Adventuros Nuggets 90G</label><div class="component__Wrapper-sc-1kpmik-3 dReplG input-wrapper"><input class="base-components__RootElement-sc-1mosoyj-1 styled__StyledInput-sc-1jd5f57-0 component__StyledAsInput-sc-1kpmik-4 jptQqM eJLlow styled__StyledInput-vtxwzb-3 lwMHo beans-quantity-controls__input beans-input" data-auto="beans-quantity-controls-input" autocomplete="off" id="quantity-controls-286782592" maxlength="2" name="newValue" type="number" aria-labelledby="quantity-controls-286782592-label" value="1"></div></div><button class="styled__BaseButton-rsekm1-0 styled__PrimaryButton-rsekm1-2 jChbeY geeWOF styled__StyledButton-vtxwzb-5 japAxb beans-quantity-controls__add-button beans-button__container" type="submit" data-auto="beans-quantity-controls-add-button" aria-label="Quantity of Adventuros Nuggets 90G"><span class="base-components__BaseElement-sc-1mosoyj-0 styled__InnerContainer-rsekm1-1 oznwo fuFres beans-button__inner-container"><span class="base-components__BaseElement-sc-1mosoyj-0 styled__TextSpan-rsekm1-4 oznwo GDiMp beans-button__text">Add</span></span></button></div></div></div></div></div><input name="_csrf" type="hidden" value="0WbpBJF9-cS-fAMl-ByHnl5hECj1JaZiBQ20"></form></div></div></div></div><div class="hidden-medium product-info-section-small"><div class="product-info-message-list"><ul><li><div data-auto="info-message" class="product-info-message"><p>£5 off £20 or more shop on selected Petcare items. Coupon deducted from total basket after Clubcard Prices applied. Enter eCoupon code GRKLHH at checkout (case sensitive). T&amp;Cs apply. Valid on orders collected or delivered between 16/11/22 - 06/12/22</p></div></li></ul></div></div></div></div></div></div></li><li class="product-list--list-item"><div class="styles__StyledVerticalTileWrapper-dvv1wj-0 dtCNPH"><div data-auto="product-tile" data-auto-type="Quantity" data-auto-available="true" data-auto-is-restricted-disabled="false" data-auto-is-substitute="false" class="styles__StyledVerticalTile-dvv1wj-1 gSCsYK"><div class="styles__StyledTileContentWrapper-dvv1wj-2 bkNhNP beans"><div id="tile-261252457" data-auto-id="261252457" class="styles__StyledTiledContent-dvv1wj-3 bcglTg"><a href="https://www.tesco.com/groceries/en-GB/products/261252457" aria-hidden="true" class="product-image-wrapper" tabindex="1"><div class="product-image__container"><picture><img class="styled__Image-sjvkdn-0 bJErKA product-image beans-responsive-image__image" src="data:image/gif;base64,R0lGODlhAQABAAAAACH5BAEKAAEALAAAAAABAAEAAAICTAEAOw==" srcset="https://digitalcontent.api.tesco.com/v2/media/ghs/dfe2c958-6be7-4daa-a9ce-f626677702d3/1401ad58-b10a-4b2b-9c1a-e96c026aaee8_1246620212.jpeg?h=225&amp;w=225 768w, data:image/gif;base64,R0lGODlhAQABAAAAACH5BAEKAAEALAAAAAABAAEAAAICTAEAOw== 4000w" alt="Tesco Meaty Rolls Treats 500G"></picture></div></a><div class="product-details--wrapper"><h3 class="styles__H3-oa5soe-0 bCKNNq"><a href="https://www.tesco.com/groceries/en-GB/products/261252457" class="styled__Anchor-sc-1xbujuz-0 csVOnh beans-link__anchor" data-auto="product-tile--title"><span class="styled__Text-sc-1xbujuz-1 ldbwMG beans-link__text">Tesco Meaty Rolls Treats 500G</span></a></h3><div class="styles__StyledPromotionsAboveMobile-dvv1wj-7 iPTMuo"></div><div class="styles__StyledProductDetailsContent-dvv1wj-5 ddRSrq"><a href="https://www.tesco.com/groceries/en-GB/reviews/submission/261252457?from=%2Fshop%2Fpets%2Fall" aria-label="Write a review for Tesco Meaty Rolls Treats 500G" class="styled__Anchor-sc-1xbujuz-0 jSzuDt write-a-review-link beans-link__anchor" data-auto="review-link"><span class="styled__Text-sc-1xbujuz-1 fyDIEo beans-link__text">Write a review</span><span class="styled__IconContainer-sc-1xbujuz-2 bSauSL beans-link__icon-container"><svg aria-hidden="true" class="styled__SVG-xxa4wh-1 hQMCqc beans-link__icon beans-icon__svg" height="13.33" preserveAspectRatio="xMinYMax meet" viewBox="-1 0 12 20" width="8" xmlns="http://www.w3.org/2000/svg" color="currentColor"><path d="M1.312 1.348L10.276 10l-8.964 8.644" fill="none" stroke="currentColor"></path></svg></span></a><div><a href="https://www.tesco.com/groceries/en-GB/shop/pets/dog-food-and-accessories/dog-treats-dental-chews-and-biscuits/dog-biscuits" class="styled__Anchor-sc-1xbujuz-0 jSzuDt rest-of-shelf-link beans-link__anchor" data-auto="rest-of-shelf-link"><span class="styled__Text-sc-1xbujuz-1 fyDIEo beans-link__text">Rest of <span class="visually-hidden">Dog Biscuits</span> shelf</span><span class="styled__IconContainer-sc-1xbujuz-2 bSauSL beans-link__icon-container"><svg aria-hidden="true" class="styled__SVG-xxa4wh-1 hQMCqc beans-link__icon beans-icon__svg" height="13.33" preserveAspectRatio="xMinYMax meet" viewBox="-1 0 12 20" width="8" xmlns="http://www.w3.org/2000/svg" color="currentColor"><path d="M1.312 1.348L10.276 10l-8.964 8.644" fill="none" stroke="currentColor"></path></svg></span></a></div><div class="product-info-message-section"><div class="product-info-message-list"></div></div></div><div class="styles__StyledBuyBoxWrapper-dvv1wj-4 dSvjUC"><div class="styles__StyledBuyBoxContainer-sc-1wx0qp6-0 erryje" data-auto="buybox-container"><div class="styles__SafeFormWrapper-jtpu2t-0 lcrYKS"><form action="https://www.tesco.com/groceries/en-GB/trolley/items/261252457?_method=PUT" method="POST"><input type="submit" class="hidden"><input name="id" type="hidden" value="261252457"><input name="identifier" type="hidden" value="Page"><input name="anchorId" type="hidden" value="#tile-261252457"><input name="returnUrl" type="hidden" value="/groceries/en-GB/shop/pets/all?redirectIfUnavailable=true#tile-261252457"><input name="backToUrl" type="hidden" value="#"><input name="oldValue" type="hidden" value="0"><input name="oldUnitChoice" type="hidden" value="pcs"><input name="newUnitChoice" type="hidden" value="pcs"><div class="base-components__RootElement-sc-1mosoyj-1 styled__Container-sc-6nhkzi-0 jptQqM hSNpTb beans-buybox__container"><div class="base-components__BaseElement-sc-1mosoyj-0 styled__PriceAndActions-sc-6nhkzi-3 oznwo eEPLov beans-buybox__price-and-actions"><div class="base-components__RootElement-sc-1mosoyj-1 styled__Container-sc-8qlq5b-0 jptQqM bgZrjw styled__StyledPrice-sc-6nhkzi-5 iYHeik beans-buybox__price beans-price__container"><p class="styled__StyledHeading-sc-119w3hf-2 jWPEtj styled__Text-sc-8qlq5b-1 lnaeiZ beans-price__text">£1.25</p><p class="styled__StyledFootnote-sc-119w3hf-7 icrlVF styled__Subtext-sc-8qlq5b-2 bNJmdc beans-price__subtext">£2.50/kg</p></div><div class="base-components__RootElement-sc-1mosoyj-1 styled__Container-vtxwzb-0 jptQqM bDFhXJ beans-buybox__actions beans-quantity-controls__container"><div class="base-components__RootElement-sc-1mosoyj-1 styled__Container-sc-16t2b2a-0 jptQqM PUfgZ styled__StyledFormGroup-vtxwzb-1 kzKuAr beans-quantity-controls__form-group beans-form-group__container"><label class="styled__StyledLabel-sc-1ttuvhr-0 izGEjV beans-form-group__label beans-label" for="quantity-controls-261252457">Quantity controls </label><div class="base-components__BaseElement-sc-1mosoyj-0 styled__Children-sc-16t2b2a-3 oznwo gdJvjO beans-form-group__children"><div class="styled__StyledQuantityControlWrapper-vtxwzb-6 LCxOg"><label id="quantity-controls-261252457-label" class="styled__VisuallyHiddenLabel-vtxwzb-7 gXlLiM">Quantity of Tesco Meaty Rolls Treats 500G</label><div class="component__Wrapper-sc-1kpmik-3 dReplG input-wrapper"><input class="base-components__RootElement-sc-1mosoyj-1 styled__StyledInput-sc-1jd5f57-0 component__StyledAsInput-sc-1kpmik-4 jptQqM eJLlow styled__StyledInput-vtxwzb-3 lwMHo beans-quantity-controls__input beans-input" data-auto="beans-quantity-controls-input" autocomplete="off" id="quantity-controls-261252457" maxlength="2" name="newValue" type="number" aria-labelledby="quantity-controls-261252457-label" value="1"></div></div><button class="styled__BaseButton-rsekm1-0 styled__PrimaryButton-rsekm1-2 jChbeY geeWOF styled__StyledButton-vtxwzb-5 japAxb beans-quantity-controls__add-button beans-button__container" type="submit" data-auto="beans-quantity-controls-add-button" aria-label="Quantity of Tesco Meaty Rolls Treats 500G"><span class="base-components__BaseElement-sc-1mosoyj-0 styled__InnerContainer-rsekm1-1 oznwo fuFres beans-button__inner-container"><span class="base-components__BaseElement-sc-1mosoyj-0 styled__TextSpan-rsekm1-4 oznwo GDiMp beans-button__text">Add</span></span></button></div></div></div></div></div><input name="_csrf" type="hidden" value="0WbpBJF9-cS-fAMl-ByHnl5hECj1JaZiBQ20"></form></div></div></div></div><div class="hidden-medium product-info-section-small"><div class="product-info-message-list"></div></div></div></div></div></div></li><li class="product-list--list-item"><div class="styles__StyledVerticalTileWrapper-dvv1wj-0 dtCNPH"><div data-auto="product-tile" data-auto-type="Quantity" data-auto-available="true" data-auto-is-restricted-disabled="false" data-auto-is-substitute="false" class="styles__StyledVerticalTile-dvv1wj-1 gSCsYK"><div class="styles__StyledTileContentWrapper-dvv1wj-2 bkNhNP beans"><div id="tile-284776355" data-auto-id="284776355" class="styles__StyledTiledContent-dvv1wj-3 bcglTg"><a href="https://www.tesco.com/groceries/en-GB/products/284776355" aria-hidden="true" class="product-image-wrapper" tabindex="1"><div class="product-image__container"><picture><img class="styled__Image-sjvkdn-0 bJErKA product-image beans-responsive-image__image" src="data:image/gif;base64,R0lGODlhAQABAAAAACH5BAEKAAEALAAAAAABAAEAAAICTAEAOw==" srcset="https://digitalcontent.api.tesco.com/v2/media/ghs/7175020a-de3c-4f84-8125-57584e74254b/ad4f4555-f0d7-4075-aba4-9178dc95a6fa_414825742.jpeg?h=225&amp;w=225 768w, data:image/gif;base64,R0lGODlhAQABAAAAACH5BAEKAAEALAAAAAABAAEAAAICTAEAOw== 4000w" alt="Whiskas Pouch Jelly Poultry 40X100g Pack"></picture></div></a><div class="product-details--wrapper"><h3 class="styles__H3-oa5soe-0 bCKNNq"><a href="https://www.tesco.com/groceries/en-GB/products/284776355" class="styled__Anchor-sc-1xbujuz-0 csVOnh beans-link__anchor" data-auto="product-tile--title"><span class="styled__Text-sc-1xbujuz-1 ldbwMG beans-link__text">Whiskas Pouch Jelly Poultry 40X100g Pack</span></a></h3><div class="styles__StyledPromotionsAboveMobile-dvv1wj-7 iPTMuo"></div><div class="styles__StyledProductDetailsContent-dvv1wj-5 ddRSrq"><a href="https://www.tesco.com/groceries/en-GB/reviews/submission/284776355?from=%2Fshop%2Fpets%2Fall" aria-label="Write a review for Whiskas Pouch Jelly Poultry 40X100g Pack" class="styled__Anchor-sc-1xbujuz-0 jSzuDt write-a-review-link beans-link__anchor" data-auto="review-link"><span class="styled__Text-sc-1xbujuz-1 fyDIEo beans-link__text">Write a review</span><span class="styled__IconContainer-sc-1xbujuz-2 bSauSL beans-link__icon-container"><svg aria-hidden="true" class="styled__SVG-xxa4wh-1 hQMCqc beans-link__icon beans-icon__svg" height="13.33" preserveAspectRatio="xMinYMax meet" viewBox="-1 0 12 20" width="8" xmlns="http://www.w3.org/2000/svg" color="currentColor"><path d="M1.312 1.348L10.276 10l-8.964 8.644" fill="none" stroke="currentColor"></path></svg></span></a><div><a href="https://www.tesco.com/groceries/en-GB/shop/pets/cat-food-and-accessories/bulk-cat-food/bulk-cat-food-wet" class="styled__Anchor-sc-1xbujuz-0 jSzuDt rest-of-shelf-link beans-link__anchor" data-auto="rest-of-shelf-link"><span class="styled__Text-sc-1xbujuz-1 fyDIEo beans-link__text">Rest of <span class="visually-hidden">Bulk Cat Food Wet</span> shelf</span><span class="styled__IconContainer-sc-1xbujuz-2 bSauSL beans-link__icon-container"><svg aria-hidden="true" class="styled__SVG-xxa4wh-1 hQMCqc beans-link__icon beans-icon__svg" height="13.33" preserveAspectRatio="xMinYMax meet" viewBox="-1 0 12 20" width="8" xmlns="http://www.w3.org/2000/svg" color="currentColor"><path d="M1.312 1.348L10.276 10l-8.964 8.644" fill="none" stroke="currentColor"></path></svg></span></a></div><div class="product-info-message-section"><div class="product-info-message-list"></div></div></div><div class="styles__StyledBuyBoxWrapper-dvv1wj-4 dSvjUC"><div class="styles__StyledBuyBoxContainer-sc-1wx0qp6-0 erryje" data-auto="buybox-container"><div class="styles__SafeFormWrapper-jtpu2t-0 lcrYKS"><form action="https://www.tesco.com/groceries/en-GB/trolley/items/284776355?_method=PUT" method="POST"><input type="submit" class="hidden"><input name="id" type="hidden" value="284776355"><input name="identifier" type="hidden" value="Page"><input name="anchorId" type="hidden" value="#tile-284776355"><input name="returnUrl" type="hidden" value="/groceries/en-GB/shop/pets/all?redirectIfUnavailable=true#tile-284776355"><input name="backToUrl" type="hidden" value="#"><input name="oldValue" type="hidden" value="0"><input name="oldUnitChoice" type="hidden" value="pcs"><input name="newUnitChoice" type="hidden" value="pcs"><div class="base-components__RootElement-sc-1mosoyj-1 styled__Container-sc-6nhkzi-0 jptQqM hSNpTb beans-buybox__container"><div class="base-components__BaseElement-sc-1mosoyj-0 styled__PriceAndActions-sc-6nhkzi-3 oznwo eEPLov beans-buybox__price-and-actions"><div class="base-components__RootElement-sc-1mosoyj-1 styled__Container-sc-8qlq5b-0 jptQqM bgZrjw styled__StyledPrice-sc-6nhkzi-5 iYHeik beans-buybox__price beans-price__container"><p class="styled__StyledHeading-sc-119w3hf-2 jWPEtj styled__Text-sc-8qlq5b-1 lnaeiZ beans-price__text">£13.70</p><p class="styled__StyledFootnote-sc-119w3hf-7 icrlVF styled__Subtext-sc-8qlq5b-2 bNJmdc beans-price__subtext">£3.43/kg</p></div><div class="base-components__RootElement-sc-1mosoyj-1 styled__Container-vtxwzb-0 jptQqM bDFhXJ beans-buybox__actions beans-quantity-controls__container"><div class="base-components__RootElement-sc-1mosoyj-1 styled__Container-sc-16t2b2a-0 jptQqM PUfgZ styled__StyledFormGroup-vtxwzb-1 kzKuAr beans-quantity-controls__form-group beans-form-group__container"><label class="styled__StyledLabel-sc-1ttuvhr-0 izGEjV beans-form-group__label beans-label" for="quantity-controls-284776355">Quantity controls </label><div class="base-components__BaseElement-sc-1mosoyj-0 styled__Children-sc-16t2b2a-3 oznwo gdJvjO beans-form-group__children"><div class="styled__StyledQuantityControlWrapper-vtxwzb-6 LCxOg"><label id="quantity-controls-284776355-label" class="styled__VisuallyHiddenLabel-vtxwzb-7 gXlLiM">Quantity of Whiskas Pouch Jelly Poultry 40X100g Pack</label><div class="component__Wrapper-sc-1kpmik-3 dReplG input-wrapper"><input class="base-components__RootElement-sc-1mosoyj-1 styled__StyledInput-sc-1jd5f57-0 component__StyledAsInput-sc-1kpmik-4 jptQqM eJLlow styled__StyledInput-vtxwzb-3 lwMHo beans-quantity-controls__input beans-input" data-auto="beans-quantity-controls-input" autocomplete="off" id="quantity-controls-284776355" maxlength="2" name="newValue" type="number" aria-labelledby="quantity-controls-284776355-label" value="1"></div></div><button class="styled__BaseButton-rsekm1-0 styled__PrimaryButton-rsekm1-2 jChbeY geeWOF styled__StyledButton-vtxwzb-5 japAxb beans-quantity-controls__add-button beans-button__container" type="submit" data-auto="beans-quantity-controls-add-button" aria-label="Quantity of Whiskas Pouch Jelly Poultry 40X100g Pack"><span class="base-components__BaseElement-sc-1mosoyj-0 styled__InnerContainer-rsekm1-1 oznwo fuFres beans-button__inner-container"><span class="base-components__BaseElement-sc-1mosoyj-0 styled__TextSpan-rsekm1-4 oznwo GDiMp beans-button__text">Add</span></span></button></div></div></div></div></div><input name="_csrf" type="hidden" value="0WbpBJF9-cS-fAMl-ByHnl5hECj1JaZiBQ20"></form></div></div></div></div><div class="hidden-medium product-info-section-small"><div class="product-info-message-list"></div></div></div></div></div></div></li><li class="product-list--list-item"><div class="styles__StyledVerticalTileWrapper-dvv1wj-0 dtCNPH"><div data-auto="product-tile" data-auto-type="Quantity" data-auto-available="true" data-auto-is-restricted-disabled="false" data-auto-is-substitute="false" class="styles__StyledVerticalTile-dvv1wj-1 gSCsYK"><div class="styles__StyledTileContentWrapper-dvv1wj-2 bkNhNP beans"><div id="tile-302054883" data-auto-id="302054883" class="styles__StyledTiledContent-dvv1wj-3 bcglTg"><a href="https://www.tesco.com/groceries/en-GB/products/302054883" aria-hidden="true" class="product-image-wrapper" tabindex="1"><div class="product-image__container"><picture><img class="styled__Image-sjvkdn-0 bJErKA product-image beans-responsive-image__image" src="data:image/gif;base64,R0lGODlhAQABAAAAACH5BAEKAAEALAAAAAABAAEAAAICTAEAOw==" srcset="https://digitalcontent.api.tesco.com/v2/media/ghs/d1349fcd-437e-49fc-8a63-89697eefa2bc/ee949a82-1471-4d73-88a0-ff0086d480b6_304588562.jpeg?h=225&amp;w=225 768w, data:image/gif;base64,R0lGODlhAQABAAAAACH5BAEKAAEALAAAAAABAAEAAAICTAEAOw== 4000w" alt="Butcher&#39;s Tripe Loaf Dog Food Tins 12X400g"></picture></div></a><div class="product-details--wrapper"><h3 class="styles__H3-oa5soe-0 bCKNNq"><a href="https://www.tesco.com/groceries/en-GB/products/302054883" class="styled__Anchor-sc-1xbujuz-0 csVOnh beans-link__anchor" data-auto="product-tile--title"><span class="styled__Text-sc-1xbujuz-1 ldbwMG beans-link__text">Butcher's Tripe Loaf Dog Food Tins 12X400g</span></a></h3><div class="styles__StyledPromotionsAboveMobile-dvv1wj-7 iPTMuo"></div><div class="styles__StyledProductDetailsContent-dvv1wj-5 ddRSrq"><a href="https://www.tesco.com/groceries/en-GB/reviews/submission/302054883?from=%2Fshop%2Fpets%2Fall" aria-label="Write a review for Butcher&#39;s Tripe Loaf Dog Food Tins 12X400g" class="styled__Anchor-sc-1xbujuz-0 jSzuDt write-a-review-link beans-link__anchor" data-auto="review-link"><span class="styled__Text-sc-1xbujuz-1 fyDIEo beans-link__text">Write a review</span><span class="styled__IconContainer-sc-1xbujuz-2 bSauSL beans-link__icon-container"><svg aria-hidden="true" class="styled__SVG-xxa4wh-1 hQMCqc beans-link__icon beans-icon__svg" height="13.33" preserveAspectRatio="xMinYMax meet" viewBox="-1 0 12 20" width="8" xmlns="http://www.w3.org/2000/svg" color="currentColor"><path d="M1.312 1.348L10.276 10l-8.964 8.644" fill="none" stroke="currentColor"></path></svg></span></a><div><a href="https://www.tesco.com/groceries/en-GB/shop/pets/dog-food-and-accessories/wet-dog-food/tinned-dog-food" class="styled__Anchor-sc-1xbujuz-0 jSzuDt rest-of-shelf-link beans-link__anchor" data-auto="rest-of-shelf-link"><span class="styled__Text-sc-1xbujuz-1 fyDIEo beans-link__text">Rest of <span class="visually-hidden">Tinned Dog Food</span> shelf</span><span class="styled__IconContainer-sc-1xbujuz-2 bSauSL beans-link__icon-container"><svg aria-hidden="true" class="styled__SVG-xxa4wh-1 hQMCqc beans-link__icon beans-icon__svg" height="13.33" preserveAspectRatio="xMinYMax meet" viewBox="-1 0 12 20" width="8" xmlns="http://www.w3.org/2000/svg" color="currentColor"><path d="M1.312 1.348L10.276 10l-8.964 8.644" fill="none" stroke="currentColor"></path></svg></span></a></div><div class="product-info-message-section"><div class="product-info-message-list"><ul><li><div data-auto="info-message" class="product-info-message"><p>£5 off £20 or more shop on selected Petcare items. Coupon deducted from total basket after Clubcard Prices applied. Enter eCoupon code GRKLHH at checkout (case sensitive). T&amp;Cs apply. Valid on orders collected or delivered between 16/11/22 - 06/12/22</p></div></li></ul></div></div></div><div class="styles__StyledBuyBoxWrapper-dvv1wj-4 dSvjUC"><div class="styles__StyledBuyBoxContainer-sc-1wx0qp6-0 erryje" data-auto="buybox-container"><div class="styles__SafeFormWrapper-jtpu2t-0 lcrYKS"><form action="https://www.tesco.com/groceries/en-GB/trolley/items/302054883?_method=PUT" method="POST"><input type="submit" class="hidden"><input name="id" type="hidden" value="302054883"><input name="identifier" type="hidden" value="Page"><input name="anchorId" type="hidden" value="#tile-302054883"><input name="returnUrl" type="hidden" value="/groceries/en-GB/shop/pets/all?redirectIfUnavailable=true#tile-302054883"><input name="backToUrl" type="hidden" value="#"><input name="oldValue" type="hidden" value="0"><input name="oldUnitChoice" type="hidden" value="pcs"><input name="newUnitChoice" type="hidden" value="pcs"><div class="base-components__RootElement-sc-1mosoyj-1 styled__Container-sc-6nhkzi-0 jptQqM hSNpTb beans-buybox__container"><div class="base-components__BaseElement-sc-1mosoyj-0 styled__PriceAndActions-sc-6nhkzi-3 oznwo eEPLov beans-buybox__price-and-actions"><div class="base-components__RootElement-sc-1mosoyj-1 styled__Container-sc-8qlq5b-0 jptQqM bgZrjw styled__StyledPrice-sc-6nhkzi-5 iYHeik beans-buybox__price beans-price__container"><p class="styled__StyledHeading-sc-119w3hf-2 jWPEtj styled__Text-sc-8qlq5b-1 lnaeiZ beans-price__text">£9.50</p><p class="styled__StyledFootnote-sc-119w3hf-7 icrlVF styled__Subtext-sc-8qlq5b-2 bNJmdc beans-price__subtext">£1.98/kg</p></div><div class="base-components__RootElement-sc-1mosoyj-1 styled__Container-vtxwzb-0 jptQqM bDFhXJ beans-buybox__actions beans-quantity-controls__container"><div class="base-components__RootElement-sc-1mosoyj-1 styled__Container-sc-16t2b2a-0 jptQqM PUfgZ styled__StyledFormGroup-vtxwzb-1 kzKuAr beans-quantity-controls__form-group beans-form-group__container"><label class="styled__StyledLabel-sc-1ttuvhr-0 izGEjV beans-form-group__label beans-label" for="quantity-controls-302054883">Quantity controls </label><div class="base-components__BaseElement-sc-1mosoyj-0 styled__Children-sc-16t2b2a-3 oznwo gdJvjO beans-form-group__children"><div class="styled__StyledQuantityControlWrapper-vtxwzb-6 LCxOg"><label id="quantity-controls-302054883-label" class="styled__VisuallyHiddenLabel-vtxwzb-7 gXlLiM">Quantity of Butcher's Tripe Loaf Dog Food Tins 12X400g</label><div class="component__Wrapper-sc-1kpmik-3 dReplG input-wrapper"><input class="base-components__RootElement-sc-1mosoyj-1 styled__StyledInput-sc-1jd5f57-0 component__StyledAsInput-sc-1kpmik-4 jptQqM eJLlow styled__StyledInput-vtxwzb-3 lwMHo beans-quantity-controls__input beans-input" data-auto="beans-quantity-controls-input" autocomplete="off" id="quantity-controls-302054883" maxlength="2" name="newValue" type="number" aria-labelledby="quantity-controls-302054883-label" value="1"></div></div><button class="styled__BaseButton-rsekm1-0 styled__PrimaryButton-rsekm1-2 jChbeY geeWOF styled__StyledButton-vtxwzb-5 japAxb beans-quantity-controls__add-button beans-button__container" type="submit" data-auto="beans-quantity-controls-add-button" aria-label="Quantity of Butcher&#39;s Tripe Loaf Dog Food Tins 12X400g"><span class="base-components__BaseElement-sc-1mosoyj-0 styled__InnerContainer-rsekm1-1 oznwo fuFres beans-button__inner-container"><span class="base-components__BaseElement-sc-1mosoyj-0 styled__TextSpan-rsekm1-4 oznwo GDiMp beans-button__text">Add</span></span></button></div></div></div></div></div><input name="_csrf" type="hidden" value="0WbpBJF9-cS-fAMl-ByHnl5hECj1JaZiBQ20"></form></div></div></div></div><div class="hidden-medium product-info-section-small"><div class="product-info-message-list"><ul><li><div data-auto="info-message" class="product-info-message"><p>£5 off £20 or more shop on selected Petcare items. Coupon deducted from total basket after Clubcard Prices applied. Enter eCoupon code GRKLHH at checkout (case sensitive). T&amp;Cs apply. Valid on orders collected or delivered between 16/11/22 - 06/12/22</p></div></li></ul></div></div></div></div></div></div></li><li class="product-list--list-item"><div class="styles__StyledVerticalTileWrapper-dvv1wj-0 dtCNPH"><div data-auto="product-tile" data-auto-type="Quantity" data-auto-available="true" data-auto-is-restricted-disabled="false" data-auto-is-substitute="false" class="styles__StyledVerticalTile-dvv1wj-1 gSCsYK"><div class="styles__StyledTileContentWrapper-dvv1wj-2 bkNhNP beans"><div id="tile-291596799" data-auto-id="291596799" class="styles__StyledTiledContent-dvv1wj-3 bcglTg"><a href="https://www.tesco.com/groceries/en-GB/products/291596799" aria-hidden="true" class="product-image-wrapper" tabindex="1"><div class="product-image__container"><picture><img class="styled__Image-sjvkdn-0 bJErKA product-image beans-responsive-image__image" src="data:image/gif;base64,R0lGODlhAQABAAAAACH5BAEKAAEALAAAAAABAAEAAAICTAEAOw==" srcset="https://digitalcontent.api.tesco.com/v2/media/ghs/ddec5dec-6c5b-4fc3-a90e-bbeabf8022dc/345f7f4d-e146-4be0-8e8e-79ef053275bb_627641552.jpeg?h=225&amp;w=225 768w, data:image/gif;base64,R0lGODlhAQABAAAAACH5BAEKAAEALAAAAAABAAEAAAICTAEAOw== 4000w" alt="Good Boy Wagtastic Jumbo Twist Chicken 70G"></picture></div></a><div class="product-details--wrapper"><h3 class="styles__H3-oa5soe-0 bCKNNq"><a href="https://www.tesco.com/groceries/en-GB/products/291596799" class="styled__Anchor-sc-1xbujuz-0 csVOnh beans-link__anchor" data-auto="product-tile--title"><span class="styled__Text-sc-1xbujuz-1 ldbwMG beans-link__text">Good Boy Wagtastic Jumbo Twist Chicken 70G</span></a></h3><div class="styles__StyledPromotionsAboveMobile-dvv1wj-7 iPTMuo"></div><div class="styles__StyledProductDetailsContent-dvv1wj-5 ddRSrq"><a href="https://www.tesco.com/groceries/en-GB/reviews/submission/291596799?from=%2Fshop%2Fpets%2Fall" aria-label="Write a review for Good Boy Wagtastic Jumbo Twist Chicken 70G" class="styled__Anchor-sc-1xbujuz-0 jSzuDt write-a-review-link beans-link__anchor" data-auto="review-link"><span class="styled__Text-sc-1xbujuz-1 fyDIEo beans-link__text">Write a review</span><span class="styled__IconContainer-sc-1xbujuz-2 bSauSL beans-link__icon-container"><svg aria-hidden="true" class="styled__SVG-xxa4wh-1 hQMCqc beans-link__icon beans-icon__svg" height="13.33" preserveAspectRatio="xMinYMax meet" viewBox="-1 0 12 20" width="8" xmlns="http://www.w3.org/2000/svg" color="currentColor"><path d="M1.312 1.348L10.276 10l-8.964 8.644" fill="none" stroke="currentColor"></path></svg></span></a><div><a href="https://www.tesco.com/groceries/en-GB/shop/pets/dog-food-and-accessories/dog-treats-dental-chews-and-biscuits/dog-chews" class="styled__Anchor-sc-1xbujuz-0 jSzuDt rest-of-shelf-link beans-link__anchor" data-auto="rest-of-shelf-link"><span class="styled__Text-sc-1xbujuz-1 fyDIEo beans-link__text">Rest of <span class="visually-hidden">Dog Chews</span> shelf</span><span class="styled__IconContainer-sc-1xbujuz-2 bSauSL beans-link__icon-container"><svg aria-hidden="true" class="styled__SVG-xxa4wh-1 hQMCqc beans-link__icon beans-icon__svg" height="13.33" preserveAspectRatio="xMinYMax meet" viewBox="-1 0 12 20" width="8" xmlns="http://www.w3.org/2000/svg" color="currentColor"><path d="M1.312 1.348L10.276 10l-8.964 8.644" fill="none" stroke="currentColor"></path></svg></span></a></div><div class="product-info-message-section"><div class="product-info-message-list"></div></div></div><div class="styles__StyledBuyBoxWrapper-dvv1wj-4 dSvjUC"><div class="styles__StyledBuyBoxContainer-sc-1wx0qp6-0 erryje" data-auto="buybox-container"><div class="styles__SafeFormWrapper-jtpu2t-0 lcrYKS"><form action="https://www.tesco.com/groceries/en-GB/trolley/items/291596799?_method=PUT" method="POST"><input type="submit" class="hidden"><input name="id" type="hidden" value="291596799"><input name="identifier" type="hidden" value="Page"><input name="anchorId" type="hidden" value="#tile-291596799"><input name="returnUrl" type="hidden" value="/groceries/en-GB/shop/pets/all?redirectIfUnavailable=true#tile-291596799"><input name="backToUrl" type="hidden" value="#"><input name="oldValue" type="hidden" value="0"><input name="oldUnitChoice" type="hidden" value="pcs"><input name="newUnitChoice" type="hidden" value="pcs"><div class="base-components__RootElement-sc-1mosoyj-1 styled__Container-sc-6nhkzi-0 jptQqM hSNpTb beans-buybox__container"><div class="base-components__BaseElement-sc-1mosoyj-0 styled__PriceAndActions-sc-6nhkzi-3 oznwo eEPLov beans-buybox__price-and-actions"><div class="base-components__RootElement-sc-1mosoyj-1 styled__Container-sc-8qlq5b-0 jptQqM bgZrjw styled__StyledPrice-sc-6nhkzi-5 iYHeik beans-buybox__price beans-price__container"><p class="styled__StyledHeading-sc-119w3hf-2 jWPEtj styled__Text-sc-8qlq5b-1 lnaeiZ beans-price__text">£2.25</p><p class="styled__StyledFootnote-sc-119w3hf-7 icrlVF styled__Subtext-sc-8qlq5b-2 bNJmdc beans-price__subtext">£32.15/kg</p></div><div class="base-components__RootElement-sc-1mosoyj-1 styled__Container-vtxwzb-0 jptQqM bDFhXJ beans-buybox__actions beans-quantity-controls__container"><div class="base-components__RootElement-sc-1mosoyj-1 styled__Container-sc-16t2b2a-0 jptQqM PUfgZ styled__StyledFormGroup-vtxwzb-1 kzKuAr beans-quantity-controls__form-group beans-form-group__container"><label class="styled__StyledLabel-sc-1ttuvhr-0 izGEjV beans-form-group__label beans-label" for="quantity-controls-291596799">Quantity controls </label><div class="base-components__BaseElement-sc-1mosoyj-0 styled__Children-sc-16t2b2a-3 oznwo gdJvjO beans-form-group__children"><div class="styled__StyledQuantityControlWrapper-vtxwzb-6 LCxOg"><label id="quantity-controls-291596799-label" class="styled__VisuallyHiddenLabel-vtxwzb-7 gXlLiM">Quantity of Good Boy Wagtastic Jumbo Twist Chicken 70G</label><div class="component__Wrapper-sc-1kpmik-3 dReplG input-wrapper"><input class="base-components__RootElement-sc-1mosoyj-1 styled__StyledInput-sc-1jd5f57-0 component__StyledAsInput-sc-1kpmik-4 jptQqM eJLlow styled__StyledInput-vtxwzb-3 lwMHo beans-quantity-controls__input beans-input" data-auto="beans-quantity-controls-input" autocomplete="off" id="quantity-controls-291596799" maxlength="2" name="newValue" type="number" aria-labelledby="quantity-controls-291596799-label" value="1"></div></div><button class="styled__BaseButton-rsekm1-0 styled__PrimaryButton-rsekm1-2 jChbeY geeWOF styled__StyledButton-vtxwzb-5 japAxb beans-quantity-controls__add-button beans-button__container" type="submit" data-auto="beans-quantity-controls-add-button" aria-label="Quantity of Good Boy Wagtastic Jumbo Twist Chicken 70G"><span class="base-components__BaseElement-sc-1mosoyj-0 styled__InnerContainer-rsekm1-1 oznwo fuFres beans-button__inner-container"><span class="base-components__BaseElement-sc-1mosoyj-0 styled__TextSpan-rsekm1-4 oznwo GDiMp beans-button__text">Add</span></span></button></div></div></div></div></div><input name="_csrf" type="hidden" value="0WbpBJF9-cS-fAMl-ByHnl5hECj1JaZiBQ20"></form></div></div></div></div><div class="hidden-medium product-info-section-small"><div class="product-info-message-list"></div></div></div></div></div></div></li><li class="product-list--list-item"><div class="styles__StyledVerticalTileWrapper-dvv1wj-0 dtCNPH"><div data-auto="product-tile" data-auto-type="Quantity" data-auto-available="true" data-auto-is-restricted-disabled="false" data-auto-is-substitute="false" class="styles__StyledVerticalTile-dvv1wj-1 gSCsYK"><div class="styles__StyledTileContentWrapper-dvv1wj-2 bkNhNP beans"><div id="tile-308470893" data-auto-id="308470893" class="styles__StyledTiledContent-dvv1wj-3 bcglTg"><a href="https://www.tesco.com/groceries/en-GB/products/308470893" aria-hidden="true" class="product-image-wrapper" tabindex="1"><div class="product-image__container"><picture><img class="styled__Image-sjvkdn-0 bJErKA product-image beans-responsive-image__image" src="data:image/gif;base64,R0lGODlhAQABAAAAACH5BAEKAAEALAAAAAABAAEAAAICTAEAOw==" srcset="https://digitalcontent.api.tesco.com/v2/media/ghs/272f9a37-a570-45be-965d-5da1c6e40fd0/f99d9b5e-61c9-4ae2-b24c-821afae3524b_1554809915.jpeg?h=225&amp;w=225 768w, data:image/gif;base64,R0lGODlhAQABAAAAACH5BAEKAAEALAAAAAABAAEAAAICTAEAOw== 4000w" alt="Tesco Adult Cat Fish Selection In Jelly 6X400g"></picture></div></a><div class="product-details--wrapper"><h3 class="styles__H3-oa5soe-0 bCKNNq"><a href="https://www.tesco.com/groceries/en-GB/products/308470893" class="styled__Anchor-sc-1xbujuz-0 csVOnh beans-link__anchor" data-auto="product-tile--title"><span class="styled__Text-sc-1xbujuz-1 ldbwMG beans-link__text">Tesco Adult Cat Fish Selection In Jelly 6X400g</span></a></h3><div class="styles__StyledPromotionsAboveMobile-dvv1wj-7 iPTMuo"></div><div class="styles__StyledProductDetailsContent-dvv1wj-5 ddRSrq"><a href="https://www.tesco.com/groceries/en-GB/reviews/submission/308470893?from=%2Fshop%2Fpets%2Fall" aria-label="Write a review for Tesco Adult Cat Fish Selection In Jelly 6X400g" class="styled__Anchor-sc-1xbujuz-0 jSzuDt write-a-review-link beans-link__anchor" data-auto="review-link"><span class="styled__Text-sc-1xbujuz-1 fyDIEo beans-link__text">Write a review</span><span class="styled__IconContainer-sc-1xbujuz-2 bSauSL beans-link__icon-container"><svg aria-hidden="true" class="styled__SVG-xxa4wh-1 hQMCqc beans-link__icon beans-icon__svg" height="13.33" preserveAspectRatio="xMinYMax meet" viewBox="-1 0 12 20" width="8" xmlns="http://www.w3.org/2000/svg" color="currentColor"><path d="M1.312 1.348L10.276 10l-8.964 8.644" fill="none" stroke="currentColor"></path></svg></span></a><div><a href="https://www.tesco.com/groceries/en-GB/shop/pets/cat-food-and-accessories/wet-cat-food/tinned-cat-food" class="styled__Anchor-sc-1xbujuz-0 jSzuDt rest-of-shelf-link beans-link__anchor" data-auto="rest-of-shelf-link"><span class="styled__Text-sc-1xbujuz-1 fyDIEo beans-link__text">Rest of <span class="visually-hidden">Tinned Cat Food</span> shelf</span><span class="styled__IconContainer-sc-1xbujuz-2 bSauSL beans-link__icon-container"><svg aria-hidden="true" class="styled__SVG-xxa4wh-1 hQMCqc beans-link__icon beans-icon__svg" height="13.33" preserveAspectRatio="xMinYMax meet" viewBox="-1 0 12 20" width="8" xmlns="http://www.w3.org/2000/svg" color="currentColor"><path d="M1.312 1.348L10.276 10l-8.964 8.644" fill="none" stroke="currentColor"></path></svg></span></a></div><div class="product-info-message-section"><div class="product-info-message-list"></div></div></div><div class="styles__StyledBuyBoxWrapper-dvv1wj-4 dSvjUC"><div class="styles__StyledBuyBoxContainer-sc-1wx0qp6-0 erryje" data-auto="buybox-container"><div class="styles__SafeFormWrapper-jtpu2t-0 lcrYKS"><form action="https://www.tesco.com/groceries/en-GB/trolley/items/308470893?_method=PUT" method="POST"><input type="submit" class="hidden"><input name="id" type="hidden" value="308470893"><input name="identifier" type="hidden" value="Page"><input name="anchorId" type="hidden" value="#tile-308470893"><input name="returnUrl" type="hidden" value="/groceries/en-GB/shop/pets/all?redirectIfUnavailable=true#tile-308470893"><input name="backToUrl" type="hidden" value="#"><input name="oldValue" type="hidden" value="0"><input name="oldUnitChoice" type="hidden" value="pcs"><input name="newUnitChoice" type="hidden" value="pcs"><div class="base-components__RootElement-sc-1mosoyj-1 styled__Container-sc-6nhkzi-0 jptQqM hSNpTb beans-buybox__container"><div class="base-components__BaseElement-sc-1mosoyj-0 styled__PriceAndActions-sc-6nhkzi-3 oznwo eEPLov beans-buybox__price-and-actions"><div class="base-components__RootElement-sc-1mosoyj-1 styled__Container-sc-8qlq5b-0 jptQqM bgZrjw styled__StyledPrice-sc-6nhkzi-5 iYHeik beans-buybox__price beans-price__container"><p class="styled__StyledHeading-sc-119w3hf-2 jWPEtj styled__Text-sc-8qlq5b-1 lnaeiZ beans-price__text">£4.50</p><p class="styled__StyledFootnote-sc-119w3hf-7 icrlVF styled__Subtext-sc-8qlq5b-2 bNJmdc beans-price__subtext">£1.88/kg</p></div><div class="base-components__RootElement-sc-1mosoyj-1 styled__Container-vtxwzb-0 jptQqM bDFhXJ beans-buybox__actions beans-quantity-controls__container"><div class="base-components__RootElement-sc-1mosoyj-1 styled__Container-sc-16t2b2a-0 jptQqM PUfgZ styled__StyledFormGroup-vtxwzb-1 kzKuAr beans-quantity-controls__form-group beans-form-group__container"><label class="styled__StyledLabel-sc-1ttuvhr-0 izGEjV beans-form-group__label beans-label" for="quantity-controls-308470893">Quantity controls </label><div class="base-components__BaseElement-sc-1mosoyj-0 styled__Children-sc-16t2b2a-3 oznwo gdJvjO beans-form-group__children"><div class="styled__StyledQuantityControlWrapper-vtxwzb-6 LCxOg"><label id="quantity-controls-308470893-label" class="styled__VisuallyHiddenLabel-vtxwzb-7 gXlLiM">Quantity of Tesco Adult Cat Fish Selection In Jelly 6X400g</label><div class="component__Wrapper-sc-1kpmik-3 dReplG input-wrapper"><input class="base-components__RootElement-sc-1mosoyj-1 styled__StyledInput-sc-1jd5f57-0 component__StyledAsInput-sc-1kpmik-4 jptQqM eJLlow styled__StyledInput-vtxwzb-3 lwMHo beans-quantity-controls__input beans-input" data-auto="beans-quantity-controls-input" autocomplete="off" id="quantity-controls-308470893" maxlength="2" name="newValue" type="number" aria-labelledby="quantity-controls-308470893-label" value="1"></div></div><button class="styled__BaseButton-rsekm1-0 styled__PrimaryButton-rsekm1-2 jChbeY geeWOF styled__StyledButton-vtxwzb-5 japAxb beans-quantity-controls__add-button beans-button__container" type="submit" data-auto="beans-quantity-controls-add-button" aria-label="Quantity of Tesco Adult Cat Fish Selection In Jelly 6X400g"><span class="base-components__BaseElement-sc-1mosoyj-0 styled__InnerContainer-rsekm1-1 oznwo fuFres beans-button__inner-container"><span class="base-components__BaseElement-sc-1mosoyj-0 styled__TextSpan-rsekm1-4 oznwo GDiMp beans-button__text">Add</span></span></button></div></div></div></div></div><input name="_csrf" type="hidden" value="0WbpBJF9-cS-fAMl-ByHnl5hECj1JaZiBQ20"></form></div></div></div></div><div class="hidden-medium product-info-section-small"><div class="product-info-message-list"></div></div></div></div></div></div></li><li class="product-list--list-item"><div class="styles__StyledVerticalTileWrapper-dvv1wj-0 dtCNPH"><div data-auto="product-tile" data-auto-type="Quantity" data-auto-available="true" data-auto-is-restricted-disabled="false" data-auto-is-substitute="false" class="styles__StyledVerticalTile-dvv1wj-1 gSCsYK"><div class="styles__StyledTileContentWrapper-dvv1wj-2 bkNhNP beans"><div id="tile-256082665" data-auto-id="256082665" class="styles__StyledTiledContent-dvv1wj-3 bcglTg"><a href="https://www.tesco.com/groceries/en-GB/products/256082665" aria-hidden="true" class="product-image-wrapper" tabindex="1"><div class="product-image__container"><picture><img class="styled__Image-sjvkdn-0 bJErKA product-image beans-responsive-image__image" src="data:image/gif;base64,R0lGODlhAQABAAAAACH5BAEKAAEALAAAAAABAAEAAAICTAEAOw==" srcset="https://digitalcontent.api.tesco.com/v2/media/ghs/25759392-7b2b-4de2-8fae-406b1d6f15e7/ab0f2d41-070f-410d-88c0-303ebfe871b5.jpeg?h=225&amp;w=225 768w, data:image/gif;base64,R0lGODlhAQABAAAAACH5BAEKAAEALAAAAAABAAEAAAICTAEAOw== 4000w" alt="Whiskas Cat Food 1+ Poultry Selection In Jelly 12X100g"></picture></div></a><div class="product-details--wrapper"><h3 class="styles__H3-oa5soe-0 bCKNNq"><a href="https://www.tesco.com/groceries/en-GB/products/256082665" class="styled__Anchor-sc-1xbujuz-0 csVOnh beans-link__anchor" data-auto="product-tile--title"><span class="styled__Text-sc-1xbujuz-1 ldbwMG beans-link__text">Whiskas Cat Food 1+ Poultry Selection In Jelly 12X100g</span></a></h3><div class="styles__StyledPromotionsAboveMobile-dvv1wj-7 iPTMuo"></div><div class="styles__StyledProductDetailsContent-dvv1wj-5 ddRSrq"><a href="https://www.tesco.com/groceries/en-GB/reviews/submission/256082665?from=%2Fshop%2Fpets%2Fall" aria-label="Write a review for Whiskas Cat Food 1+ Poultry Selection In Jelly 12X100g" class="styled__Anchor-sc-1xbujuz-0 jSzuDt write-a-review-link beans-link__anchor" data-auto="review-link"><span class="styled__Text-sc-1xbujuz-1 fyDIEo beans-link__text">Write a review</span><span class="styled__IconContainer-sc-1xbujuz-2 bSauSL beans-link__icon-container"><svg aria-hidden="true" class="styled__SVG-xxa4wh-1 hQMCqc beans-link__icon beans-icon__svg" height="13.33" preserveAspectRatio="xMinYMax meet" viewBox="-1 0 12 20" width="8" xmlns="http://www.w3.org/2000/svg" color="currentColor"><path d="M1.312 1.348L10.276 10l-8.964 8.644" fill="none" stroke="currentColor"></path></svg></span></a><div><a href="https://www.tesco.com/groceries/en-GB/shop/pets/cat-food-and-accessories/wet-cat-food/cat-food-pouches" class="styled__Anchor-sc-1xbujuz-0 jSzuDt rest-of-shelf-link beans-link__anchor" data-auto="rest-of-shelf-link"><span class="styled__Text-sc-1xbujuz-1 fyDIEo beans-link__text">Rest of <span class="visually-hidden">Cat Food Pouches</span> shelf</span><span class="styled__IconContainer-sc-1xbujuz-2 bSauSL beans-link__icon-container"><svg aria-hidden="true" class="styled__SVG-xxa4wh-1 hQMCqc beans-link__icon beans-icon__svg" height="13.33" preserveAspectRatio="xMinYMax meet" viewBox="-1 0 12 20" width="8" xmlns="http://www.w3.org/2000/svg" color="currentColor"><path d="M1.312 1.348L10.276 10l-8.964 8.644" fill="none" stroke="currentColor"></path></svg></span></a></div><div class="product-info-message-section"><div class="product-info-message-list"></div></div></div><div class="styles__StyledBuyBoxWrapper-dvv1wj-4 dSvjUC"><div class="styles__StyledBuyBoxContainer-sc-1wx0qp6-0 erryje" data-auto="buybox-container"><div class="styles__SafeFormWrapper-jtpu2t-0 lcrYKS"><form action="https://www.tesco.com/groceries/en-GB/trolley/items/256082665?_method=PUT" method="POST"><input type="submit" class="hidden"><input name="id" type="hidden" value="256082665"><input name="identifier" type="hidden" value="Page"><input name="anchorId" type="hidden" value="#tile-256082665"><input name="returnUrl" type="hidden" value="/groceries/en-GB/shop/pets/all?redirectIfUnavailable=true#tile-256082665"><input name="backToUrl" type="hidden" value="#"><input name="oldValue" type="hidden" value="0"><input name="oldUnitChoice" type="hidden" value="pcs"><input name="newUnitChoice" type="hidden" value="pcs"><div class="base-components__RootElement-sc-1mosoyj-1 styled__Container-sc-6nhkzi-0 jptQqM hSNpTb beans-buybox__container"><div class="base-components__BaseElement-sc-1mosoyj-0 styled__PriceAndActions-sc-6nhkzi-3 oznwo eEPLov beans-buybox__price-and-actions"><div class="base-components__RootElement-sc-1mosoyj-1 styled__Container-sc-8qlq5b-0 jptQqM bgZrjw styled__StyledPrice-sc-6nhkzi-5 iYHeik beans-buybox__price beans-price__container"><p class="styled__StyledHeading-sc-119w3hf-2 jWPEtj styled__Text-sc-8qlq5b-1 lnaeiZ beans-price__text">£4.50</p><p class="styled__StyledFootnote-sc-119w3hf-7 icrlVF styled__Subtext-sc-8qlq5b-2 bNJmdc beans-price__subtext">£3.75/kg</p></div><div class="base-components__RootElement-sc-1mosoyj-1 styled__Container-vtxwzb-0 jptQqM bDFhXJ beans-buybox__actions beans-quantity-controls__container"><div class="base-components__RootElement-sc-1mosoyj-1 styled__Container-sc-16t2b2a-0 jptQqM PUfgZ styled__StyledFormGroup-vtxwzb-1 kzKuAr beans-quantity-controls__form-group beans-form-group__container"><label class="styled__StyledLabel-sc-1ttuvhr-0 izGEjV beans-form-group__label beans-label" for="quantity-controls-256082665">Quantity controls </label><div class="base-components__BaseElement-sc-1mosoyj-0 styled__Children-sc-16t2b2a-3 oznwo gdJvjO beans-form-group__children"><div class="styled__StyledQuantityControlWrapper-vtxwzb-6 LCxOg"><label id="quantity-controls-256082665-label" class="styled__VisuallyHiddenLabel-vtxwzb-7 gXlLiM">Quantity of Whiskas Cat Food 1+ Poultry Selection In Jelly 12X100g</label><div class="component__Wrapper-sc-1kpmik-3 dReplG input-wrapper"><input class="base-components__RootElement-sc-1mosoyj-1 styled__StyledInput-sc-1jd5f57-0 component__StyledAsInput-sc-1kpmik-4 jptQqM eJLlow styled__StyledInput-vtxwzb-3 lwMHo beans-quantity-controls__input beans-input" data-auto="beans-quantity-controls-input" autocomplete="off" id="quantity-controls-256082665" maxlength="2" name="newValue" type="number" aria-labelledby="quantity-controls-256082665-label" value="1"></div></div><button class="styled__BaseButton-rsekm1-0 styled__PrimaryButton-rsekm1-2 jChbeY geeWOF styled__StyledButton-vtxwzb-5 japAxb beans-quantity-controls__add-button beans-button__container" type="submit" data-auto="beans-quantity-controls-add-button" aria-label="Quantity of Whiskas Cat Food 1+ Poultry Selection In Jelly 12X100g"><span class="base-components__BaseElement-sc-1mosoyj-0 styled__InnerContainer-rsekm1-1 oznwo fuFres beans-button__inner-container"><span class="base-components__BaseElement-sc-1mosoyj-0 styled__TextSpan-rsekm1-4 oznwo GDiMp beans-button__text">Add</span></span></button></div></div></div></div></div><input name="_csrf" type="hidden" value="0WbpBJF9-cS-fAMl-ByHnl5hECj1JaZiBQ20"></form></div></div></div></div><div class="hidden-medium product-info-section-small"><div class="product-info-message-list"></div></div></div></div></div></div></li><li class="product-list--list-item"><div class="styles__StyledVerticalTileWrapper-dvv1wj-0 dtCNPH"><div data-auto="product-tile" data-auto-type="Quantity" data-auto-available="true" data-auto-is-restricted-disabled="false" data-auto-is-substitute="false" class="styles__StyledVerticalTile-dvv1wj-1 gSCsYK"><div class="styles__StyledTileContentWrapper-dvv1wj-2 bkNhNP beans"><div id="tile-287318652" data-auto-id="287318652" class="styles__StyledTiledContent-dvv1wj-3 bcglTg"><a href="https://www.tesco.com/groceries/en-GB/products/287318652" aria-hidden="true" class="product-image-wrapper" tabindex="1"><div class="product-image__container"><picture><img class="styled__Image-sjvkdn-0 bJErKA product-image beans-responsive-image__image" src="data:image/gif;base64,R0lGODlhAQABAAAAACH5BAEKAAEALAAAAAABAAEAAAICTAEAOw==" srcset="https://digitalcontent.api.tesco.com/v2/media/ghs/29c2c1a0-44e8-4cc9-bc92-f4328effceea/cd79b6f5-ddbe-45d9-8e9d-e3f32d31366f_2099355002.jpeg?h=225&amp;w=225 768w, data:image/gif;base64,R0lGODlhAQABAAAAACH5BAEKAAEALAAAAAABAAEAAAICTAEAOw== 4000w" alt="Good Boy Chewy Chick Twists 70G"></picture></div></a><div class="product-details--wrapper"><h3 class="styles__H3-oa5soe-0 bCKNNq"><a href="https://www.tesco.com/groceries/en-GB/products/287318652" class="styled__Anchor-sc-1xbujuz-0 csVOnh beans-link__anchor" data-auto="product-tile--title"><span class="styled__Text-sc-1xbujuz-1 ldbwMG beans-link__text">Good Boy Chewy Chick Twists 70G</span></a></h3><div class="styles__StyledPromotionsAboveMobile-dvv1wj-7 iPTMuo"></div><div class="styles__StyledProductDetailsContent-dvv1wj-5 ddRSrq"><a href="https://www.tesco.com/groceries/en-GB/reviews/submission/287318652?from=%2Fshop%2Fpets%2Fall" aria-label="Write a review for Good Boy Chewy Chick Twists 70G" class="styled__Anchor-sc-1xbujuz-0 jSzuDt write-a-review-link beans-link__anchor" data-auto="review-link"><span class="styled__Text-sc-1xbujuz-1 fyDIEo beans-link__text">Write a review</span><span class="styled__IconContainer-sc-1xbujuz-2 bSauSL beans-link__icon-container"><svg aria-hidden="true" class="styled__SVG-xxa4wh-1 hQMCqc beans-link__icon beans-icon__svg" height="13.33" preserveAspectRatio="xMinYMax meet" viewBox="-1 0 12 20" width="8" xmlns="http://www.w3.org/2000/svg" color="currentColor"><path d="M1.312 1.348L10.276 10l-8.964 8.644" fill="none" stroke="currentColor"></path></svg></span></a><div><a href="https://www.tesco.com/groceries/en-GB/shop/pets/dog-food-and-accessories/dog-treats-dental-chews-and-biscuits/dog-chews" class="styled__Anchor-sc-1xbujuz-0 jSzuDt rest-of-shelf-link beans-link__anchor" data-auto="rest-of-shelf-link"><span class="styled__Text-sc-1xbujuz-1 fyDIEo beans-link__text">Rest of <span class="visually-hidden">Dog Chews</span> shelf</span><span class="styled__IconContainer-sc-1xbujuz-2 bSauSL beans-link__icon-container"><svg aria-hidden="true" class="styled__SVG-xxa4wh-1 hQMCqc beans-link__icon beans-icon__svg" height="13.33" preserveAspectRatio="xMinYMax meet" viewBox="-1 0 12 20" width="8" xmlns="http://www.w3.org/2000/svg" color="currentColor"><path d="M1.312 1.348L10.276 10l-8.964 8.644" fill="none" stroke="currentColor"></path></svg></span></a></div><div class="product-info-message-section"><div class="product-info-message-list"></div></div></div><div class="styles__StyledBuyBoxWrapper-dvv1wj-4 dSvjUC"><div class="styles__StyledBuyBoxContainer-sc-1wx0qp6-0 erryje" data-auto="buybox-container"><div class="styles__SafeFormWrapper-jtpu2t-0 lcrYKS"><form action="https://www.tesco.com/groceries/en-GB/trolley/items/287318652?_method=PUT" method="POST"><input type="submit" class="hidden"><input name="id" type="hidden" value="287318652"><input name="identifier" type="hidden" value="Page"><input name="anchorId" type="hidden" value="#tile-287318652"><input name="returnUrl" type="hidden" value="/groceries/en-GB/shop/pets/all?redirectIfUnavailable=true#tile-287318652"><input name="backToUrl" type="hidden" value="#"><input name="oldValue" type="hidden" value="0"><input name="oldUnitChoice" type="hidden" value="pcs"><input name="newUnitChoice" type="hidden" value="pcs"><div class="base-components__RootElement-sc-1mosoyj-1 styled__Container-sc-6nhkzi-0 jptQqM hSNpTb beans-buybox__container"><div class="base-components__BaseElement-sc-1mosoyj-0 styled__PriceAndActions-sc-6nhkzi-3 oznwo eEPLov beans-buybox__price-and-actions"><div class="base-components__RootElement-sc-1mosoyj-1 styled__Container-sc-8qlq5b-0 jptQqM bgZrjw styled__StyledPrice-sc-6nhkzi-5 iYHeik beans-buybox__price beans-price__container"><p class="styled__StyledHeading-sc-119w3hf-2 jWPEtj styled__Text-sc-8qlq5b-1 lnaeiZ beans-price__text">£2.25</p><p class="styled__StyledFootnote-sc-119w3hf-7 icrlVF styled__Subtext-sc-8qlq5b-2 bNJmdc beans-price__subtext">£32.15/kg</p></div><div class="base-components__RootElement-sc-1mosoyj-1 styled__Container-vtxwzb-0 jptQqM bDFhXJ beans-buybox__actions beans-quantity-controls__container"><div class="base-components__RootElement-sc-1mosoyj-1 styled__Container-sc-16t2b2a-0 jptQqM PUfgZ styled__StyledFormGroup-vtxwzb-1 kzKuAr beans-quantity-controls__form-group beans-form-group__container"><label class="styled__StyledLabel-sc-1ttuvhr-0 izGEjV beans-form-group__label beans-label" for="quantity-controls-287318652">Quantity controls </label><div class="base-components__BaseElement-sc-1mosoyj-0 styled__Children-sc-16t2b2a-3 oznwo gdJvjO beans-form-group__children"><div class="styled__StyledQuantityControlWrapper-vtxwzb-6 LCxOg"><label id="quantity-controls-287318652-label" class="styled__VisuallyHiddenLabel-vtxwzb-7 gXlLiM">Quantity of Good Boy Chewy Chick Twists 70G</label><div class="component__Wrapper-sc-1kpmik-3 dReplG input-wrapper"><input class="base-components__RootElement-sc-1mosoyj-1 styled__StyledInput-sc-1jd5f57-0 component__StyledAsInput-sc-1kpmik-4 jptQqM eJLlow styled__StyledInput-vtxwzb-3 lwMHo beans-quantity-controls__input beans-input" data-auto="beans-quantity-controls-input" autocomplete="off" id="quantity-controls-287318652" maxlength="2" name="newValue" type="number" aria-labelledby="quantity-controls-287318652-label" value="1"></div></div><button class="styled__BaseButton-rsekm1-0 styled__PrimaryButton-rsekm1-2 jChbeY geeWOF styled__StyledButton-vtxwzb-5 japAxb beans-quantity-controls__add-button beans-button__container" type="submit" data-auto="beans-quantity-controls-add-button" aria-label="Quantity of Good Boy Chewy Chick Twists 70G"><span class="base-components__BaseElement-sc-1mosoyj-0 styled__InnerContainer-rsekm1-1 oznwo fuFres beans-button__inner-container"><span class="base-components__BaseElement-sc-1mosoyj-0 styled__TextSpan-rsekm1-4 oznwo GDiMp beans-button__text">Add</span></span></button></div></div></div></div></div><input name="_csrf" type="hidden" value="0WbpBJF9-cS-fAMl-ByHnl5hECj1JaZiBQ20"></form></div></div></div></div><div class="hidden-medium product-info-section-small"><div class="product-info-message-list"></div></div></div></div></div></div></li><li class="product-list--list-item"><div class="styles__StyledVerticalTileWrapper-dvv1wj-0 dtCNPH"><div data-auto="product-tile" data-auto-type="Quantity" data-auto-available="false" data-auto-is-restricted-disabled="false" data-auto-is-substitute="false" class="styles__StyledVerticalTile-dvv1wj-1 hdMvIX"><div class="styles__StyledTileContentWrapper-dvv1wj-2 bkNhNP beans"><div id="tile-254905848" data-auto-id="254905848" class="styles__StyledTiledContent-dvv1wj-3 bcglTg"><a href="https://www.tesco.com/groceries/en-GB/products/254905848" aria-hidden="true" class="product-image-wrapper" tabindex="1"><div class="product-image__container"><picture><img class="styled__Image-sjvkdn-0 bJErKA product-image grayscale beans-responsive-image__image" src="data:image/gif;base64,R0lGODlhAQABAAAAACH5BAEKAAEALAAAAAABAAEAAAICTAEAOw==" srcset="https://digitalcontent.api.tesco.com/v2/media/ghs/30d14e1a-d318-4fd2-9b95-4ae1275016ad/f2917b77-dfb0-4d51-8314-f9409e5959e1_1480617985.jpeg?h=225&amp;w=225 768w, data:image/gif;base64,R0lGODlhAQABAAAAACH5BAEKAAEALAAAAAABAAEAAAICTAEAOw== 4000w" alt="Tesco Premium Complete Dog Food Chicken &amp; Country Vegetable 3Kg"></picture></div></a><div class="product-details--wrapper"><h3 class="styles__H3-oa5soe-0 bCKNNq"><a href="https://www.tesco.com/groceries/en-GB/products/254905848" class="styled__Anchor-sc-1xbujuz-0 csVOnh beans-link__anchor" data-auto="product-tile--title"><span class="styled__Text-sc-1xbujuz-1 ldbwMG beans-link__text">Tesco Premium Complete Dog Food Chicken &amp; Country Vegetable 3Kg</span></a></h3><div class="styles__StyledPromotionsAboveMobile-dvv1wj-7 iPTMuo"></div><div class="styles__StyledProductDetailsContent-dvv1wj-5 ddRSrq"><a href="https://www.tesco.com/groceries/en-GB/reviews/submission/254905848?from=%2Fshop%2Fpets%2Fall" aria-label="Write a review for Tesco Premium Complete Dog Food Chicken &amp; Country Vegetable 3Kg" class="styled__Anchor-sc-1xbujuz-0 jSzuDt write-a-review-link beans-link__anchor" data-auto="review-link"><span class="styled__Text-sc-1xbujuz-1 fyDIEo beans-link__text">Write a review</span><span class="styled__IconContainer-sc-1xbujuz-2 bSauSL beans-link__icon-container"><svg aria-hidden="true" class="styled__SVG-xxa4wh-1 hQMCqc beans-link__icon beans-icon__svg" height="13.33" preserveAspectRatio="xMinYMax meet" viewBox="-1 0 12 20" width="8" xmlns="http://www.w3.org/2000/svg" color="currentColor"><path d="M1.312 1.348L10.276 10l-8.964 8.644" fill="none" stroke="currentColor"></path></svg></span></a><div class="product-info-message-section"><div class="product-info-message-list"><ul><li><div data-auto="info-message" class="product-info-message with-warning-background unavailable-messages"><p>This product's currently out of stock</p></div></li></ul></div></div></div><div class="styles__StyledRestOfShelfButton-sc-1zolry-0 jqKCro"><a href="https://www.tesco.com/shop/pets/dog-food-and-accessories/dry-dog-food-and-mixer/dry-dog-food" class="styles__StyledRestOfShelfLink-sc-1zolry-1 klfAZc rest-of-shelf"><a class="styled__Anchor-sc-16kp6v-0 cOTsfM styled__StyledLink-ey2bia-0 dHydHk beans-link__anchor"><span class="styled__Text-sc-16kp6v-1 iOdjfG beans-link__text">Rest of <span class="visually-hidden">Dry Dog Food</span> shelf</span><span class="styled__IconContainer-sc-16kp6v-2 WcbZx beans-link__icon-container"><svg aria-hidden="true" class="styled__SVG-xxa4wh-1 hQMCqc beans-link__icon beans-icon__svg" height="20" preserveAspectRatio="xMinYMax meet" viewBox="-1 0 12 20" width="12" xmlns="http://www.w3.org/2000/svg" color="currentColor"><path d="M1.312 1.348L10.276 10l-8.964 8.644" fill="none" stroke="currentColor"></path></svg></span></a></a></div></div><div class="hidden-medium product-info-section-small"><div class="product-info-message-list"><ul><li><div data-auto="info-message" class="product-info-message with-warning-background unavailable-messages"><p>This product's currently out of stock</p></div></li></ul></div></div></div></div></div></div></li></ul></div></div></div></div></div><div class="show-more"><div class="updating"><div class="spinner"></div><span>Loading more items...</span></div><a class="button button-primary small" rel="nofollow" href="https://www.tesco.com/groceries/en-GB/shop/pets/all?page=2" aria-label="Show 48 more products">Show 48 more</a></div><div class="pagination-component grid"><div class="pagination__results-count"><div class="pagination__items-displayed" data-auto="product-bin-count">Showing <strong>1 to 48</strong> of <strong>716 items</strong><span class="visually-hidden">sorted by Relevance</span></div><div class="show-more-less__link"><a href="https://www.tesco.com/groceries/en-GB/shop/pets/all?page=2&amp;count=24" rel="nofollow">Show 24 per page</a></div></div><nav class="pagination--page-selector-wrapper"><ul><li class="pagination-btn-holder"><a aria-label="Current results page" class="pagination--button prev-next disabled" name="current-results-page" title="Current results page"><span class="icon-icon_whitechevronleft" aria-hidden="true"></span></a></li><li class="pagination-btn-holder"><a aria-label="Current results page" class="pagination--button disabled highlight" name="current-results-page" title="Current results page"><span aria-hidden="true">1</span></a></li><li class="pagination-btn-holder"><a href="https://www.tesco.com/groceries/en-GB/shop/pets/all?page=2" aria-label="Go to results page 2" class="pagination--button" name="go-to-results-page-2" title="Go to results page 2"><span aria-hidden="true">2</span></a></li><li class="pagination-btn-holder"><a href="https://www.tesco.com/groceries/en-GB/shop/pets/all?page=3" aria-label="Go to results page 3" class="pagination--button" name="go-to-results-page-3" title="Go to results page 3"><span aria-hidden="true">3</span></a></li><li><span class="pagination--ellipsis icon-dots"></span></li><li class="pagination-btn-holder"><a href="https://www.tesco.com/groceries/en-GB/shop/pets/all?page=15" aria-label="Go to results page 15" class="pagination--button" name="go-to-results-page-15" title="Go to results page 15"><span aria-hidden="true">15</span></a></li><li class="pagination-btn-holder"><a href="https://www.tesco.com/groceries/en-GB/shop/pets/all?page=2" aria-label="Go to results page" class="pagination--button prev-next" name="go-to-results-page" title="Go to results page"><span class="icon-icon_whitechevronright" aria-hidden="true"></span></a></li></ul></nav></div><div class="back-to-top"><a href="https://www.tesco.com/groceries/en-GB/shop/pets/all#" class="back-to-top__link" rel="nofollow">Back to top<span class="back-to-top__icon-chevron--up icon-chevron_up"></span></a></div><div class="recommender-wrapper"></div></div></div><div id="sort-n-filter" data-auto="sort-n-filter" class="sort-n-filter-container fancy-filter"><div class="actionable-layout" id="actionable-layout"><div aria-hidden="true" class="overlay"></div><div class="actionable-layout--wrapper"><header class="actionable-header"><div><h2 class="actionable-header--title">Sort and filter</h2></div></header><div class="actionable-layout--body"><div class="actionable-layout--scrollable" id="actionable-layout--scrollable"><div class="" id="scrollable-overlay"><div id="top-filter"></div><div class="sort-by"><h2>Sort by</h2><ul><li><a class="filter-radio-button" href="https://www.tesco.com/groceries/en-GB/shop/pets/all"><span class="label-wrapper"><span class="filter-radio-icon icon-radio-on"></span><span class="label">Relevance</span></span></a></li><li><a class="filter-radio-button" href="https://www.tesco.com/groceries/en-GB/shop/pets/all?sortBy=price-ascending"><span class="label-wrapper"><span class="filter-radio-icon icon-radio-off"></span><span class="label">Price: Low to High</span></span></a></li><li><a class="filter-radio-button" href="https://www.tesco.com/groceries/en-GB/shop/pets/all?sortBy=price-descending"><span class="label-wrapper"><span class="filter-radio-icon icon-radio-off"></span><span class="label">Price: High to Low</span></span></a></li></ul></div><div class="filter-by" data-auto="filter-by"><a href="https://www.tesco.com/groceries/en-GB/shop/pets/all" class="clear-all">Clear filters</a><h2>Filter by</h2><div><div class="collapsible-list"><a class="filter-element" href="https://www.tesco.com/groceries/en-GB/shop/pets/all?new=new&amp;viewAll=new" data-auto="filter-option" data-auto-selected="false"><span class="checked-status icon-checkbox-square-unchecked"></span><span class="label-wrapper" aria-disabled="false"><span class="label">New</span><span class="count"> (39) </span></span></a></div></div><div class="area area-promotion" id="area-promotion"><span class="visually-hidden">Filter by: Filter by</span><div class="collapsible-list" id="Filter-by"><a class="filter-element" href="https://www.tesco.com/groceries/en-GB/shop/pets/all?promotion=offers&amp;viewAll=promotion" data-auto="filter-option" data-auto-selected="false"><span class="checked-status icon-checkbox-square-unchecked"></span><span class="label-wrapper" aria-disabled="false"><span class="label highlight">Special Offers</span><span class="count"> (70) </span></span></a></div></div><div class="area area-categories" data-auto="filter-categories"><h2><span class="visually-hidden">Filter by</span>CATEGORY</h2><div><ul class="filter-tree" data-auto="filter-options"><li><a class="filter-element selected" href="https://www.tesco.com/groceries/en-GB/shop/pets/all" data-auto="filter-option" data-auto-selected="true"><span class="label-wrapper"><span class="label">Pets</span><span class="count">(1162)</span></span><span class="checked-status icon-checkbox-square-checked"></span></a><ul class="filter-tree" data-auto="filter-options"><li><a class="filter-element" href="https://www.tesco.com/groceries/en-GB/shop/pets/all?department=Christmas%20for%20Pets&amp;viewAll=department" data-auto="filter-option" data-auto-selected="false"><span class="label-wrapper"><span class="label">Christmas for Pets</span><span class="count">(21)</span></span><span class="checked-status icon-checkbox-square-unchecked"></span></a></li><li><a class="filter-element" href="https://www.tesco.com/groceries/en-GB/shop/pets/all?department=Cat%20Food%20%26%20Accessories&amp;viewAll=department" data-auto="filter-option" data-auto-selected="false"><span class="label-wrapper"><span class="label">Cat Food &amp; Accessories</span><span class="count">(494)</span></span><span class="checked-status icon-checkbox-square-unchecked"></span></a></li><li><a class="filter-element" href="https://www.tesco.com/groceries/en-GB/shop/pets/all?department=Dog%20Food%20%26%20Accessories&amp;viewAll=department" data-auto="filter-option" data-auto-selected="false"><span class="label-wrapper"><span class="label">Dog Food &amp; Accessories</span><span class="count">(608)</span></span><span class="checked-status icon-checkbox-square-unchecked"></span></a></li><li><a class="filter-element" href="https://www.tesco.com/groceries/en-GB/shop/pets/all?department=Small%20Animal%2C%20Fish%20%26%20Bird&amp;viewAll=department" data-auto="filter-option" data-auto-selected="false"><span class="label-wrapper"><span class="label">Small Animal, Fish &amp; Bird</span><span class="count">(39)</span></span><span class="checked-status icon-checkbox-square-unchecked"></span></a></li></ul></li></ul></div></div><div class="area area-brand" data-auto="filter-brands"><h2><span class="visually-hidden">Filter by</span>BRAND</h2><div class="collapsible-list" id="Brand"><a class="filter-element" href="https://www.tesco.com/groceries/en-GB/shop/pets/all?brand=Tesco%20Pet&amp;viewAll=brand" data-auto="filter-option" data-auto-selected="false"><span class="checked-status icon-checkbox-square-unchecked"></span><span class="label-wrapper" aria-disabled="false"><span class="label">Tesco Pet</span><span class="count"> (88) </span></span></a><a class="filter-element" href="https://www.tesco.com/groceries/en-GB/shop/pets/all?brand=Good%20Boy&amp;viewAll=brand" data-auto="filter-option" data-auto-selected="false"><span class="checked-status icon-checkbox-square-unchecked"></span><span class="label-wrapper" aria-disabled="false"><span class="label">Good Boy</span><span class="count"> (55) </span></span></a><a href="https://www.tesco.com/groceries/en-GB/shop/pets/all?viewAll=brand#sort-n-filter" class="button button-transparent toggle-list"><span class="view-all-label">More categories</span><span class="icon-tiny-down-arrow"></span></a></div></div><div class="area area-dietary" data-auto="filter-dietary"><h2><span class="visually-hidden">Filter by</span>Lifestyle &amp; Dietary</h2><h3 class="dietary-filters-instruction">Filters should not be used as an alternative to medical advice. Always check the label.</h3><div class="collapsible-list"><a class="filter-element" href="https://www.tesco.com/groceries/en-GB/shop/pets/all" data-auto="filter-option" data-auto-selected="true"><span class="radio-button radio-button--on"></span><span class="label-wrapper" aria-disabled="false"><span class="label">All Lifestyle &amp; Dietary</span></span></a></div></div></div></div></div></div><div class="actionable-layout--footer" data-auto="actionable-footer"><div class="footer--button" data-auto="button-cancel"><a href="https://www.tesco.com/groceries/en-GB/shop/pets/all#" class="button cancel-button button-secondary" rel="nofollow">Cancel</a></div><div class="footer--button" aria-disabled="false" data-auto="button-done"><a href="https://www.tesco.com/groceries/en-GB/shop/pets/all#" class="button done-button button-primary" rel="nofollow">Done</a></div></div></div></div></div></div><div><div data-breakpoint="small" class="analytics-customer-event--breakpoint analytics-customer-event--small"></div><div data-breakpoint="small-medium" class="analytics-customer-event--breakpoint analytics-customer-event--small-medium"></div><div data-breakpoint="medium" class="analytics-customer-event--breakpoint analytics-customer-event--medium"></div><div data-breakpoint="large" class="analytics-customer-event--breakpoint analytics-customer-event--large"></div><div data-breakpoint="extra-large" class="analytics-customer-event--breakpoint analytics-customer-event--extra-large"></div></div></div></div><div class="main__sidebar"><div id="mini-trolley" class="mini-trolley mini-trolley--native-sticky mini-trolley--sticky"><h2 class="visually-hidden">Basket</h2><header aria-label="Basket Summary" class="sc-dlVxhl cqMAkR"><div class="sc-kfPuZi hVxzHh"><a href="https://www.tesco.com/groceries/en-GB/trolley" aria-label="Review your basket" class="styled__Anchor-sc-13zqyoa-0 kAGrVZ beans-link__anchor" data-auto="basket-icon"><svg aria-hidden="true" class="styled__SVG-xxa4wh-1 hQMCqc beans-link__icon beans-icon__svg" height="22" preserveAspectRatio="xMinYMax meet" viewBox="0 1 24 22" width="24" xmlns="http://www.w3.org/2000/svg" color="currentColor"><path d="M20 20.5H4l-2.5-11h21zM12 12v6M16 12v6M8 12v6M12 9.5L18 1" fill="none" stroke="currentColor"></path></svg></a><div role="status" data-testid="summary-status" class="sc-fKVqWL gZNHwv"><span class="sc-iwjdpV iSnNDM">£0.00 Guide price</span><p aria-hidden="true" data-auto="basket-guide-price" class="styled__StyledBodyText-sc-119w3hf-5 jvstkl sc-bBHxTw cUECpD"><span data-auto="price-value">£0.00</span><br><span class="sc-cxpSdN kDAZlq">Guide price</span></p></div></div><a href="https://www.tesco.com/groceries/en-GB/checkout/review-trolley" class="styled__Anchor-sc-16kp6v-0 epALiB sc-llYSUQ ufRD beans-link__anchor" data-auto="mini-trolley-checkout"><span class="styled__Text-sc-16kp6v-1 hbiXiB beans-link__text">Checkout</span></a></header><div class="mini-trolley__content"><div class="mini-trolley__empty-message">Products you add to your basket will appear here</div><ul class="mini-trolley__content-list"></ul></div></div></div><div class="left-hand-navigation"><div aria-hidden="true" class="overlay"></div><nav class="main-nav" id="nav"><a aria-controls="nav" aria-expanded="false" class="main-header-button main-header-icon-button pull-right icon icon-burger_menu_icon" href="https://www.tesco.com/groceries/en-GB/shop/pets/all#" rel="nofollow" role="button"><span class="visually-hidden">Close navigation</span></a><div class="main-nav-inner"><div class="fixed-container"><div class="fixed-top"><header class="main-nav-header"><a href="https://www.tesco.com/account/login/en-GB?from=https%3A%2F%2Fwww.tesco.com%2Fgroceries%2Fen-GB%2Fshop%2Ffresh-food%2Fchristmas-fresh-food%2Fall%3Fcount%3D48%26page%3D2" class="button button-primary main-nav-header-button">Sign in</a><div class="vertical-divider"></div><a href="https://secure.tesco.com/account/en-GB/register?newReg=true&amp;from=https%3A%2F%2Fwww.tesco.com%2Fgroceries%2Fen-GB%2Fshop%2Ffresh-food%2Fchristmas-fresh-food%2Fall%3Fcount%3D48%26page%3D2" class="button button-primary main-nav-header-button">Register</a></header><div class="list-container fixed-middle"><ul class="list main-nav-list" role="menu" tabindex="0"><li class="list-header" role="menuitem">GROCERIES</li><li class="list-item"><a href="https://www.tesco.com/groceries/en-GB/shop" role="menuitem"><span class="list-item-icon list-item-icon-left icon-shop_all_groceries-01"></span><span data-auto="list-item-single-line" class="list-item-single-line">Shop all groceries</span></a></li><li class="list-item"><a href="https://www.tesco.com/account/login/en-GB?from=https%3A%2F%2Fwww.tesco.com%2Fgroceries%2Fen-GB%2Ffavorites" role="menuitem"><span class="list-item-icon list-item-icon-left favorite-heart-icon"></span><span data-auto="list-item-single-line" class="list-item-single-line">Favourites</span></a></li><li class="list-item"><a href="https://www.tesco.com/account/login/en-GB?from=https%3A%2F%2Fwww.tesco.com%2Fgroceries%2Fen-GB%2Fslots" role="menuitem"><span class="list-item-icon list-item-icon-left icon-bookaslot-01"></span><span data-auto="list-item-single-line" class="list-item-single-line">Book a slot</span></a></li><li class="list-item"><a href="https://www.tesco.com/account/login/en-GB?from=https%3A%2F%2Fwww.tesco.com%2Fgroceries%2Fen-GB%2Forders" role="menuitem"><span class="list-item-icon list-item-icon-left icon-my_orders-01"></span><span data-auto="list-item-single-line" class="list-item-single-line">My orders</span></a></li><li class="list-item"><a href="https://www.tesco.com/groceries/en-GB/zone/christmas?icid=topnav_Christmas" role="menuitem"><span class="list-item-icon list-item-icon-left icon-icon-events"></span><span data-auto="list-item-single-line" class="list-item-single-line">Christmas</span></a></li><li class="list-item"><a href="https://www.tesco.com/groceries/en-GB/promotions" role="menuitem"><span class="list-item-icon list-item-icon-left icon-promotion-nav"></span><span data-auto="list-item-single-line" class="list-item-single-line">Special offers</span></a></li><li class="list-item"><a href="https://secure.tesco.com/account/en-GB/manage" role="menuitem"><span class="list-item-icon list-item-icon-left icon-my-account"></span><span data-auto="list-item-single-line" class="list-item-single-line">My account</span></a></li><li class="list-item"><a href="https://www.tesco.com/DeliverySaver/" role="menuitem" target="_blank"><span class="list-item-icon list-item-icon-left icon-delivery-saver"></span><span class="list-item-icon list-item-icon-right icon-link"></span><span data-auto="list-item-single-line" class="list-item-single-line">Delivery Saver</span></a></li><li class="list-item"><a href="https://www.tesco.com/groceries/en-GB/#" role="menuitem"><span class="list-item-icon list-item-icon-left icon-download-app"></span><span data-auto="list-item-single-line" class="list-item-single-line">Download the app</span></a></li><li class="list-header" role="menuitem">MORE FROM TESCO</li><li class="list-item"><a href="https://secure.tesco.com/clubcard/" role="menuitem" target="_blank"><span class="list-item-icon list-item-icon-left icon-clubcard-01"></span><span class="list-item-icon list-item-icon-right icon-link"></span><span data-auto="list-item-single-line" class="list-item-single-line">Clubcard account</span></a></li><li class="list-item"><a href="https://realfood.tesco.com/" role="menuitem" target="_blank"><span class="list-item-icon list-item-icon-left icon-real-food"></span><span class="list-item-icon list-item-icon-right icon-link"></span><span data-auto="list-item-single-line" class="list-item-single-line">Recipes</span></a></li><li class="list-item"><a href="https://www.tesco.com/store-locator/uk/?stop_mobi=yes" role="menuitem" target="_blank"><span class="list-item-icon list-item-icon-left icon-storefinder-blue"></span><span data-auto="list-item-single-line" class="list-item-single-line">Store locator</span></a></li><li class="list-item"><a href="https://www.tesco.com/direct" role="menuitem" target="_blank"><span class="list-item-icon list-item-icon-left icon-tesco-direct"></span><span class="list-item-icon list-item-icon-right icon-link"></span><span data-auto="list-item-single-line" class="list-item-single-line">Tesco Direct</span></a></li><li class="list-item"><a href="https://www.tesco.com/direct/clothing/" role="menuitem" target="_blank"><span class="list-item-icon list-item-icon-left icon-f-and-f"></span><span class="list-item-icon list-item-icon-right icon-link"></span><span data-auto="list-item-single-line" class="list-item-single-line">F&amp;F clothing</span></a></li><li class="list-header" role="menuitem">ABOUT THIS SITE</li><li class="list-item"><a href="https://www.tesco.com/groceries/en-GB/help" role="menuitem"><span class="list-item-icon list-item-icon-left icon-help-01"></span><span data-auto="list-item-single-line" class="list-item-single-line"><span><span aria-hidden="true">Help</span><span class="visually-hidden">Help with the groceries website</span></span></span></a></li><li class="list-item"><a href="https://www.tesco.com/help/contact/" role="menuitem"><span class="list-item-icon list-item-icon-left icon-email-large"></span><span data-auto="list-item-single-line" class="list-item-single-line">Contact us</span></a></li></ul></div></div></div><a aria-controls="nav" class="overlay-close" href="https://www.tesco.com/groceries/en-GB/shop/pets/all#"><span class="visually-hidden">Close</span></a></div></nav></div></div><div class="footer-wrapper"><footer class="footer"><div class="footer__upper"><div class="footer__header"><div class="footer__logo-wrapper"><svg class="beans-dynamic-logo__logo beans-tesco-logo__svg" preserveAspectRatio="xMinYMax meet" viewBox="0 0 121 35" xmlns="http://www.w3.org/2000/svg"><title>Tesco Home</title><defs><path d="M.218 6.389h23.973V.366H.218v6.023z" id="tesco-logo-a"></path><path d="M.376 6.389h23.973V.366H.376z" id="tesco-logo-c"></path><path d="M.11 6.389h23.972V.366H.11v6.023z" id="tesco-logo-e"></path><path d="M.267 6.389H24.24V.366H.267v6.023z" id="tesco-logo-g"></path><path d="M0 6.389h23.973V.366H0v6.023z" id="tesco-logo-i"></path></defs><g fill="none" fill-rule="evenodd"><path d="M84.647 0c2.538 0 4.735.31 6.5.777v5.405c-1.734-1.77-3.776-2.889-6.47-2.889-4.92 0-8.201 3.449-8.201 8.047 0 4.598 3.28 8.046 8.202 8.046 2.693 0 4.735-1.118 6.469-2.889v5.406c-1.765.466-3.962.807-6.5.807-8.512 0-14.671-4.256-14.671-11.37 0-7.115 6.16-11.34 14.67-11.34zM60.474 8.823c4.24.59 7.768 2.082 7.768 6.71 0 5.438-5.138 7.177-10.678 7.147-3.869-.032-7.15-.404-9.564-1.368v-4.877c3.436 2.237 6.964 2.951 9.564 2.951 2.693 0 5.17-.652 5.17-2.702s-2.291-2.548-6.996-3.263C51.683 12.8 48 11.06 47.968 7.052 47.939 1.647 53.046 0 57.936 0c3.158 0 6.222.373 9.038 1.305v5.25c-2.352-2.081-5.85-3.262-9.285-3.262-2.322 0-4.52.746-4.52 2.486 0 2.174 3.25 2.485 7.306 3.044zM37.136 18.92c2.507 0 6.685-.59 8.326-2.05v5.343H27.665c.866-1.025 1.02-1.709 1.02-3.79V4.256c0-2.081-.154-2.765-1.02-3.79h16.868V5.81c-1.64-1.46-5.819-2.05-8.326-2.05h-1.98v5.778h1.454c1.424 0 3.621-.062 5.076-.59v4.287c-1.455-.528-3.652-.59-5.076-.59h-1.455v6.275h2.91zM.984.466h24.42V5.81c-1.733-1.46-5.416-2.05-9.346-2.05v14.57c0 2.175.185 2.765 1.021 3.883h-7.77c.837-1.118 1.022-1.709 1.022-3.883V3.76c-3.93 0-7.614.59-9.347 2.05V.466zM106.48 19.386c-4.426 0-7.304-3.666-7.304-8.046 0-4.412 2.878-8.047 7.305-8.047 4.425 0 7.304 3.635 7.304 8.047 0 4.38-2.879 8.046-7.304 8.046m0-19.386C97.69 0 92.676 5.126 92.676 11.34c0 6.182 5.014 11.34 13.805 11.34 8.79 0 13.804-5.158 13.804-11.34 0-6.214-5.014-11.34-13.804-11.34" fill="#666666"></path><g transform="translate(95.9 27.755)"><mask fill="#fff" id="tesco-logo-b"><use xlink:href="#tesco-logo-a"></use></mask><path d="M9.37.366h14.747a.08.08 0 0 1 .04.01l.004.001a.055.055 0 0 1 .01.008c.028.028.03.085-.013.126a.153.153 0 0 1-.037.025l-.026.012c-1.713.784-4.008 3.173-4.008 3.173-1.715 1.636-3.001 2.668-5.744 2.668H.283C.24 6.39.22 6.35.217 6.31c0 0 0 .002 0 0a.09.09 0 0 1 .03-.066.422.422 0 0 1 .044-.032C1.835 5.346 4.14 2.948 4.14 2.948 5.084 1.828 6.969.366 9.37.366" fill="#666666" mask="url(#tesco-logo-b)"></path></g><g transform="translate(71.713 27.755)"><mask fill="#fff" id="tesco-logo-d"><use xlink:href="#tesco-logo-c"></use></mask><path d="M9.527.366h14.748a.08.08 0 0 1 .04.01l.003.001a.055.055 0 0 1 .01.008c.029.028.031.085-.013.126a.153.153 0 0 1-.036.025l-.026.012c-1.714.784-4.008 3.173-4.008 3.173C18.529 5.357 17.244 6.39 14.5 6.39H.44c-.04 0-.062-.039-.064-.08 0 0 0 .002 0 0a.09.09 0 0 1 .03-.066.422.422 0 0 1 .044-.032c1.543-.865 3.847-3.263 3.847-3.263.944-1.12 2.83-2.582 5.23-2.582" fill="#666666" mask="url(#tesco-logo-d)"></path></g><g transform="translate(47.95 27.755)"><mask fill="#fff" id="tesco-logo-f"><use xlink:href="#tesco-logo-e"></use></mask><path d="M9.26.366h14.748a.08.08 0 0 1 .04.01l.004.001a.055.055 0 0 1 .01.008c.028.028.03.085-.013.126a.153.153 0 0 1-.036.025l-.027.012c-1.713.784-4.008 3.173-4.008 3.173-1.715 1.636-3.001 2.668-5.744 2.668H.174c-.042 0-.063-.039-.065-.08 0 0 0 .002 0 0a.09.09 0 0 1 .03-.066.471.471 0 0 1 .044-.032c1.543-.865 3.848-3.263 3.848-3.263C4.975 1.828 6.86.366 9.261.366" fill="#666666" mask="url(#tesco-logo-f)"></path></g><g transform="translate(23.763 27.755)"><mask fill="#fff" id="tesco-logo-h"><use xlink:href="#tesco-logo-g"></use></mask><path d="M9.418.366h14.747a.08.08 0 0 1 .04.01l.004.001a.055.055 0 0 1 .01.008c.029.028.031.085-.013.126a.153.153 0 0 1-.036.025l-.026.012c-1.714.784-4.008 3.173-4.008 3.173-1.716 1.636-3.002 2.668-5.745 2.668H.331c-.04 0-.062-.039-.064-.08 0 0 0 .002 0 0a.09.09 0 0 1 .03-.066.422.422 0 0 1 .044-.032c1.543-.865 3.847-3.263 3.847-3.263.944-1.12 2.83-2.582 5.23-2.582" fill="#666666" mask="url(#tesco-logo-h)"></path></g><g transform="translate(0 27.755)"><mask fill="#fff" id="tesco-logo-j"><use xlink:href="#tesco-logo-i"></use></mask><path d="M9.152.366h14.747a.08.08 0 0 1 .04.01l.004.001a.055.055 0 0 1 .01.008c.028.028.03.085-.013.126a.153.153 0 0 1-.036.025l-.027.012c-1.713.784-4.008 3.173-4.008 3.173-1.715 1.636-3.001 2.668-5.744 2.668H.065C.022 6.39.001 6.35 0 6.31c0 0 0 .002 0 0a.09.09 0 0 1 .03-.066.422.422 0 0 1 .044-.032c1.543-.865 3.848-3.263 3.848-3.263C4.866 1.828 6.75.366 9.152.366" fill="#666666" mask="url(#tesco-logo-j)"></path></g></g></svg></div></div><section class="footer-list footer-list--closed footer:here-to-help"><h4 class="footer-list__title">Here to help<span class="footer-list__chevron icon-chevron_down-gray"></span></h4><ul class="footer-list__list"><li class="footer-list-item"><a href="https://secure.tesco.com/account/en-GB/manage" class="footer-link" rel="noreferrer" title="Will open in a new tab or window"><span class="footer-link__text">My Account</span></a></li><li class="footer-list-item"><a href="https://www.tesco.com/groceries/en-GB/orders" class="footer-link" rel="noreferrer"><span class="footer-link__text">My Grocery Orders</span></a></li><li class="footer-list-item"><a href="https://www.tesco.com/groceries/en-GB/help/" class="footer-link" rel="noreferrer" title="Will open in a new tab or window"><span class="footer-link__text"><span><span aria-hidden="true">Help</span><span class="visually-hidden">Help with the groceries website</span></span></span></a></li><li class="footer-list-item"><a href="https://www.tesco.com/productrecall/" class="footer-link" rel="noreferrer" title="Will open in a new tab or window"><span class="footer-link__text">Product Recall</span></a></li><li class="footer-list-item"><a href="https://www.tesco.com/help/privacy-and-cookies/privacy-centre/" class="footer-link" rel="noreferrer" title="Will open in a new tab or window"><span class="footer-link__text">Privacy centre</span></a></li></ul></section><section class="footer-list footer-list--closed footer:about"><h4 class="footer-list__title">About<span class="footer-list__chevron icon-chevron_down-gray"></span></h4><ul class="footer-list__list"><li class="footer-list-item"><a href="https://www.tesco.com/help/accessibility/" class="footer-link" rel="noreferrer" title="Will open in a new tab or window"><span class="footer-link__text">Accessibility</span></a></li><li class="footer-list-item"><a href="https://www.tesco.com/help/site-map/" class="footer-link" rel="noreferrer" title="Will open in a new tab or window"><span class="footer-link__text">Sitemap</span></a></li><li class="footer-list-item"><a href="https://www.tesco.com/help/privacy-and-cookies/privacy-centre/privacy-policy-information/privacy-policy/" class="footer-link" rel="noreferrer" title="Will open in a new tab or window"><span class="footer-link__text">Privacy &amp; cookies policy</span></a></li><li class="footer-list-item"><a href="https://www.tesco.com/help/terms-and-conditions/" class="footer-link" rel="noreferrer" title="Will open in a new tab or window"><span class="footer-link__text">General terms &amp; conditions</span></a></li><li class="footer-list-item"><a href="https://www.tesco.com/help/terms-and-conditions/grocery/" class="footer-link" rel="noreferrer" title="Will open in a new tab or window"><span class="footer-link__text">Product terms &amp; conditions</span></a></li><li class="footer-list-item"><a href="https://www.tesco.com/help/terms-and-conditions/#coupons" class="footer-link" rel="noreferrer" title="Will open in a new tab or window"><span class="footer-link__text">Coupon terms &amp; conditions</span></a></li></ul></section><section class="footer-list footer-list--closed footer:ways-to-save"><h4 class="footer-list__title">Ways to save<span class="footer-list__chevron icon-chevron_down-gray"></span></h4><ul class="footer-list__list"><li class="footer-list-item"><a href="https://www.tesco.com/deliverysaver/?=&amp;icid=Grocerywebfooter_DeliverySaver" class="footer-link" rel="noreferrer" title="Will open in a new tab or window"><span class="footer-link__text">Delivery Saver</span></a></li><li class="footer-list-item"><a href="https://secure.tesco.com/clubcard/" class="footer-link" rel="noreferrer" title="Will open in a new tab or window"><span class="icon icon-link-blue footer-link__icon"></span><span class="footer-link__text">Clubcard</span></a></li><li class="footer-list-item"><a href="https://www.tesco.com/groceries/en-GB/zone/tesco-delivery" class="footer-link" rel="noreferrer" title="Will open in a new tab or window"><span class="footer-link__text">Click+Collect</span></a></li><li class="footer-list-item"><a href="https://www.tesco.com/groceries/en-gb/buylists/clubcard-prices/top-picks" class="footer-link" rel="noreferrer" title="Will open in a new tab or window"><span class="footer-link__text">Clubcard prices</span></a></li></ul></section><section class="footer-list footer-list--closed footer:contact-us"><h4 class="footer-list__title">Contact us<span class="footer-list__chevron icon-chevron_down-gray"></span></h4><ul class="footer-list__list"><li class="footer-list-item"><a href="https://www.tesco.com/" class="footer-link" rel="noreferrer" title="Will open in a new tab or window"><span class="icon icon-link-blue footer-link__icon"></span><span class="footer-link__text">Tesco.com</span></a></li><li class="footer-list-item"><a href="https://www.tesco.com/store-locator/uk/" class="footer-link" rel="noreferrer" title="Will open in a new tab or window"><span class="icon icon-storefinder-blue footer-link__icon"></span><span class="footer-link__text">Store locator</span></a></li><li class="footer-list-item"><a href="tel:08003234040" class="footer-link" rel="noreferrer" title="Will open in a new tab or window"><span class="icon icon-phone-blue footer-link__icon"></span><span class="footer-link__text">0800 323 4040</span></a></li><li class="footer-list-item"><a href="tel:03301234040" class="footer-link" rel="noreferrer" title="Will open in a new tab or window"><span class="icon icon-phone-blue footer-link__icon"></span><span class="footer-link__text">0330 123 4040</span></a></li><li class="footer-list-item display-only-in-js"><a href="https://www.tesco.com/groceries/en-GB/#!" class="footer-link" rel="noreferrer"><span class="icon icon-feedback-blue footer-link__icon"></span><span class="footer-link__text">Feedback</span></a></li></ul></section><div class="footer__centered"><div class="footer__tagline icon-strapline"></div><div class="footer__copyright">© Tesco.com 2022 All rights reserved</div></div></div><div class="footer__lower"><div class="footer-logo"><div class="footer-logo__payments-container"><div class="icon-list footer-logo__card-icons"><ul class="icon-list horizontal" title="Cards accepted: Visa, Mastercard, American Express"><li class="icon icon__card icon__card--visa"><span class="visually-hidden">Visa</span></li><li class="icon icon__card icon__card--mastercard"><span class="visually-hidden">Mastercard</span></li><li class="icon icon__card icon__card--american-express"><span class="visually-hidden">American Express</span></li></ul></div><div class="icon-list footer-logo__3ds-icons"><ul class="icon-list horizontal"><li class="icon icon__card icon__verified_by_visa" title="Verified By Visa"><span class="visually-hidden">Verified By Visa</span></li><li class="icon icon__card icon__mastercard_securecode" title="Mastercard SecureCode"><span class="visually-hidden">Mastercard Securecode</span></li><li class="icon icon__card icon__american_express_safekey" title="American Express Safekey"><span class="visually-hidden">American Express Safekey</span></li></ul></div></div></div></div></footer></div></div></div></div>
    <script type="application/json" data-dependencies="deferred">["\u002Fgroceries\u002Fweb-assets\u002Fregions\u002FUK-554ab7b42e.en-GB.js","\u002Fgroceries\u002Fweb-assets\u002Fstatic-vendor.bundle.07a529d39fa55b5a4b98.js","\u002Fgroceries\u002Fweb-assets\u002Fstatic-common.bundle.926c5e26d972ffce7b3f.js"]</script>
    <script type="application/json" data-dependencies="deferred">["\u002Fgroceries\u002Fweb-assets\u002Fstatic-categories.bundle.64935db59419f99294a0.js"]</script>
    <script type="application/json" data-dependencies="late">["https:\u002F\u002Fwww.googletagmanager.com\u002Fgtm.js?id=GTM-MGZTXQJ","https:\u002F\u002Fpagead2.googlesyndication.com\u002Ftag\u002Fjs\u002Fgpt.js"]</script>
  
<noscript><img src="https://www.tesco.com/akam/13/pixel_b7a69ef?a=dD03NTJjZDgxZGRlODY3ODBmZTk5YjZiNmYzMWZkYTlmMTUyNDQ2NTJjJmpzPW9mZg==" style="visibility: hidden; position: absolute; left: -999px; top: -999px;" /></noscript><script type="text/javascript" nonce="" src="./tesco_html_brand_petcare_files/nDFtrLVcB"></script>

<div>
    <link href="./tesco_html_brand_petcare_files/UK-9c7463c43f.css" rel="stylesheet" type="text/css" media="all">
     <link href="./tesco_html_brand_petcare_files/icons-5ce5faef11.css" rel="stylesheet" type="text/css" media="all">
  </div><script type="text/javascript" id="" src="./tesco_html_brand_petcare_files/gtmScriptsExpFalse.js.download"></script><iframe src="./tesco_html_brand_petcare_files/container(1).html" style="visibility: hidden; display: none;"></iframe></body></html>