<!DOCTYPE html>
<!-- saved from url=(0053)https://www.tesco.com/groceries/en-GB/shop/drinks/all -->
<html class="js supports no-touchevents flexbox flexboxlegacy csstransforms csstransforms3d csstransitions no-ios8 no-ie" lang="en" data-base-static-url="/groceries/web-assets" style=""><head><meta http-equiv="Content-Type" content="text/html; charset=UTF-8">
    <meta name="sentry-trace" content="94e5a4a40dcd49d29da0d1553a3a5b3b">
    
    <meta http-equiv="X-UA-Compatible" content="IE=edge">
    <meta http-equiv="content-language" content="en-GB">
      <script type="text/javascript" src="./tesco_html_brand_drinks_files/NRBR-308508e60a7edd4c486"></script><script src="./tesco_html_brand_drinks_files/nr-spa-1216.min.js.download"></script><script type="text/javascript" nonce="">
  window.NREUM || (NREUM={});
  window.NREUM.init = {
    distributed_tracing: { enabled: true },
    privacy: { cookies_enabled: false },
    ajax: { deny_list: ["bam.nr-data.net"] }
  };
  window.NREUM.loader_config = {
    accountID: "3512954",
    trustKey: "3296235",
    agentID: "1134246125",
    licenseKey: "NRBR-308508e60a7edd4c486",
    applicationID: "1134246125",
  };
  window.NREUM.info = {
    beacon: "bam.nr-data.net",
    errorBeacon: "bam.nr-data.net",
    licenseKey: "NRBR-308508e60a7edd4c486",
    applicationID: "1134246125",
    sa: 1,
  };
  </script>
      <script type="text/javascript" nonce="">window.NREUM||(window.NREUM={}),window.__nr_require=function(t,e,n){function r(n){if(!e[n]){var o=e[n]={exports:{}};t[n][0].call(o.exports,function(e){var o=t[n][1][e];return r(o||e)},o,o.exports)}return e[n].exports}if("function"==typeof __nr_require)return __nr_require;for(var o=0;o<n.length;o++)r(n[o]);return r}({1:[function(t,e,n){function r(t){try{s.console&&console.log(t)}catch(e){}}var o,i=t("ee"),a=t(31),s={};try{o=localStorage.getItem("__nr_flags").split(","),console&&"function"==typeof console.log&&(s.console=!0,o.indexOf("dev")!==-1&&(s.dev=!0),o.indexOf("nr_dev")!==-1&&(s.nrDev=!0))}catch(c){}s.nrDev&&i.on("internal-error",function(t){r(t.stack)}),s.dev&&i.on("fn-err",function(t,e,n){r(n.stack)}),s.dev&&(r("NR AGENT IN DEVELOPMENT MODE"),r("flags: "+a(s,function(t,e){return t}).join(", ")))},{}],2:[function(t,e,n){function r(t,e,n,r,s){try{l?l-=1:o(s||new UncaughtException(t,e,n),!0)}catch(f){try{i("ierr",[f,c.now(),!0])}catch(d){}}return"function"==typeof u&&u.apply(this,a(arguments))}function UncaughtException(t,e,n){this.message=t||"Uncaught error with no additional information",this.sourceURL=e,this.line=n}function o(t,e){var n=e?null:c.now();i("err",[t,n])}var i=t("handle"),a=t(32),s=t("ee"),c=t("loader"),f=t("gos"),u=window.onerror,d=!1,p="nr@seenError";if(!c.disabled){var l=0;c.features.err=!0,t(1),window.onerror=r;try{throw new Error}catch(h){"stack"in h&&(t(14),t(13),"addEventListener"in window&&t(7),c.xhrWrappable&&t(15),d=!0)}s.on("fn-start",function(t,e,n){d&&(l+=1)}),s.on("fn-err",function(t,e,n){d&&!n[p]&&(f(n,p,function(){return!0}),this.thrown=!0,o(n))}),s.on("fn-end",function(){d&&!this.thrown&&l>0&&(l-=1)}),s.on("internal-error",function(t){i("ierr",[t,c.now(),!0])})}},{}],3:[function(t,e,n){var r=t("loader");r.disabled||(r.features.ins=!0)},{}],4:[function(t,e,n){function r(){U++,L=g.hash,this[u]=y.now()}function o(){U--,g.hash!==L&&i(0,!0);var t=y.now();this[h]=~~this[h]+t-this[u],this[d]=t}function i(t,e){E.emit("newURL",[""+g,e])}function a(t,e){t.on(e,function(){this[e]=y.now()})}var s="-start",c="-end",f="-body",u="fn"+s,d="fn"+c,p="cb"+s,l="cb"+c,h="jsTime",m="fetch",v="addEventListener",w=window,g=w.location,y=t("loader");if(w[v]&&y.xhrWrappable&&!y.disabled){var x=t(11),b=t(12),E=t(9),R=t(7),O=t(14),T=t(8),S=t(15),P=t(10),M=t("ee"),C=M.get("tracer"),N=t(23);t(17),y.features.spa=!0;var L,U=0;M.on(u,r),b.on(p,r),P.on(p,r),M.on(d,o),b.on(l,o),P.on(l,o),M.buffer([u,d,"xhr-resolved"]),R.buffer([u]),O.buffer(["setTimeout"+c,"clearTimeout"+s,u]),S.buffer([u,"new-xhr","send-xhr"+s]),T.buffer([m+s,m+"-done",m+f+s,m+f+c]),E.buffer(["newURL"]),x.buffer([u]),b.buffer(["propagate",p,l,"executor-err","resolve"+s]),C.buffer([u,"no-"+u]),P.buffer(["new-jsonp","cb-start","jsonp-error","jsonp-end"]),a(T,m+s),a(T,m+"-done"),a(P,"new-jsonp"),a(P,"jsonp-end"),a(P,"cb-start"),E.on("pushState-end",i),E.on("replaceState-end",i),w[v]("hashchange",i,N(!0)),w[v]("load",i,N(!0)),w[v]("popstate",function(){i(0,U>1)},N(!0))}},{}],5:[function(t,e,n){function r(){var t=new PerformanceObserver(function(t,e){var n=t.getEntries();s(v,[n])});try{t.observe({entryTypes:["resource"]})}catch(e){}}function o(t){if(s(v,[window.performance.getEntriesByType(w)]),window.performance["c"+p])try{window.performance[h](m,o,!1)}catch(t){}else try{window.performance[h]("webkit"+m,o,!1)}catch(t){}}function i(t){}if(window.performance&&window.performance.timing&&window.performance.getEntriesByType){var a=t("ee"),s=t("handle"),c=t(14),f=t(13),u=t(6),d=t(23),p="learResourceTimings",l="addEventListener",h="removeEventListener",m="resourcetimingbufferfull",v="bstResource",w="resource",g="-start",y="-end",x="fn"+g,b="fn"+y,E="bstTimer",R="pushState",O=t("loader");if(!O.disabled){O.features.stn=!0,t(9),"addEventListener"in window&&t(7);var T=NREUM.o.EV;a.on(x,function(t,e){var n=t[0];n instanceof T&&(this.bstStart=O.now())}),a.on(b,function(t,e){var n=t[0];n instanceof T&&s("bst",[n,e,this.bstStart,O.now()])}),c.on(x,function(t,e,n){this.bstStart=O.now(),this.bstType=n}),c.on(b,function(t,e){s(E,[e,this.bstStart,O.now(),this.bstType])}),f.on(x,function(){this.bstStart=O.now()}),f.on(b,function(t,e){s(E,[e,this.bstStart,O.now(),"requestAnimationFrame"])}),a.on(R+g,function(t){this.time=O.now(),this.startPath=location.pathname+location.hash}),a.on(R+y,function(t){s("bstHist",[location.pathname+location.hash,this.startPath,this.time])}),u()?(s(v,[window.performance.getEntriesByType("resource")]),r()):l in window.performance&&(window.performance["c"+p]?window.performance[l](m,o,d(!1)):window.performance[l]("webkit"+m,o,d(!1))),document[l]("scroll",i,d(!1)),document[l]("keypress",i,d(!1)),document[l]("click",i,d(!1))}}},{}],6:[function(t,e,n){e.exports=function(){return"PerformanceObserver"in window&&"function"==typeof window.PerformanceObserver}},{}],7:[function(t,e,n){function r(t){for(var e=t;e&&!e.hasOwnProperty(u);)e=Object.getPrototypeOf(e);e&&o(e)}function o(t){s.inPlace(t,[u,d],"-",i)}function i(t,e){return t[1]}var a=t("ee").get("events"),s=t("wrap-function")(a,!0),c=t("gos"),f=XMLHttpRequest,u="addEventListener",d="removeEventListener";e.exports=a,"getPrototypeOf"in Object?(r(document),r(window),r(f.prototype)):f.prototype.hasOwnProperty(u)&&(o(window),o(f.prototype)),a.on(u+"-start",function(t,e){var n=t[1];if(null!==n&&("function"==typeof n||"object"==typeof n)){var r=c(n,"nr@wrapped",function(){function t(){if("function"==typeof n.handleEvent)return n.handleEvent.apply(n,arguments)}var e={object:t,"function":n}[typeof n];return e?s(e,"fn-",null,e.name||"anonymous"):n});this.wrapped=t[1]=r}}),a.on(d+"-start",function(t){t[1]=this.wrapped||t[1]})},{}],8:[function(t,e,n){function r(t,e,n){var r=t[e];"function"==typeof r&&(t[e]=function(){var t=i(arguments),e={};o.emit(n+"before-start",[t],e);var a;e[m]&&e[m].dt&&(a=e[m].dt);var s=r.apply(this,t);return o.emit(n+"start",[t,a],s),s.then(function(t){return o.emit(n+"end",[null,t],s),t},function(t){throw o.emit(n+"end",[t],s),t})})}var o=t("ee").get("fetch"),i=t(32),a=t(31);e.exports=o;var s=window,c="fetch-",f=c+"body-",u=["arrayBuffer","blob","json","text","formData"],d=s.Request,p=s.Response,l=s.fetch,h="prototype",m="nr@context";d&&p&&l&&(a(u,function(t,e){r(d[h],e,f),r(p[h],e,f)}),r(s,"fetch",c),o.on(c+"end",function(t,e){var n=this;if(e){var r=e.headers.get("content-length");null!==r&&(n.rxSize=r),o.emit(c+"done",[null,e],n)}else o.emit(c+"done",[t],n)}))},{}],9:[function(t,e,n){var r=t("ee").get("history"),o=t("wrap-function")(r);e.exports=r;var i=window.history&&window.history.constructor&&window.history.constructor.prototype,a=window.history;i&&i.pushState&&i.replaceState&&(a=i),o.inPlace(a,["pushState","replaceState"],"-")},{}],10:[function(t,e,n){function r(t){function e(){f.emit("jsonp-end",[],l),t.removeEventListener("load",e,c(!1)),t.removeEventListener("error",n,c(!1))}function n(){f.emit("jsonp-error",[],l),f.emit("jsonp-end",[],l),t.removeEventListener("load",e,c(!1)),t.removeEventListener("error",n,c(!1))}var r=t&&"string"==typeof t.nodeName&&"script"===t.nodeName.toLowerCase();if(r){var o="function"==typeof t.addEventListener;if(o){var a=i(t.src);if(a){var d=s(a),p="function"==typeof d.parent[d.key];if(p){var l={};u.inPlace(d.parent,[d.key],"cb-",l),t.addEventListener("load",e,c(!1)),t.addEventListener("error",n,c(!1)),f.emit("new-jsonp",[t.src],l)}}}}}function o(){return"addEventListener"in window}function i(t){var e=t.match(d);return e?e[1]:null}function a(t,e){var n=t.match(l),r=n[1],o=n[3];return o?a(o,e[r]):e[r]}function s(t){var e=t.match(p);return e&&e.length>=3?{key:e[2],parent:a(e[1],window)}:{key:t,parent:window}}var c=t(23),f=t("ee").get("jsonp"),u=t("wrap-function")(f);if(e.exports=f,o()){var d=/[?&](?:callback|cb)=([^&#]+)/,p=/(.*)\.([^.]+)/,l=/^(\w+)(\.|$)(.*)$/,h=["appendChild","insertBefore","replaceChild"];Node&&Node.prototype&&Node.prototype.appendChild?u.inPlace(Node.prototype,h,"dom-"):(u.inPlace(HTMLElement.prototype,h,"dom-"),u.inPlace(HTMLHeadElement.prototype,h,"dom-"),u.inPlace(HTMLBodyElement.prototype,h,"dom-")),f.on("dom-start",function(t){r(t[0])})}},{}],11:[function(t,e,n){var r=t("ee").get("mutation"),o=t("wrap-function")(r),i=NREUM.o.MO;e.exports=r,i&&(window.MutationObserver=function(t){return this instanceof i?new i(o(t,"fn-")):i.apply(this,arguments)},MutationObserver.prototype=i.prototype)},{}],12:[function(t,e,n){function r(t){var e=i.context(),n=s(t,"executor-",e,null,!1),r=new f(n);return i.context(r).getCtx=function(){return e},r}var o=t("wrap-function"),i=t("ee").get("promise"),a=t("ee").getOrSetContext,s=o(i),c=t(31),f=NREUM.o.PR;e.exports=i,f&&(window.Promise=r,["all","race"].forEach(function(t){var e=f[t];f[t]=function(n){function r(t){return function(){i.emit("propagate",[null,!o],a,!1,!1),o=o||!t}}var o=!1;c(n,function(e,n){Promise.resolve(n).then(r("all"===t),r(!1))});var a=e.apply(f,arguments),s=f.resolve(a);return s}}),["resolve","reject"].forEach(function(t){var e=f[t];f[t]=function(t){var n=e.apply(f,arguments);return t!==n&&i.emit("propagate",[t,!0],n,!1,!1),n}}),f.prototype["catch"]=function(t){return this.then(null,t)},f.prototype=Object.create(f.prototype,{constructor:{value:r}}),c(Object.getOwnPropertyNames(f),function(t,e){try{r[e]=f[e]}catch(n){}}),o.wrapInPlace(f.prototype,"then",function(t){return function(){var e=this,n=o.argsToArray.apply(this,arguments),r=a(e);r.promise=e,n[0]=s(n[0],"cb-",r,null,!1),n[1]=s(n[1],"cb-",r,null,!1);var c=t.apply(this,n);return r.nextPromise=c,i.emit("propagate",[e,!0],c,!1,!1),c}}),i.on("executor-start",function(t){t[0]=s(t[0],"resolve-",this,null,!1),t[1]=s(t[1],"resolve-",this,null,!1)}),i.on("executor-err",function(t,e,n){t[1](n)}),i.on("cb-end",function(t,e,n){i.emit("propagate",[n,!0],this.nextPromise,!1,!1)}),i.on("propagate",function(t,e,n){this.getCtx&&!e||(this.getCtx=function(){if(t instanceof Promise)var e=i.context(t);return e&&e.getCtx?e.getCtx():this})}),r.toString=function(){return""+f})},{}],13:[function(t,e,n){var r=t("ee").get("raf"),o=t("wrap-function")(r),i="equestAnimationFrame";e.exports=r,o.inPlace(window,["r"+i,"mozR"+i,"webkitR"+i,"msR"+i],"raf-"),r.on("raf-start",function(t){t[0]=o(t[0],"fn-")})},{}],14:[function(t,e,n){function r(t,e,n){t[0]=a(t[0],"fn-",null,n)}function o(t,e,n){this.method=n,this.timerDuration=isNaN(t[1])?0:+t[1],t[0]=a(t[0],"fn-",this,n)}var i=t("ee").get("timer"),a=t("wrap-function")(i),s="setTimeout",c="setInterval",f="clearTimeout",u="-start",d="-";e.exports=i,a.inPlace(window,[s,"setImmediate"],s+d),a.inPlace(window,[c],c+d),a.inPlace(window,[f,"clearImmediate"],f+d),i.on(c+u,r),i.on(s+u,o)},{}],15:[function(t,e,n){function r(t,e){d.inPlace(e,["onreadystatechange"],"fn-",s)}function o(){var t=this,e=u.context(t);t.readyState>3&&!e.resolved&&(e.resolved=!0,u.emit("xhr-resolved",[],t)),d.inPlace(t,y,"fn-",s)}function i(t){x.push(t),m&&(E?E.then(a):w?w(a):(R=-R,O.data=R))}function a(){for(var t=0;t<x.length;t++)r([],x[t]);x.length&&(x=[])}function s(t,e){return e}function c(t,e){for(var n in t)e[n]=t[n];return e}t(7);var f=t("ee"),u=f.get("xhr"),d=t("wrap-function")(u),p=t(23),l=NREUM.o,h=l.XHR,m=l.MO,v=l.PR,w=l.SI,g="readystatechange",y=["onload","onerror","onabort","onloadstart","onloadend","onprogress","ontimeout"],x=[];e.exports=u;var b=window.XMLHttpRequest=function(t){var e=new h(t);try{u.emit("new-xhr",[e],e),e.addEventListener(g,o,p(!1))}catch(n){try{u.emit("internal-error",[n])}catch(r){}}return e};if(c(h,b),b.prototype=h.prototype,d.inPlace(b.prototype,["open","send"],"-xhr-",s),u.on("send-xhr-start",function(t,e){r(t,e),i(e)}),u.on("open-xhr-start",r),m){var E=v&&v.resolve();if(!w&&!v){var R=1,O=document.createTextNode(R);new m(a).observe(O,{characterData:!0})}}else f.on("fn-end",function(t){t[0]&&t[0].type===g||a()})},{}],16:[function(t,e,n){function r(t){if(!s(t))return null;var e=window.NREUM;if(!e.loader_config)return null;var n=(e.loader_config.accountID||"").toString()||null,r=(e.loader_config.agentID||"").toString()||null,f=(e.loader_config.trustKey||"").toString()||null;if(!n||!r)return null;var h=l.generateSpanId(),m=l.generateTraceId(),v=Date.now(),w={spanId:h,traceId:m,timestamp:v};return(t.sameOrigin||c(t)&&p())&&(w.traceContextParentHeader=o(h,m),w.traceContextStateHeader=i(h,v,n,r,f)),(t.sameOrigin&&!u()||!t.sameOrigin&&c(t)&&d())&&(w.newrelicHeader=a(h,m,v,n,r,f)),w}function o(t,e){return"00-"+e+"-"+t+"-01"}function i(t,e,n,r,o){var i=0,a="",s=1,c="",f="";return o+"@nr="+i+"-"+s+"-"+n+"-"+r+"-"+t+"-"+a+"-"+c+"-"+f+"-"+e}function a(t,e,n,r,o,i){var a="btoa"in window&&"function"==typeof window.btoa;if(!a)return null;var s={v:[0,1],d:{ty:"Browser",ac:r,ap:o,id:t,tr:e,ti:n}};return i&&r!==i&&(s.d.tk=i),btoa(JSON.stringify(s))}function s(t){return f()&&c(t)}function c(t){var e=!1,n={};if("init"in NREUM&&"distributed_tracing"in NREUM.init&&(n=NREUM.init.distributed_tracing),t.sameOrigin)e=!0;else if(n.allowed_origins instanceof Array)for(var r=0;r<n.allowed_origins.length;r++){var o=h(n.allowed_origins[r]);if(t.hostname===o.hostname&&t.protocol===o.protocol&&t.port===o.port){e=!0;break}}return e}function f(){return"init"in NREUM&&"distributed_tracing"in NREUM.init&&!!NREUM.init.distributed_tracing.enabled}function u(){return"init"in NREUM&&"distributed_tracing"in NREUM.init&&!!NREUM.init.distributed_tracing.exclude_newrelic_header}function d(){return"init"in NREUM&&"distributed_tracing"in NREUM.init&&NREUM.init.distributed_tracing.cors_use_newrelic_header!==!1}function p(){return"init"in NREUM&&"distributed_tracing"in NREUM.init&&!!NREUM.init.distributed_tracing.cors_use_tracecontext_headers}var l=t(28),h=t(18);e.exports={generateTracePayload:r,shouldGenerateTrace:s}},{}],17:[function(t,e,n){function r(t){var e=this.params,n=this.metrics;if(!this.ended){this.ended=!0;for(var r=0;r<p;r++)t.removeEventListener(d[r],this.listener,!1);return e.protocol&&"data"===e.protocol?void g("Ajax/DataUrl/Excluded"):void(e.aborted||(n.duration=a.now()-this.startTime,this.loadCaptureCalled||4!==t.readyState?null==e.status&&(e.status=0):i(this,t),n.cbTime=this.cbTime,s("xhr",[e,n,this.startTime,this.endTime,"xhr"],this)))}}function o(t,e){var n=c(e),r=t.params;r.hostname=n.hostname,r.port=n.port,r.protocol=n.protocol,r.host=n.hostname+":"+n.port,r.pathname=n.pathname,t.parsedOrigin=n,t.sameOrigin=n.sameOrigin}function i(t,e){t.params.status=e.status;var n=v(e,t.lastSize);if(n&&(t.metrics.rxSize=n),t.sameOrigin){var r=e.getResponseHeader("X-NewRelic-App-Data");r&&(t.params.cat=r.split(", ").pop())}t.loadCaptureCalled=!0}var a=t("loader");if(a.xhrWrappable&&!a.disabled){var s=t("handle"),c=t(18),f=t(16).generateTracePayload,u=t("ee"),d=["load","error","abort","timeout"],p=d.length,l=t("id"),h=t(24),m=t(22),v=t(19),w=t(23),g=t(25).recordSupportability,y=NREUM.o.REQ,x=window.XMLHttpRequest;a.features.xhr=!0,t(15),t(8),u.on("new-xhr",function(t){var e=this;e.totalCbs=0,e.called=0,e.cbTime=0,e.end=r,e.ended=!1,e.xhrGuids={},e.lastSize=null,e.loadCaptureCalled=!1,e.params=this.params||{},e.metrics=this.metrics||{},t.addEventListener("load",function(n){i(e,t)},w(!1)),h&&(h>34||h<10)||t.addEventListener("progress",function(t){e.lastSize=t.loaded},w(!1))}),u.on("open-xhr-start",function(t){this.params={method:t[0]},o(this,t[1]),this.metrics={}}),u.on("open-xhr-end",function(t,e){"loader_config"in NREUM&&"xpid"in NREUM.loader_config&&this.sameOrigin&&e.setRequestHeader("X-NewRelic-ID",NREUM.loader_config.xpid);var n=f(this.parsedOrigin);if(n){var r=!1;n.newrelicHeader&&(e.setRequestHeader("newrelic",n.newrelicHeader),r=!0),n.traceContextParentHeader&&(e.setRequestHeader("traceparent",n.traceContextParentHeader),n.traceContextStateHeader&&e.setRequestHeader("tracestate",n.traceContextStateHeader),r=!0),r&&(this.dt=n)}}),u.on("send-xhr-start",function(t,e){var n=this.metrics,r=t[0],o=this;if(n&&r){var i=m(r);i&&(n.txSize=i)}this.startTime=a.now(),this.listener=function(t){try{"abort"!==t.type||o.loadCaptureCalled||(o.params.aborted=!0),("load"!==t.type||o.called===o.totalCbs&&(o.onloadCalled||"function"!=typeof e.onload))&&o.end(e)}catch(n){try{u.emit("internal-error",[n])}catch(r){}}};for(var s=0;s<p;s++)e.addEventListener(d[s],this.listener,w(!1))}),u.on("xhr-cb-time",function(t,e,n){this.cbTime+=t,e?this.onloadCalled=!0:this.called+=1,this.called!==this.totalCbs||!this.onloadCalled&&"function"==typeof n.onload||this.end(n)}),u.on("xhr-load-added",function(t,e){var n=""+l(t)+!!e;this.xhrGuids&&!this.xhrGuids[n]&&(this.xhrGuids[n]=!0,this.totalCbs+=1)}),u.on("xhr-load-removed",function(t,e){var n=""+l(t)+!!e;this.xhrGuids&&this.xhrGuids[n]&&(delete this.xhrGuids[n],this.totalCbs-=1)}),u.on("xhr-resolved",function(){this.endTime=a.now()}),u.on("addEventListener-end",function(t,e){e instanceof x&&"load"===t[0]&&u.emit("xhr-load-added",[t[1],t[2]],e)}),u.on("removeEventListener-end",function(t,e){e instanceof x&&"load"===t[0]&&u.emit("xhr-load-removed",[t[1],t[2]],e)}),u.on("fn-start",function(t,e,n){e instanceof x&&("onload"===n&&(this.onload=!0),("load"===(t[0]&&t[0].type)||this.onload)&&(this.xhrCbStart=a.now()))}),u.on("fn-end",function(t,e){this.xhrCbStart&&u.emit("xhr-cb-time",[a.now()-this.xhrCbStart,this.onload,e],e)}),u.on("fetch-before-start",function(t){function e(t,e){var n=!1;return e.newrelicHeader&&(t.set("newrelic",e.newrelicHeader),n=!0),e.traceContextParentHeader&&(t.set("traceparent",e.traceContextParentHeader),e.traceContextStateHeader&&t.set("tracestate",e.traceContextStateHeader),n=!0),n}var n,r=t[1]||{};"string"==typeof t[0]?n=t[0]:t[0]&&t[0].url?n=t[0].url:window.URL&&t[0]&&t[0]instanceof URL&&(n=t[0].href),n&&(this.parsedOrigin=c(n),this.sameOrigin=this.parsedOrigin.sameOrigin);var o=f(this.parsedOrigin);if(o&&(o.newrelicHeader||o.traceContextParentHeader))if("string"==typeof t[0]||window.URL&&t[0]&&t[0]instanceof URL){var i={};for(var a in r)i[a]=r[a];i.headers=new Headers(r.headers||{}),e(i.headers,o)&&(this.dt=o),t.length>1?t[1]=i:t.push(i)}else t[0]&&t[0].headers&&e(t[0].headers,o)&&(this.dt=o)}),u.on("fetch-start",function(t,e){this.params={},this.metrics={},this.startTime=a.now(),this.dt=e,t.length>=1&&(this.target=t[0]),t.length>=2&&(this.opts=t[1]);var n,r=this.opts||{},i=this.target;if("string"==typeof i?n=i:"object"==typeof i&&i instanceof y?n=i.url:window.URL&&"object"==typeof i&&i instanceof URL&&(n=i.href),o(this,n),"data"!==this.params.protocol){var s=(""+(i&&i instanceof y&&i.method||r.method||"GET")).toUpperCase();this.params.method=s,this.txSize=m(r.body)||0}}),u.on("fetch-done",function(t,e){if(this.endTime=a.now(),this.params||(this.params={}),"data"===this.params.protocol)return void g("Ajax/DataUrl/Excluded");this.params.status=e?e.status:0;var n;"string"==typeof this.rxSize&&this.rxSize.length>0&&(n=+this.rxSize);var r={txSize:this.txSize,rxSize:n,duration:a.now()-this.startTime};s("xhr",[this.params,r,this.startTime,this.endTime,"fetch"],this)})}},{}],18:[function(t,e,n){var r={};e.exports=function(t){if(t in r)return r[t];if(0===(t||"").indexOf("data:"))return{protocol:"data"};var e=document.createElement("a"),n=window.location,o={};e.href=t,o.port=e.port;var i=e.href.split("://");!o.port&&i[1]&&(o.port=i[1].split("/")[0].split("@").pop().split(":")[1]),o.port&&"0"!==o.port||(o.port="https"===i[0]?"443":"80"),o.hostname=e.hostname||n.hostname,o.pathname=e.pathname,o.protocol=i[0],"/"!==o.pathname.charAt(0)&&(o.pathname="/"+o.pathname);var a=!e.protocol||":"===e.protocol||e.protocol===n.protocol,s=e.hostname===document.domain&&e.port===n.port;return o.sameOrigin=a&&(!e.hostname||s),"/"===o.pathname&&(r[t]=o),o}},{}],19:[function(t,e,n){function r(t,e){var n=t.responseType;return"json"===n&&null!==e?e:"arraybuffer"===n||"blob"===n||"json"===n?o(t.response):"text"===n||""===n||void 0===n?o(t.responseText):void 0}var o=t(22);e.exports=r},{}],20:[function(t,e,n){function r(){}function o(t,e,n,r){return function(){return u.recordSupportability("API/"+e+"/called"),i(t+e,[f.now()].concat(s(arguments)),n?null:this,r),n?void 0:this}}var i=t("handle"),a=t(31),s=t(32),c=t("ee").get("tracer"),f=t("loader"),u=t(25),d=NREUM;"undefined"==typeof window.newrelic&&(window.newrelic=d);var p=["setPageViewName","setCustomAttribute","setErrorHandler","finished","addToTrace","inlineHit","addRelease"],l="api-",h=l+"ixn-";a(p,function(t,e){d[e]=o(l,e,!0,"api")}),d.addPageAction=o(l,"addPageAction",!0),d.setCurrentRouteName=o(l,"routeName",!0),e.exports=newrelic,d.interaction=function(){return(new r).get()};var m=r.prototype={createTracer:function(t,e){var n={},r=this,o="function"==typeof e;return i(h+"tracer",[f.now(),t,n],r),function(){if(c.emit((o?"":"no-")+"fn-start",[f.now(),r,o],n),o)try{return e.apply(this,arguments)}catch(t){throw c.emit("fn-err",[arguments,this,t],n),t}finally{c.emit("fn-end",[f.now()],n)}}}};a("actionText,setName,setAttribute,save,ignore,onEnd,getContext,end,get".split(","),function(t,e){m[e]=o(h,e)}),newrelic.noticeError=function(t,e){"string"==typeof t&&(t=new Error(t)),u.recordSupportability("API/noticeError/called"),i("err",[t,f.now(),!1,e])}},{}],21:[function(t,e,n){function r(t){if(NREUM.init){for(var e=NREUM.init,n=t.split("."),r=0;r<n.length-1;r++)if(e=e[n[r]],"object"!=typeof e)return;return e=e[n[n.length-1]]}}e.exports={getConfiguration:r}},{}],22:[function(t,e,n){e.exports=function(t){if("string"==typeof t&&t.length)return t.length;if("object"==typeof t){if("undefined"!=typeof ArrayBuffer&&t instanceof ArrayBuffer&&t.byteLength)return t.byteLength;if("undefined"!=typeof Blob&&t instanceof Blob&&t.size)return t.size;if(!("undefined"!=typeof FormData&&t instanceof FormData))try{return JSON.stringify(t).length}catch(e){return}}}},{}],23:[function(t,e,n){var r=!1;try{var o=Object.defineProperty({},"passive",{get:function(){r=!0}});window.addEventListener("testPassive",null,o),window.removeEventListener("testPassive",null,o)}catch(i){}e.exports=function(t){return r?{passive:!0,capture:!!t}:!!t}},{}],24:[function(t,e,n){var r=0,o=navigator.userAgent.match(/Firefox[\/\s](\d+\.\d+)/);o&&(r=+o[1]),e.exports=r},{}],25:[function(t,e,n){function r(t,e){var n=[a,t,{name:t},e];return i("storeMetric",n,null,"api"),n}function o(t,e){var n=[s,t,{name:t},e];return i("storeEventMetrics",n,null,"api"),n}var i=t("handle"),a="sm",s="cm";e.exports={constants:{SUPPORTABILITY_METRIC:a,CUSTOM_METRIC:s},recordSupportability:r,recordCustom:o}},{}],26:[function(t,e,n){function r(){return s.exists&&performance.now?Math.round(performance.now()):(i=Math.max((new Date).getTime(),i))-a}function o(){return i}var i=(new Date).getTime(),a=i,s=t(33);e.exports=r,e.exports.offset=a,e.exports.getLastTimestamp=o},{}],27:[function(t,e,n){function r(t,e){var n=t.getEntries();n.forEach(function(t){"first-paint"===t.name?l("timing",["fp",Math.floor(t.startTime)]):"first-contentful-paint"===t.name&&l("timing",["fcp",Math.floor(t.startTime)])})}function o(t,e){var n=t.getEntries();if(n.length>0){var r=n[n.length-1];if(f&&f<r.startTime)return;var o=[r],i=a({});i&&o.push(i),l("lcp",o)}}function i(t){t.getEntries().forEach(function(t){t.hadRecentInput||l("cls",[t])})}function a(t){var e=navigator.connection||navigator.mozConnection||navigator.webkitConnection;if(e)return e.type&&(t["net-type"]=e.type),e.effectiveType&&(t["net-etype"]=e.effectiveType),e.rtt&&(t["net-rtt"]=e.rtt),e.downlink&&(t["net-dlink"]=e.downlink),t}function s(t){if(t instanceof w&&!y){var e=Math.round(t.timeStamp),n={type:t.type};a(n),e<=h.now()?n.fid=h.now()-e:e>h.offset&&e<=Date.now()?(e-=h.offset,n.fid=h.now()-e):e=h.now(),y=!0,l("timing",["fi",e,n])}}function c(t){"hidden"===t&&(f=h.now(),l("pageHide",[f]))}if(!("init"in NREUM&&"page_view_timing"in NREUM.init&&"enabled"in NREUM.init.page_view_timing&&NREUM.init.page_view_timing.enabled===!1)){var f,u,d,p,l=t("handle"),h=t("loader"),m=t(30),v=t(23),w=NREUM.o.EV;if("PerformanceObserver"in window&&"function"==typeof window.PerformanceObserver){u=new PerformanceObserver(r);try{u.observe({entryTypes:["paint"]})}catch(g){}d=new PerformanceObserver(o);try{d.observe({entryTypes:["largest-contentful-paint"]})}catch(g){}p=new PerformanceObserver(i);try{p.observe({type:"layout-shift",buffered:!0})}catch(g){}}if("addEventListener"in document){var y=!1,x=["click","keydown","mousedown","pointerdown","touchstart"];x.forEach(function(t){document.addEventListener(t,s,v(!1))})}m(c)}},{}],28:[function(t,e,n){function r(){function t(){return e?15&e[n++]:16*Math.random()|0}var e=null,n=0,r=window.crypto||window.msCrypto;r&&r.getRandomValues&&(e=r.getRandomValues(new Uint8Array(31)));for(var o,i="xxxxxxxx-xxxx-4xxx-yxxx-xxxxxxxxxxxx",a="",s=0;s<i.length;s++)o=i[s],"x"===o?a+=t().toString(16):"y"===o?(o=3&t()|8,a+=o.toString(16)):a+=o;return a}function o(){return a(16)}function i(){return a(32)}function a(t){function e(){return n?15&n[r++]:16*Math.random()|0}var n=null,r=0,o=window.crypto||window.msCrypto;o&&o.getRandomValues&&Uint8Array&&(n=o.getRandomValues(new Uint8Array(t)));for(var i=[],a=0;a<t;a++)i.push(e().toString(16));return i.join("")}e.exports={generateUuid:r,generateSpanId:o,generateTraceId:i}},{}],29:[function(t,e,n){function r(t,e){if(!o)return!1;if(t!==o)return!1;if(!e)return!0;if(!i)return!1;for(var n=i.split("."),r=e.split("."),a=0;a<r.length;a++)if(r[a]!==n[a])return!1;return!0}var o=null,i=null,a=/Version\/(\S+)\s+Safari/;if(navigator.userAgent){var s=navigator.userAgent,c=s.match(a);c&&s.indexOf("Chrome")===-1&&s.indexOf("Chromium")===-1&&(o="Safari",i=c[1])}e.exports={agent:o,version:i,match:r}},{}],30:[function(t,e,n){function r(t){function e(){t(s&&document[s]?document[s]:document[i]?"hidden":"visible")}"addEventListener"in document&&a&&document.addEventListener(a,e,o(!1))}var o=t(23);e.exports=r;var i,a,s;"undefined"!=typeof document.hidden?(i="hidden",a="visibilitychange",s="visibilityState"):"undefined"!=typeof document.msHidden?(i="msHidden",a="msvisibilitychange"):"undefined"!=typeof document.webkitHidden&&(i="webkitHidden",a="webkitvisibilitychange",s="webkitVisibilityState")},{}],31:[function(t,e,n){function r(t,e){var n=[],r="",i=0;for(r in t)o.call(t,r)&&(n[i]=e(r,t[r]),i+=1);return n}var o=Object.prototype.hasOwnProperty;e.exports=r},{}],32:[function(t,e,n){function r(t,e,n){e||(e=0),"undefined"==typeof n&&(n=t?t.length:0);for(var r=-1,o=n-e||0,i=Array(o<0?0:o);++r<o;)i[r]=t[e+r];return i}e.exports=r},{}],33:[function(t,e,n){e.exports={exists:"undefined"!=typeof window.performance&&window.performance.timing&&"undefined"!=typeof window.performance.timing.navigationStart}},{}],ee:[function(t,e,n){function r(){}function o(t){function e(t){return t&&t instanceof r?t:t?f(t,c,a):a()}function n(n,r,o,i,a){if(a!==!1&&(a=!0),!l.aborted||i){t&&a&&t(n,r,o);for(var s=e(o),c=m(n),f=c.length,u=0;u<f;u++)c[u].apply(s,r);var p=d[y[n]];return p&&p.push([x,n,r,s]),s}}function i(t,e){g[t]=m(t).concat(e)}function h(t,e){var n=g[t];if(n)for(var r=0;r<n.length;r++)n[r]===e&&n.splice(r,1)}function m(t){return g[t]||[]}function v(t){return p[t]=p[t]||o(n)}function w(t,e){l.aborted||u(t,function(t,n){e=e||"feature",y[n]=e,e in d||(d[e]=[])})}var g={},y={},x={on:i,addEventListener:i,removeEventListener:h,emit:n,get:v,listeners:m,context:e,buffer:w,abort:s,aborted:!1};return x}function i(t){return f(t,c,a)}function a(){return new r}function s(){(d.api||d.feature)&&(l.aborted=!0,d=l.backlog={})}var c="nr@context",f=t("gos"),u=t(31),d={},p={},l=e.exports=o();e.exports.getOrSetContext=i,l.backlog=d},{}],gos:[function(t,e,n){function r(t,e,n){if(o.call(t,e))return t[e];var r=n();if(Object.defineProperty&&Object.keys)try{return Object.defineProperty(t,e,{value:r,writable:!0,enumerable:!1}),r}catch(i){}return t[e]=r,r}var o=Object.prototype.hasOwnProperty;e.exports=r},{}],handle:[function(t,e,n){function r(t,e,n,r){o.buffer([t],r),o.emit(t,e,n)}var o=t("ee").get("handle");e.exports=r,r.ee=o},{}],id:[function(t,e,n){function r(t){var e=typeof t;return!t||"object"!==e&&"function"!==e?-1:t===window?0:a(t,i,function(){return o++})}var o=1,i="nr@id",a=t("gos");e.exports=r},{}],loader:[function(t,e,n){function r(){if(!T++){var t=O.info=NREUM.info,e=m.getElementsByTagName("script")[0];if(setTimeout(f.abort,3e4),!(t&&t.licenseKey&&t.applicationID&&e))return f.abort();c(E,function(e,n){t[e]||(t[e]=n)});var n=a();s("mark",["onload",n+O.offset],null,"api"),s("timing",["load",n]);var r=m.createElement("script");0===t.agent.indexOf("http://")||0===t.agent.indexOf("https://")?r.src=t.agent:r.src=l+"://"+t.agent,e.parentNode.insertBefore(r,e)}}function o(){"complete"===m.readyState&&i()}function i(){s("mark",["domContent",a()+O.offset],null,"api")}var a=t(26),s=t("handle"),c=t(31),f=t("ee"),u=t(29),d=t(21),p=t(23),l=d.getConfiguration("ssl")===!1?"http":"https",h=window,m=h.document,v="addEventListener",w="attachEvent",g=h.XMLHttpRequest,y=g&&g.prototype,x=!1;NREUM.o={ST:setTimeout,SI:h.setImmediate,CT:clearTimeout,XHR:g,REQ:h.Request,EV:h.Event,PR:h.Promise,MO:h.MutationObserver};var b=""+location,E={beacon:"bam.nr-data.net",errorBeacon:"bam.nr-data.net",agent:"js-agent.newrelic.com/nr-spa-1216.min.js"},R=g&&y&&y[v]&&!/CriOS/.test(navigator.userAgent),O=e.exports={offset:a.getLastTimestamp(),now:a,origin:b,features:{},xhrWrappable:R,userAgent:u,disabled:x};if(!x){t(20),t(27),m[v]?(m[v]("DOMContentLoaded",i,p(!1)),h[v]("load",r,p(!1))):(m[w]("onreadystatechange",o),h[w]("onload",r)),s("mark",["firstbyte",a.getLastTimestamp()],null,"api");var T=0}},{}],"wrap-function":[function(t,e,n){function r(t,e){function n(e,n,r,c,f){function nrWrapper(){var i,a,u,p;try{a=this,i=d(arguments),u="function"==typeof r?r(i,a):r||{}}catch(l){o([l,"",[i,a,c],u],t)}s(n+"start",[i,a,c],u,f);try{return p=e.apply(a,i)}catch(h){throw s(n+"err",[i,a,h],u,f),h}finally{s(n+"end",[i,a,p],u,f)}}return a(e)?e:(n||(n=""),nrWrapper[p]=e,i(e,nrWrapper,t),nrWrapper)}function r(t,e,r,o,i){r||(r="");var s,c,f,u="-"===r.charAt(0);for(f=0;f<e.length;f++)c=e[f],s=t[c],a(s)||(t[c]=n(s,u?c+r:r,o,c,i))}function s(n,r,i,a){if(!h||e){var s=h;h=!0;try{t.emit(n,r,i,e,a)}catch(c){o([c,n,r,i],t)}h=s}}return t||(t=u),n.inPlace=r,n.flag=p,n}function o(t,e){e||(e=u);try{e.emit("internal-error",t)}catch(n){}}function i(t,e,n){if(Object.defineProperty&&Object.keys)try{var r=Object.keys(t);return r.forEach(function(n){Object.defineProperty(e,n,{get:function(){return t[n]},set:function(e){return t[n]=e,e}})}),e}catch(i){o([i],n)}for(var a in t)l.call(t,a)&&(e[a]=t[a]);return e}function a(t){return!(t&&t instanceof Function&&t.apply&&!t[p])}function s(t,e){var n=e(t);return n[p]=t,i(t,n,u),n}function c(t,e,n){var r=t[e];t[e]=s(r,n)}function f(){for(var t=arguments.length,e=new Array(t),n=0;n<t;++n)e[n]=arguments[n];return e}var u=t("ee"),d=t(32),p="nr@original",l=Object.prototype.hasOwnProperty,h=!1;e.exports=r,e.exports.wrapFunction=s,e.exports.wrapInPlace=c,e.exports.argsToArray=f},{}]},{},["loader",2,17,5,3,4]);</script>
      <meta name="viewport" content="width=device-width, initial-scale=1.0">
    <meta name="HandheldFriendly" content="True">
      <link rel="canonical" href="https://www.tesco.com/groceries/en-GB/shop/drinks">
    <title>Drinks - Tesco Groceries</title>
      <meta name="description" content="">
      <meta name="robots" content="index">
    <link rel="apple-touch-icon" href="https://www.tesco.com/groceries/web-assets/touch-icons/tesco/apple-touch-icon-a0b98856c2.png">
    <link rel="apple-touch-icon" sizes="76x76" href="https://www.tesco.com/groceries/web-assets/touch-icons/tesco/apple-touch-icon-76x76-6a0a051e9b.png">
    <link rel="apple-touch-icon" sizes="120x120" href="https://www.tesco.com/groceries/web-assets/touch-icons/tesco/apple-touch-icon-120x120-067b01d70a.png">
    <link rel="apple-touch-icon" sizes="152x152" href="https://www.tesco.com/groceries/web-assets/touch-icons/tesco/apple-touch-icon-152x152-ec8cd92916.png">
    <link rel="apple-touch-icon" sizes="180x180" href="https://www.tesco.com/groceries/web-assets/touch-icons/tesco/apple-touch-icon-180x180-102f6d85ce.png">
    <link rel="apple-touch-icon" sizes="192x192" href="https://www.tesco.com/groceries/web-assets/touch-icons/tesco/apple-touch-icon-192x192-e354b2aa0f.png">
    <link id="favicon" rel="shortcut icon" type="image/png" href="https://www.tesco.com/groceries/web-assets/touch-icons/tesco/favicon-9636e8991a.png">
    <!--[if gt IE 9]><!-->
      <link href="./tesco_html_brand_drinks_files/UK-c73a126b71.css" rel="stylesheet" type="text/css" media="all">
    <!--<![endif]-->
      <link rel="preconnect" href="https://img.tesco.com/">
      <link rel="preconnect" href="https://digitalcontent.api.tesco.com/">
      <script type="application/ld+json">[{"@context":"http://schema.org","@type":"Corporation","url":"https://www.tesco.com/groceries","contactPoint":[{"@type":"ContactPoint","telephone":"+44-0800 323 4040","areaServed":"UK","contactType":"customer service","availableLanguage":"English","contactOption":"TollFree"}]},{"@context":"http://schema.org","@type":"WebSite","url":"https://www.tesco.com/groceries","name":"Tesco Groceries"},{"@context":"http://schema.org/","@type":"ItemList","itemListElement":[{"@type":"ListItem","position":1,"url":"https://www.tesco.com/groceries/en-GB/products/282774907"},{"@type":"ListItem","position":2,"url":"https://www.tesco.com/groceries/en-GB/products/306657722"},{"@type":"ListItem","position":3,"url":"https://www.tesco.com/groceries/en-GB/products/281474446"},{"@type":"ListItem","position":4,"url":"https://www.tesco.com/groceries/en-GB/products/258056066"},{"@type":"ListItem","position":5,"url":"https://www.tesco.com/groceries/en-GB/products/259738623"},{"@type":"ListItem","position":6,"url":"https://www.tesco.com/groceries/en-GB/products/254859580"},{"@type":"ListItem","position":7,"url":"https://www.tesco.com/groceries/en-GB/products/254857357"},{"@type":"ListItem","position":8,"url":"https://www.tesco.com/groceries/en-GB/products/260507026"},{"@type":"ListItem","position":9,"url":"https://www.tesco.com/groceries/en-GB/products/297132631"},{"@type":"ListItem","position":10,"url":"https://www.tesco.com/groceries/en-GB/products/310142179"},{"@type":"ListItem","position":11,"url":"https://www.tesco.com/groceries/en-GB/products/255877562"},{"@type":"ListItem","position":12,"url":"https://www.tesco.com/groceries/en-GB/products/282822189"},{"@type":"ListItem","position":13,"url":"https://www.tesco.com/groceries/en-GB/products/276956270"},{"@type":"ListItem","position":14,"url":"https://www.tesco.com/groceries/en-GB/products/301219495"},{"@type":"ListItem","position":15,"url":"https://www.tesco.com/groceries/en-GB/products/309761858"},{"@type":"ListItem","position":16,"url":"https://www.tesco.com/groceries/en-GB/products/254859516"},{"@type":"ListItem","position":17,"url":"https://www.tesco.com/groceries/en-GB/products/258997144"},{"@type":"ListItem","position":18,"url":"https://www.tesco.com/groceries/en-GB/products/259151850"},{"@type":"ListItem","position":19,"url":"https://www.tesco.com/groceries/en-GB/products/300473931"},{"@type":"ListItem","position":20,"url":"https://www.tesco.com/groceries/en-GB/products/310169847"},{"@type":"ListItem","position":21,"url":"https://www.tesco.com/groceries/en-GB/products/310119317"},{"@type":"ListItem","position":22,"url":"https://www.tesco.com/groceries/en-GB/products/309748351"},{"@type":"ListItem","position":23,"url":"https://www.tesco.com/groceries/en-GB/products/310107101"},{"@type":"ListItem","position":24,"url":"https://www.tesco.com/groceries/en-GB/products/310171835"},{"@type":"ListItem","position":25,"url":"https://www.tesco.com/groceries/en-GB/products/250654868"},{"@type":"ListItem","position":26,"url":"https://www.tesco.com/groceries/en-GB/products/271050824"},{"@type":"ListItem","position":27,"url":"https://www.tesco.com/groceries/en-GB/products/250617625"},{"@type":"ListItem","position":28,"url":"https://www.tesco.com/groceries/en-GB/products/300473499"},{"@type":"ListItem","position":29,"url":"https://www.tesco.com/groceries/en-GB/products/301107437"},{"@type":"ListItem","position":30,"url":"https://www.tesco.com/groceries/en-GB/products/278363743"},{"@type":"ListItem","position":31,"url":"https://www.tesco.com/groceries/en-GB/products/259738433"},{"@type":"ListItem","position":32,"url":"https://www.tesco.com/groceries/en-GB/products/273824391"},{"@type":"ListItem","position":33,"url":"https://www.tesco.com/groceries/en-GB/products/311262415"},{"@type":"ListItem","position":34,"url":"https://www.tesco.com/groceries/en-GB/products/300742890"},{"@type":"ListItem","position":35,"url":"https://www.tesco.com/groceries/en-GB/products/260527054"},{"@type":"ListItem","position":36,"url":"https://www.tesco.com/groceries/en-GB/products/258016892"},{"@type":"ListItem","position":37,"url":"https://www.tesco.com/groceries/en-GB/products/262309747"},{"@type":"ListItem","position":38,"url":"https://www.tesco.com/groceries/en-GB/products/274172128"},{"@type":"ListItem","position":39,"url":"https://www.tesco.com/groceries/en-GB/products/261735917"},{"@type":"ListItem","position":40,"url":"https://www.tesco.com/groceries/en-GB/products/299919487"},{"@type":"ListItem","position":41,"url":"https://www.tesco.com/groceries/en-GB/products/287195415"},{"@type":"ListItem","position":42,"url":"https://www.tesco.com/groceries/en-GB/products/308467696"},{"@type":"ListItem","position":43,"url":"https://www.tesco.com/groceries/en-GB/products/252389954"},{"@type":"ListItem","position":44,"url":"https://www.tesco.com/groceries/en-GB/products/255934011"},{"@type":"ListItem","position":45,"url":"https://www.tesco.com/groceries/en-GB/products/258016425"},{"@type":"ListItem","position":46,"url":"https://www.tesco.com/groceries/en-GB/products/251246175"},{"@type":"ListItem","position":47,"url":"https://www.tesco.com/groceries/en-GB/products/256604971"},{"@type":"ListItem","position":48,"url":"https://www.tesco.com/groceries/en-GB/products/309744764"}]},{"@context":"http://schema.org/","@type":"BreadcrumbList","itemListElement":[{"@type":"ListItem","position":1,"item":{"@id":"/groceries/en-GB/","name":"Home"}}]}]</script>
    <script id="config" type="application/json">{"registration":{"enableProgressBar":true,"enableSigninButton":false,"enableUtilityHeader":true,"step1Redirect":"\u002Fregister\u002Fsetup","step1Title":"auth:registration-step1","submitButtomTextStep1":"auth:next","accountLockedLink":"\u002F","accountLockedLinkTextKey":"auth:account-locked.back-to-homepage"},"auth":{"enableMobileLogin":false,"registerButton":"common:register"},"sessionCookiesToClear":["OAuth.AccessToken","OAuth.RefreshToken","OAuth.TokensExpiryTime","ighs-refresh"],"productDetails":{"enableHeaderWrapperAndMiniTrolley":true,"enableTaxonomy":true,"enableBreadcrumbs":true,"enableFooter":true,"useDigitalContentProductImages":false},"homePageLink":{"en-GB":"\u002Fgroceries\u002Fen-GB","cs-CZ":"\u002Fgroceries\u002Fcs-CZ","sk-SK":"\u002Fgroceries\u002Fsk-SK","hu-HU":"\u002Fgroceries\u002Fhu-HU"},"jsWhitelist":[],"list-items-per-page":24,"max-list-items-per-page":48,"browserMap":{"akamai":{"Chrome Lite":"chrome","IEMobile":"ie","Microsoft\u002FIE Mobile WP7":"ie","Microsoft\u002FIE Mobile WinMo":"ie","Microsoft\u002FPocket IE":"ie","Safari":"safari","Chrome":"chrome","Chrome Mobile":"chrome","Chrome Mobile iOS":"chrome","Mobile Safari":"safari","Mobile Safari UIWebView":"safari","IE":"ie","IE Mobile":"ie","Edge":"ie","Edge Mobile":"ie","Firefox":"firefox","Firefox Mobile":"firefox","Firefox iOS":"firefox"},"npm":{"Chrome":"chrome","Chrome Mobile":"chrome","Chrome Mobile iOS":"chrome","Safari":"safari","Mobile Safari":"safari","Mobile Safari UIWebView":"safari","IE":"ie","IE Mobile":"ie","Edge":"ie","Edge Mobile":"ie","Firefox":"firefox","Firefox Mobile":"firefox","Firefox iOS":"firefox"}},"displayShowMoreLess":false,"displayDeliveryTabDescription":false,"displayAsGuidePrice":true,"maps":{"provider":"Bing","key":"AsmhrPuia8p5xdMee4PT0Xzp4DNvHF3gyyBUCdfMfIopjHfCHCfLKLRtpBmdFPPS","clientId":"AsmhrPuia8p5xdMee4PT0Xzp4DNvHF3gyyBUCdfMfIopjHfCHCfLKLRtpBmdFPPS","interactiveAPI":"https:\u002F\u002Fwww.bing.com\u002Fmaps\u002Fsdk\u002Fmapcontrol","staticAPI":"https:\u002F\u002Fdev.virtualearth.net\u002FREST\u002Fv1\u002FImagery\u002FMap\u002FRoad\u002F","cspDirective":{"provider":["https:\u002F\u002F*.bing.com"],"map":["https:\u002F\u002F*.virtualearth.net"]}},"deliveryInstructionsMaxCharacters":200,"allowAllCharsInInstructions":true,"categoryDelimiter":",","facetsAllowingMultipleSelections":["shelf","brand"],"customAgeRestriction":18,"pickerNotesInputLimit":55,"hideCookiePolicyHeader":false,"defaultBulkBuyLimit":24,"defaultProductQuantity":1,"inputMaxLength":2,"inputMaxValue":99,"minBasketValue":40,"minBasketValuePromo":25,"minBasketSurcharge":4,"inputProductQuantityFormat":"^[0-9]{1,2}$","default-sort-option":"relevance","showBillingAddress":false,"billingAddressFormat":["addressLine1","addressLine2","addressLine3","addressLine4","addressLine5"],"appBanner":{"bannerEnabled":true},"trolleyOrderSummary":{"fullSummaryInAmend":true,"showSavings":false},"showSideBasketSavings":false,"paymentGatewayUrl":"https:\u002F\u002Fcustomerpayment.tesco.com\u002F","changeAddressUrl":"\u002Fslots\u002Fchange-address?_method=POST","updateSlotUrl":"\u002Fslots\u002Fcurrent?_method=PUT","futureExpiryYears":12,"payment":{"processor":"ighs","bank3dsCallbackUrl":"\u002Fcheckout\u002F3ds\u002Fprocess","showShortExpiryYear":false,"saveCard":{"enabled":false},"padExpiryMonth":false,"cookieRefresh":{"enabled":false},"includeXIDin3DS":true,"additional3dsParams":["msgId","xid"]},"paymentFieldNames":{"cardholderName":"CreditCard.CardholderName","cardNumber":"CreditCard.CardNumber","cardSecurityCode":"CreditCard.CardSecurityCode","expiryMonth":"CreditCard.ExpMonth","expiryYear":"CreditCard.ExpYear"},"baseCardFormat":"(\\d{16})","productListing":{"maxPageNumber":9999},"isCardPaymentFirst":true,"search":{"enableCancelButton":false},"PSD2Enabled":true,"checkout":{"showSignoutAndContinueActions":true,"showGuidePriceInfo":false,"confirmation":{"showSimpleFooter":false},"steps":[{"page":"review-trolley","path":"\u002Ftrolley","title":"checkout:common.review-your-trolley"},{"page":"order-summary","path":"\u002Fcheckout\u002Forder-summary","title":"checkout:order-summary.title"},{"page":"payment-options","path":"\u002Fcheckout\u002Fpayment-options","title":"checkout:common.payment-options"},{"page":"order-confirmation","path":"\u002Fcheckout\u002Fconfirmation","title":"checkout:common.order-confirmation"}],"show-terms-and-conditions":false,"enableInAmendMode":true,"disallowInAmendMode":true,"enableCreditCardHelp":true,"enableChangeOfCardInAmendMode":false,"enableAmendOrder":true,"enableAmendOffers":true,"enableAmendDelivery":true,"enableContinueShopping":true,"enableViewConfirmedOrder":true,"enableCancelChanges":true,"enableAddAddressModal":true,"enableSubmittingSpinner":true,"showBaglessBanner":false,"showBagOptions":true,"showBagMessage":true,"showBaglessMessage":false,"optionWithoutBagsFirst":true,"showBaglessPostLiveMessaging":false,"showPackagingDetails":false,"invalidTrolleyErrors":{"slotExpiredInAmend":{"external":false,"url":"\u002Fslots"},"invalidSlot":{"external":false,"url":"\u002Fslots"},"noItemsInBasket":{"external":false,"url":"\u002F"},"allItemsUnavailable":{"external":false,"url":"\u002Ftrolley"}},"papersOnCollectionParagraphs":["checkout:order-confirmation.papers-on-collection-text1","checkout:order-confirmation.papers-on-collection-text2","checkout:order-confirmation.papers-on-collection-text3"]},"ratingsAndReviews":{"pageInfo":{"defaultPageSize":10}},"addressModalTabIconBrowserTypes":{"chrome":"chrome","safari":"safari","ie":"ie"},"supportedCards":[{"type":"maestro","pattern":"^(5018|5020|5038|6304|6759|676[1-3])","format":"(\\d{16})","length":16,"cvcLength":[3],"luhn":true,"icon":"icon-card-maestro"},{"type":"mastercard","pattern":"^5[1-5]\\d{14}$|^2(?:2(?:2[1-9]|[3-9]\\d)|[3-6]\\d\\d|7(?:[01]\\d|20))\\d{12}$","format":"(\\d{16})","length":16,"cvcLength":[3],"luhn":true,"icon":"icon-card-mastercard"},{"type":"visa-electron","pattern":"^(4026|417500|4405|4508|4844|4913|4917)","format":"(\\d{16})","length":16,"cvcLength":[3],"luhn":true,"icon":"icon-card-visa-electron"},{"type":"visa","pattern":"^4","format":"(\\d{16})","length":16,"cvcLength":[3],"luhn":true,"icon":"icon-card-visa"}],"footer":{"cardLogos":[{"type":"visa","name":"Visa"},{"type":"mastercard","name":"Mastercard"}],"threeDSLogos":[{"type":"verified_by_visa","title":"common:verified-by-visa","name":"Verified By Visa"},{"type":"mastercard_securecode","title":"common:mastercard-securecode","name":"Mastercard Securecode"}],"data":[{"title":"footer:here-to-help","links":[{"text":"footer:guide-price","href":"help:guidePrice"},{"text":"footer:safe-shopping","href":"links:safeShopping"},{"text":"footer:terms-and-conditions","href":"links:termsConditions"},{"text":"footer:privacy-cookies","href":"links:privacyCookie"}]},{"title":"footer:about","links":[{"text":"footer:where-we-deliver","href":"serviceAvailabilityUrl"},{"text":"footer:service-charge","href":"links:serviceCharge"},{"text":"footer:payment-options","href":"links:paymentOptions"},{"text":"footer:corporate","data":"config","href":"links:corporate","target":"_blank","icon":"link-blue","alignIcon":"right"},{"text":"footer:clubcard","href":"links:clubCard","target":"_blank","icon":"link-blue","alignIcon":"right"}]},{"title":"footer:first-time-shopping","links":[{"text":"footer:how-to-shop","href":"links:howToShop"},{"text":"footer:registration","href":"links:registration"},{"text":"footer:booking-a-delivery","href":"links:bookDelivery"},{"text":"footer:favourites","href":"links:favourites"},{"text":"footer:vat-invoice","href":"links:vat-invoice"}]},{"title":"footer:contact-us","open":true,"links":[{"text":"contactEmail","data":"config","href":"emailUrl","icon":"email"},{"text":"contact","data":"config","href":"phoneURL","icon":"phone-blue"},{"text":"footer:store-locator","href":"links:store-locator","target":"_blank","icon":"storefinder-blue"}]}]},"minutesBeforeSlotExpiryWarning":30,"propositionalMessageEnabled":false,"eventsPageEnabled":true,"defaultDcsDomain":"digitalcontent.api.tesco.com","slotExpiryThresholdMinutes":15,"dfp":{"enabled":false,"adUnitPath":"","defaultSizes":["fluid",[918,110]],"libUrl":"https:\u002F\u002Fsecurepubads.g.doubleclick.net\u002Ftag\u002Fjs\u002Fgpt.js","limitedAdsUrl":"https:\u002F\u002Fpagead2.googlesyndication.com\u002Ftag\u002Fjs\u002Fgpt.js","sizeMappings":[[[0,531],["fluid",[300,250],[375,258],[375,110]]],[[532,723],["fluid",[532,110]]],[[724,917],["fluid",[724,110]]],[[918,50000],["fluid",[918,110]]]]},"useMango":{"productPage":false},"orderSummary":{"showCollectionInstructions":true},"showProductUnavailableMessages":true,"coupons":{"showTermsAndInst":false,"useLocaleForErrors":false,"enableRemove":true,"enableSelect":false,"enableHeadings":false},"bypassOptimizelyAndUseFirstNonDefaultVariant":false,"bypassOptimizelyAndUseDefaultVariant":false,"GDPRCompliance":false,"forceFallbackHomePageData":false,"showLineItemSubstitutionPreference":false,"eventsPage":true,"cookiePreferences":false,"showManageCookiesButton":true,"showRejectCookiesButton":false,"showPostcodeSearch":false,"showSearchByPostcode":false,"sendSlotsDefaultPostcode":true,"linkToMartini":false,"usualsEnabled":false,"showOrderTypeChangeWarning":false,"bagChargesEnabled":true,"dfpProductList":true,"greenClubcardPointsEnabled":false,"showPickerNotes":false,"showShelfLifeInfo":false,"promotionWarnings":false,"showPromotionStartDate":false,"showReconstructedOfferMsg":false,"enableLifestyleAndDietaryProductFilters":false,"enableChangeSlotOnbasketTileInAmendmode":false,"favSpecialOffers":false,"enableFavOffers":false,"lazyLoadFavPromotedOffers":false,"feedbackLinks":false,"foresee":false,"optimizelyEnabled":true,"enableFavoritesFilters":false,"debugExperiments":false,"enableAddAllButton":true,"enableBrowserWarning":false,"enableCMSValueTile":true,"enableRatingsReviewsListing":false,"enableRatingsReviewsSubmission":false,"enableRatingsReviewsNicknames":false,"enableVatInvoice":false,"enableSubstitutionPreferences":false,"renderSubstitutionContentAccordion":false,"alcoholConfirmation":false,"multiSearchEnabled":false,"enableUpdatesLink":true,"enableWismo":false,"sendEmailAddressForWhitelisting":false,"enableLoginUsingMobileNumber":false,"enableAmendModeModal":false,"showFDOXMessaging":false,"testDFPBanners":false,"includeFulfilmentOptions":false,"enableGoogleTM":true,"enableNewCheckoutRecommendationsTile":false,"showDidyouKnowOrders":true,"enabledIndexableBrandPages":false,"showPriceInfoAmendContextCard":false,"showPromotionsByDepartment":true,"showCCPriceLogoInSquare":false,"enableMfeBasket":false,"showOnlinePriceInfo":false,"bagMessageAndLinkEnabled":true,"registrationConsentRequired":true,"marketingLabelText":"auth:marketing-label-text","changePaymentDetailsEnabled":false,"contextCardLinkEnabled":true,"responsive":{"smallMax":599,"mediumSmallMin":600,"mediumSmallMax":767,"mediumMin":768,"mediumMax":991,"largeMin":992,"largeMax":1199,"extraLargeMin":1200},"bigNav":{"groceries":{"label":"groceries","url":"\u002Fshop","chevron":true,"activate":"toggleNavMenu"},"myProducts":{"label":"my-favourites","url":"\u002Ffavorites","requiresAuthentication":true},"promotions":{"label":"promotions","url":"\u002Fpromotions"},"events":{"label":"events-page","url":"\u002Fevents","configurable":"eventsPageEnabled","feature":"eventsPage","cmsNav":true}},"gtmLibUrl":"https:\u002F\u002Fwww.googletagmanager.com\u002Fgtm.js?id=GTM-MGZTXQJ","waitForAsyncPage":"3000;","favorites":{"default-sort-option":"relevance"},"optimizely":{"timeout":500,"host":"cdn.optimizely.com","siteId":"IGHS"},"fulfilmentCard":{"giabVariantEnabled":false},"showUtilityHeader":true,"lightDelivery":{"defaultStoreCatchmentRadiusInMeters":8000},"fulfilmentOptions":{"options":[],"availableShoppingMethods":["delivery","collection"],"groupedShoppingMethods":[{"category":"GHS_DELIVERY","methods":["delivery"]},{"category":"GHS_COLLECT","methods":["collection"]}]},"showVeganMessaging":false,"showIsolationDeliveryInfoLink":false,"hasFixedCollectionPoints":false,"shouldShowCookieBanner":true,"showToleranceValue":false,"apmTool":"newrelic","sentry":{"dsn":"https:\u002F\u002Fd91803bdddbe4692bd77944a91093022@o505202.ingest.sentry.io\u002F5597199"},"showNewAmendBar":false,"showMiniTrolleyFavsCTA":false,"myOrdersDDL":false,"fetchGetFulfilmentOptionOnHomePage":false,"displayClubcardDetails":false,"opinionLab":{"refererUrls":{"wismo":"wismo.tesco.com","ondemandwismo":"ondemandwismo.tesco.com","favorites":"myfavourites.tesco.com","specialOffers":"specialoffers.tesco.com"}},"promoByDepartmentTypeCheck":false,"useDCSv3":false,"TAP":{"PPE":{"path":"\u002Fuserinteraction\u002Fv1\u002Fevents\u002Froute\u002Fcustonline-qa","querystring":""},"connector":true},"shouldIncrementPromotionEndDate":false,"prideLogoDisplay":false,"blackLogoDisplay":false,"thirdPartyDelivery":{"termsAndConditionsUrl":"https:\u002F\u002Fwww.tesco.com\u002Fhelp\u002Fterms-and-conditions\u002Fgrocery\u002F"},"regularPriceDisplay":false,"newFavNavEnabled":false,"lastOrderEnabled":false,"slotPageFavCTA":false,"trolleyPageFavCTA":false,"showPriceOnUnavailableTile":false,"showFavSpecialOfferFilter":false,"showFavUnavailableFilter":false,"defaultSortOptions":["relevance","title-ascending","title-descending","price-ascending","price-descending"],"showOneCheckoutOrderConfirmation":false,"useWebViewLayout":false,"showOneCheckoutOrderSummary":false,"SITES":{"UK":{"default":{"footer":{"corporate":"Tesco.com","copyright":"Tesco.com $copyrightYear All rights reserved","data":[{"title":"footer:here-to-help","links":[{"text":"footer:my-account","href":"links:myAccount","externalSecureDomain":true},{"text":"footer:my-orders","href":"links:myOrders"},{"text":"footer:help","href":"links:help"},{"text":"footer:product-recall","href":"links:productRecall"},{"text":"footer:privacy-centre","href":"links:privacyCentre"}]},{"title":"footer:about","links":[{"text":"footer:accessibility","href":"links:accessibility"},{"text":"footer:sitemap","href":"links:sitemap"},{"text":"footer:privacy-cookies","href":"links:privacyCookies"},{"text":"footer:general-terms","href":"links:termsConditions"},{"text":"footer:product-terms","href":"links:productTerms"},{"text":"footer:coupon-terms","href":"links:couponTerms"}]},{"title":"footer:ways-to-save","links":[{"text":"footer:delivery-saver","href":"links:deliverySaver"},{"text":"footer:clubcard","href":"links:clubcard","icon":"link-blue"},{"text":"footer:click-collect","href":"links:clickCollect"},{"text":"footer:clubcard-prices","href":"links:clubcardPrices"}]},{"title":"footer:contact-us","links":[{"text":"footer:corporate","data":"config","href":"links:corporate","icon":"link-blue"},{"text":"footer:store-locator","href":"links:storeLocator","icon":"storefinder-blue"},{"text":"contact","data":"config","href":"phoneURL","icon":"phone-blue"},{"text":"contact2","data":"config","href":"phoneURL2","icon":"phone-blue"},{"text":"common:feedback","href":"links:feedback","icon":"feedback-blue"}]}],"cardLogos":[{"type":"visa","name":"Visa"},{"type":"mastercard","name":"Mastercard"},{"type":"american-express","name":"American Express"}],"threeDSLogos":[{"type":"verified_by_visa","title":"common:verified-by-visa","name":"Verified By Visa"},{"type":"mastercard_securecode","title":"common:mastercard-securecode","name":"Mastercard Securecode"},{"type":"american_express_safekey","title":"common:amex-safekey","name":"American Express Safekey"}],"additionalFooterLogos":[]},"help":{"eCoupons":{"en-GB":"https:\u002F\u002Fwww.tesco.com\u002Fhelp\u002Fgroceries-faq\u002F#clubcard-vouchers-and-ecoupons"},"eCouponTerms":{"en-GB":"https:\u002F\u002Fwww.tesco.com\u002Fhelp\u002Fterms-and-conditions\u002F#ecoupons"},"homeDelivery":{"en-GB":"https:\u002F\u002Fwww.tesco.com\u002Fgroceries\u002Fen-GB\u002Fhelp?my-delivery#my-delivery"},"clickCollect":{"en-GB":"https:\u002F\u002Fwww.tesco.com\u002Fhelp\u002Fgroceries-faq\u002F"},"cardTypesAccepted":{"en-GB":"https:\u002F\u002Fwww.tesco.com\u002Fgroceries\u002Fen-GB\u002Fhelp?payment-and-checkout#payment-and-checkout"},"guidePrice":{"en-GB":"https:\u002F\u002Fwww.tesco.com\u002Fhelp\u002Fgroceries-faq\u002F#what_is_a_guide_price"},"onlineShopping":{"en-GB":"https:\u002F\u002Fwww.tesco.com\u002Fgroceries\u002Fen-GB\u002Fhelp?how-to-shop#how-to-shop"},"myAccount":{"en-GB":"https:\u002F\u002Fwww.tesco.com\u002Fgroceries\u002Fen-GB\u002Fhelp?my-account#my-account"},"bagOptions":{"en-GB":"https:\u002F\u002Fwww.tesco.com\u002Fhelp\u002Fgroceries-faq\u002F#bagless_delivery"},"showClickCollect":false},"links":{"help":{"en-GB":"https:\u002F\u002Fwww.tesco.com\u002Fgroceries\u002Fen-GB\u002Fhelp\u002F"},"contact-us":"https:\u002F\u002Fwww.tesco.com\u002Fhelp\u002Fcontact\u002F","productRecall":"https:\u002F\u002Fwww.tesco.com\u002Fproductrecall\u002F","accessibility":"https:\u002F\u002Fwww.tesco.com\u002Fhelp\u002Faccessibility\u002F","sitemap":"https:\u002F\u002Fwww.tesco.com\u002Fhelp\u002Fsite-map\u002F","privacyCookies":{"en-GB":"https:\u002F\u002Fwww.tesco.com\u002Fhelp\u002Fprivacy-and-cookies\u002Fprivacy-centre\u002Fprivacy-policy-information\u002Fprivacy-policy\u002F"},"termsConditions":{"en-GB":"https:\u002F\u002Fwww.tesco.com\u002Fhelp\u002Fterms-and-conditions\u002F"},"termsConditionsRnRs":{"en-GB":"https:\u002F\u002Fwww.tesco.com\u002Fhelp\u002Fterms-and-conditions\u002F#Ratings"},"termsConditionsDietary":{"en-GB":"https:\u002F\u002Fwww.tesco.com\u002Fhelp\u002Fterms-and-conditions\u002F#Dietary"},"productTerms":{"en-GB":"https:\u002F\u002Fwww.tesco.com\u002Fhelp\u002Fterms-and-conditions\u002Fgrocery\u002F"},"privacyCentre":{"en-GB":"https:\u002F\u002Fwww.tesco.com\u002Fhelp\u002Fprivacy-and-cookies\u002Fprivacy-centre\u002F"},"deliveryOptionDeliverySaver":"https:\u002F\u002Fwww.tesco.com\u002Fdeliverysaver\u002F?icid=Delivery_Options_delivery_Saver\"","deliverySaver":"https:\u002F\u002Fwww.tesco.com\u002Fdeliverysaver\u002F?=&icid=Grocerywebfooter_DeliverySaver","clubcard":"https:\u002F\u002Fsecure.tesco.com\u002Fclubcard\u002F","clubcardMyAccount":"https:\u002F\u002Fsecure.tesco.com\u002FClubcard\u002FMyAccount\u002FHome\u002FHome","clickCollect":"https:\u002F\u002Fwww.tesco.com\u002Fgroceries\u002Fen-GB\u002Fzone\u002Ftesco-delivery","clubcardPrices":"https:\u002F\u002Fwww.tesco.com\u002Fgroceries\u002Fen-gb\u002Fbuylists\u002Fclubcard-prices\u002Ftop-picks","couponTerms":"https:\u002F\u002Fwww.tesco.com\u002Fhelp\u002Fterms-and-conditions\u002F#coupons","corporate":"https:\u002F\u002Fwww.tesco.com","storeLocator":"https:\u002F\u002Fwww.tesco.com\u002Fstore-locator\u002Fuk\u002F","feedback":"#!","myAccount":"\u002Faccount\u002Fen-GB\u002Fmanage","myOrders":"\u002Forders","deliveryHelp":{"en-GB":"https:\u002F\u002Fwww.tesco.com\u002Fgroceries\u002Fhelp\u002F?rel=help"},"basketSurchargeInfo":"https:\u002F\u002Fwww.tesco.com\u002Fhelp\u002Fgroceries-faq\u002F#minimum_order_value_home","carrierBagSurchargeInfo":"https:\u002F\u002Fwww.tesco.com\u002Fhelp\u002Fgroceries-faq\u002F#choose_bagless_delivery","deliveryCollectionCost":"https:\u002F\u002Fwww.tesco.com\u002Fhelp\u002Fgroceries-faq\u002F#how_much_does_delivery_or_collection_cost","amendOrderHelp":{"en-GB":"https:\u002F\u002Fwww.tesco.com\u002Fhelp\u002Fgroceries-faq\u002F#amend_the_number_products"},"cancelOrderHelp":{"en-GB":"https:\u002F\u002Fwww.tesco.com\u002Fhelp\u002Fgroceries-faq\u002F#cancel_my_order"},"collectionTab":"https:\u002F\u002Fwww.tesco.com\u002Fhelp\u002Fgroceries-faq\u002F?sc_cmp=CC_FAQ","homeDeliveryTab":"https:\u002F\u002Fwww.tesco.com\u002Fhelp\u002Fgroceries-faq\u002F#how_do_you_deliver","moreAboutGoingBagless":"https:\u002F\u002Fwww.tesco.com\u002Fhelp\u002Fgroceries-faq\u002F#bagless_trial","unmannedClickAndCollectStoreFaq":"https:\u002F\u002Fwww.tesco.com\u002Fgroceries\u002Fen-GB\u002Fzone\u002Fclick-and-collect-lockers","appDownload":{"url":{"Android":{"mobile":"https:\u002F\u002Fplay.google.com\u002Fstore\u002Fapps\u002Fdetails?id=com.tesco.grocery.view","tablet":"https:\u002F\u002Fplay.google.com\u002Fstore\u002Fapps\u002Fdetails?id=com.tesco.tablet"},"iOS":{"mobile":"https:\u002F\u002Fapps.apple.com\u002Fgb\u002Fapp\u002Ftesco-groceries\u002Fid389581236","tablet":"https:\u002F\u002Fapps.apple.com\u002Fgb\u002Fapp\u002Ftesco-groceries\u002Fid389581236"}},"appId":{"Android":{"mobile":"com.tesco.grocery.view","tablet":"com.tesco.tablet"},"iOS":{"mobile":"389581236","tablet":"389581236"}}},"manageCookiePreferences":{"en-GB":"https:\u002F\u002Fwww.tesco.com\u002Fhelp\u002Fen-GB\u002Fmanage-cookie-preferences"},"setCookiePreferences":{"en-GB":"https:\u002F\u002Fwww.tesco.com\u002Fhelp\u002Fen-GB\u002Fset-cookie-preferences"},"moreAboutOnDemand":"https:\u002F\u002Fwww.tesco.com\u002Fhelp\u002Fgroceries-faq\u002F?sc_cmp=CC_FAQ","aboutMarketplace":"#"},"mvt":{"campaigns":[null]},"navigation":{"en-GB":[{"categoryTitle":"layout:main-nav.groceries","links":[{"url":"\u002Ffavorites","text":"layout:main-nav.favorites","newTab":false,"leftIcon":"favorite-heart-icon","rightIcon":"","requiresAuthentication":true},{"url":"\u002Fslots","text":"layout:main-nav.book-a-slot","newTab":false,"leftIcon":"icon-bookaslot-01","rightIcon":"","requiresAuthentication":true},{"url":"\u002Forders","text":"layout:main-nav.my-orders","newTab":false,"leftIcon":"icon-my_orders-01","rightIcon":"","requiresAuthentication":true},{"url":"\u002Fevents","text":"navigation:events-page","newTab":false,"leftIcon":"icon-icon-events","rightIcon":"","feature":"eventsPage","cmsNav":true},{"url":"\u002Fpromotions","text":"layout:main-nav.special-offers","newTab":false,"leftIcon":"icon-promotion-nav","rightIcon":""},{"url":"\u002Faccount\u002Fen-GB\u002Fmanage","text":"layout:main-nav.my-account","newTab":false,"leftIcon":"icon-my-account","rightIcon":"","useExternalSecure":true},{"url":"https:\u002F\u002Fwww.tesco.com\u002FDeliverySaver\u002F","text":"layout:main-nav.delivery-saver","newTab":true,"leftIcon":"icon-delivery-saver","rightIcon":"icon-link"},{"url":"#","text":"layout:main-nav.download-app","newTab":false,"leftIcon":"icon-download-app","rightIcon":"","dynamicAppUrl":true}]},{"categoryTitle":"layout:main-nav.more-from_tesco","links":[{"url":"https:\u002F\u002Fsecure.tesco.com\u002Fclubcard\u002F","text":"layout:main-nav.clubcard-account","newTab":true,"leftIcon":"icon-clubcard-01","rightIcon":"icon-link"},{"url":"https:\u002F\u002Frealfood.tesco.com","text":"layout:main-nav.real-food","newTab":true,"leftIcon":"icon-real-food","rightIcon":"icon-link"},{"url":"https:\u002F\u002Fwww.tesco.com\u002Fstore-locator\u002Fuk\u002F?stop_mobi=yes","text":"footer:store-locator","newTab":true,"leftIcon":"icon-storefinder-blue","rightIcon":""},{"url":"https:\u002F\u002Fwww.tesco.com\u002Fdirect","text":"layout:main-nav.tesco-direct","newTab":true,"leftIcon":"icon-tesco-direct","rightIcon":"icon-link"},{"url":"https:\u002F\u002Fwww.tesco.com\u002Fdirect\u002Fclothing\u002F","text":"layout:main-nav.fandf","newTab":true,"leftIcon":"icon-f-and-f","rightIcon":"icon-link"}]},{"categoryTitle":"layout:main-nav.about-this-site","links":[{"url":"#!","text":"layout:main-nav.feedback","newTab":false,"leftIcon":"icon-feedback-blue","rightIcon":"","feedbackLink":true},{"url":"https:\u002F\u002Fwww.tesco.com\u002Fgroceries\u002Fen-GB\u002Fhelp","text":"common:help","newTab":false,"leftIcon":"icon-help-01","rightIcon":""},{"url":"https:\u002F\u002Fwww.tesco.com\u002Fhelp\u002Fcontact\u002F","text":"common:pages.contact","newTab":false,"leftIcon":"icon-email-large","rightIcon":""}]}]},"registration":{"addressFields":[{"name":"county-district","label":"auth:address-fields.county-district","type":"select","locationType":["County","District"]},{"name":"municipality","label":"auth:address-fields.municipality","type":"select","locationType":"Municipality"},{"name":"city-quarter","label":"auth:address-fields.city-quarter","type":"select","locationType":["Municipality Part","Quarter"]},{"name":"street","label":"auth:address-fields.street","type":"select","locationType":"Street"},{"name":"house-number","label":"auth:address-fields.house-number","type":"select","locationType":"Address"},{"name":"freetext1","label":"auth:address-fields.flat-number-optional","type":"input","maxLength":6}],"configs":{"nameTitleOptions":false,"firstName":true,"lastName":true,"phoneNumber":[{"rule":"phone-number-five-digits","translation":"auth:validation.phone-number-min-length","arg":5},{"rule":"phone-number-format","translation":"auth:validation.phone-number-format"},{"rule":"required","translation":"auth:validation.phone-number-required"}],"altPhoneNumber":[{"rule":"phone-number-five-digits","translation":"auth:validation.phone-number-min-length","arg":5},{"rule":"phone-number-format","translation":"auth:validation.phone-number-format"}],"phoneNumberAllowedCharacters":"[0-9]"}},"REGION":"UK","3dsecure":true,"brand":"tesco","siteSearch":false,"callCentreSupportedLanguageNames":"English","LANGUAGES":["en-GB"],"timezone":"Europe\u002FLondon","mustHaveAcceptedCookieNoticeSince":"2018-05-16T00:00:00+00:00","hideCookiePolicyHeader":true,"sharedLogin":true,"contact":"0800 323 4040","phoneURL":"tel:08003234040","contact2":"0330 123 4040","phoneURL2":"tel:03301234040","internationalCode":"+44-","categoryDelimiter":",","facetsAllowingMultipleSelections":["brand"],"transferApiCookies":["OAuth.AccessToken","UUID"],"currency":{"symbolPosition":"left","spaceBetweenSymbolAndValue":false,"compactMode":true,"symbol":"£","unitSymbol":"p","decimalMark":".","decimalPlaces":2,"thousandsSeparator":",","isoCode":"GBP"},"format":{"month":"MMM"},"showBillingAddress":true,"collectionAlwaysAvailable":true,"LANGUAGESWITCH":false,"useExternalAuthentication":true,"externalSecureDomain":"https:\u002F\u002Fsecure.tesco.com","externalLoginUrl":"\u002Faccount\u002Flogin\u002Fen-GB","externalRegistrationUrl":"\u002Faccount\u002Fen-GB\u002Fregister?newReg=true","externalRegistrationConfirmationPageUrl":"\u002Faccount\u002Fen-GB\u002Fregister\u002Fconfirm?success=true","externalLogoutUrl":"\u002Faccount\u002Flogin\u002Fen-GB\u002Flogout?from=","useExternalMyAccount":true,"externalMyAccountUrl":"\u002Faccount\u002Fen-GB\u002Fmanage","externalAddressBookUrl":"\u002Faccount\u002Fen-GB\u002Fmanage\u002Faddress-book","externalAddAddressUrl":"\u002Faccount\u002Fen-GB\u002Fmanage\u002Faddress-book\u002Fadd-address","externalEditAddressUrl":"\u002Faccount\u002Fen-GB\u002Fmanage\u002Faddress-book\u002Fchange-address","externalAuthCookies":["OAuth.AccessToken"],"displayShowMoreLess":true,"displayDeliveryTabDescription":false,"loyaltyCardNumberLength":18,"loyaltyCardPrefix":"63400952","serviceAvailableAreas":"London, ...","trolleyOrderSummary":{"fullSummaryInAmend":false,"showSavings":true},"creditCardsSupport":["visa","visa-debit","mastercard","american-express","maestro","tesco-debit","tesco-credit","visa-electron-not-supported"],"threeDSecureSupport":["american_express_safekey","verified_by_visa","mastercard_securecode"],"supportedCards":[{"type":"maestro","pattern":"^(5018|5020|5038|6304|6759|676[1-3])","format":"(\\d{16})","length":16,"cvcLength":[3],"luhn":true,"icon":"icon-card-maestro"},{"type":"mastercard","pattern":"^5[1-5]\\d{14}$|^2(?:2(?:2[1-9]|[3-9]\\d)|[3-6]\\d\\d|7(?:[01]\\d|20))\\d{12}$","format":"(\\d{16})","length":16,"cvcLength":[3],"luhn":true,"icon":"icon-card-mastercard"},{"type":"amex","pattern":"^3[47]","format":"(\\d{15})","length":15,"cvcLength":[4],"luhn":true,"icon":"icon-card-american-express"},{"type":"visa-electron","pattern":"^(4026|417500|4405|4508|4844|4913|4917)","format":"(\\d{16})","length":16,"cvcLength":[3],"luhn":true,"icon":"icon-card-visa-electron-not-supported"},{"type":"visa","pattern":"^4","format":"(\\d{16})","length":16,"cvcLength":[3],"luhn":true,"icon":"icon-card-visa"},{"type":"savedCard","pattern":"^\\*","format":"(\\*{12}\\d{4})","length":16,"luhn":false}],"customInstructions":false,"showInstructions":true,"allowAllCharsInInstructions":false,"paymentGatewayUrl":"\u002Fgroceries\u002Fghspay\u002FvalidatePayment\u002F?Lego=true","showOrderTypeChangeWarning":true,"showHomeAmendOrderContextCard":true,"showFirstSlotColAsToday":true,"showSecondSlotColAsTomorrow":true,"paymentErrorCodes":["CheckoutStatusError","DeAuthenticateError","DeliverySlotUnavailable","FailedToCreateOrder","FieldValidationError","InvalidCardLength","InvalidPAResResponse","InvalidPaymentCard","InvalidPaymentCardNumber","IssueNumberValidation","NoBasketItem","PaymentCardAuthorisationFailed","PaymentCardExpired","PaymentCardNotFound","PaymentReservationFailed","ReservationExpired","SecurityCodeValidation","UnableToCancelDeliverySlot","UnableToConfirmDeliverySlot","UnableToGetDeliverySlotDetails"],"payment":{"processor":"ghspayapp","bank3dsCallbackUrl":"\u002Fcheckout\u002F3ds\u002Fprocess-uk","showShortExpiryYear":true,"padExpiryMonth":true,"process3dsUrl":"\u002Fgroceries\u002Fghspay\u002FProcessAuthentication\u002F?Lego=true","threeDSecureRedirectUrl":"\u002Fcheckout\u002F3ds","successRedirectUrl":"\u002Fcheckout\u002Fprocess-order-confirmation","failureRedirectUrl":"\u002Fcheckout\u002Fpayment-options","cookieRefresh":{"enabled":false},"saveCard":{"enabled":true,"fieldName":"issaveselected"},"includeXIDin3DS":false,"additional3dsParams":["basketid","xid"]},"paymentFieldNames":{"cardholderName":"nameonthecard","cardNumber":"cardnumber","cardSecurityCode":"securitycode","expiryMonth":"expirymonth","expiryYear":"expiryyear"},"isCardPaymentFirst":false,"showAmendCheckoutButton":true,"showAmendOrderBarMenu":false,"showAmendOrderBarSaveButton":false,"showAmendOrderPage":true,"showPostcodeSearch":true,"showSearchByPostcode":true,"allowAmendSlot":true,"showAboutOurChargesLink":true,"showMinBasketChargeHelpLink":true,"orderSummary":{"showCollectionInstructions":false},"amendCutoff15MinsEarlier":true,"sameDaySlotSurcharge":2,"checkout":{"show-terms-and-conditions":true,"disallowInAmendMode":false,"showBaglessBanner":false,"showBagOptions":true,"showBaglessMessage":true,"offersType":"promotionType","donationInfo":{"link":"https:\u002F\u002Fdonate.redcross.org.uk\u002Fappeal\u002Fukraine-crisis-appeal?utm_campaign=Ukraine%20Crisis%20Appeal&utm_source=Unknown&utm_medium=Unknown&utm_content=Donate%20Landing_Donate%20-%20DEC%20Ukraine%20Humanitarian%20Appeal&utm_term=175154_Tescos%20Customers&c_name=Ukraine%20Crisis%20Appeal&c_source=Unknown&c_medium=Unknown&c_creative=Donate%20Landing_Donate%20-%20DEC%20Ukraine%20Humanitarian%20Appeal&c_code=175154&adg=Tescos%20Customers"},"haveYouForgottenStep":{"enabled":true},"steps":[{"page":"review-trolley","path":"\u002Ftrolley","title":"checkout:common.review-your-trolley"},{"page":"recommendations","isConditional":true,"path":"\u002Fcheckout\u002Frecommendations","title":"checkout:common.recommendations"},{"page":"have-you-forgotten","isConditional":true,"path":"\u002Fcheckout\u002Fhave-you-forgotten","title":"checkout:common.have-you-forgotten"},{"page":"order-summary","path":"\u002Fcheckout\u002Forder-summary","title":"checkout:order-summary.title"},{"page":"payment-options","path":"\u002Fcheckout\u002Fpayment-options","title":"checkout:common.payment-options"},{"page":"order-confirmation","path":"\u002Fcheckout\u002Fconfirmation","title":"checkout:common.order-confirmation"}]},"showSideBasketMessaging":true,"showSideBasketSavings":true,"showProductMessage":true,"enableBrowserWarning":true,"enableChangeOfCardInAmendMode":true,"promotionWarnings":true,"showPromotionStartDate":true,"showReconstructedOfferMsg":true,"enableChangeSlotOnbasketTileInAmendmode":true,"PSD2Enabled":false,"coupons":{"showTermsAndInst":true,"useLocaleForErrors":true,"enableRemove":false,"enableSelect":true,"enableHeadings":true,"errorCodes":["campaignlimitreached","campaignmonetorylimitreached","couponexpired","couponinvalidforcustomer","couponinvalidforstore","couponnotyetvalid","couponusagelimitreached","errorinsmartcouponservice","failed","invalidcouponcode","itemexists","misseddeliveryslot","missedquantity","norecords","notexist","redeemed","redemptionlimitreached","reserved","service-unavailable","undefined","excessdeduction","unfitable","unfittable"]},"useMango":{"productPage":true},"promotionsByDepartment":{"localData":true,"file":"promotions-by-department.json"},"displayNewFulfilmentUI":true,"bypassOptimizelyAndUseFirstNonDefaultVariant":false,"bypassOptimizelyAndUseDefaultVariant":false,"GDPRCompliance":true,"useEmailWhitelist":true,"showSlotsHub":true,"feedbackLinks":true,"foresee":true,"showLineItemSubstitutionPreference":true,"showPickerNotes":true,"useNewMyOrdersDesign":true,"showExtendedTrolleySummary":true,"showViewBasketInOpenOrder":true,"linkToMartini":true,"cookiePreferences":true,"showGroupAndSlotTitle":true,"useUpdatedServiceChargeLabels":true,"sameDayClickAndCollectEnabled":true,"propositionalMessageEnabled":true,"showSameDayMultipleDeliveryWarning":true,"usualsEnabled":true,"ajaxUnbookSlotEnabled":true,"allowMultipleAddresses":true,"bagMessageAndLinkEnabled":true,"changePaymentDetailsEnabled":true,"greenClubcardPointsEnabled":true,"showShelfLifeInfo":true,"favouritesWhyNotTry":true,"enableCheckoutJourneyModals":false,"enableSubstitutionPreferences":true,"renderSubstitutionContentAccordion":true,"favSpecialOffers":true,"enableFavOffers":true,"lazyLoadFavPromotedOffers":true,"enableLifestyleAndDietaryProductFilters":true,"enableFavoritesFilters":true,"enableMissedOfferTrackingInAnalytics":true,"multiSearchEnabled":true,"enableRatingsReviewsListing":true,"enableRatingsReviewsSubmission":true,"enableWismo":true,"hasFixedCollectionPoints":true,"enableNewCheckoutRecommendationsTile":true,"enableMfeBasket":true,"search":{"suggestionsUrl":"https:\u002F\u002Fsearch.api.tesco.com\u002Fsuggestion\u002F?distchannel=ghs&limit=10&query=","enableCancelButton":true},"dfp":{"enabled":true,"adUnitPath":"\u002F8326\u002Fgrocery\u002F","limitedAdsEnabled":true,"testAdUnitPath":"\u002F8326\u002Fbeta-grocery\u002F"},"martiniCookiesToRemoveOnLogout":["APC","BranchNumber","BTCCMS","CID","CustomerId","gpv_p15","OAuth.AccessToken","Orderid","PS","PSSC","PSyncHint","RegistrationSource","servicecharge","sessionTest","slotdateendtime","slotdatestarttime","SSVars","t","TWT","u","UIMode","UUID","v"],"isoCurrencyCode":"GBP","addByAdjustment":true,"bigNav":{"groceries":{"label":"groceries","url":"\u002Fshop","chevron":true,"activate":"toggleNavMenu"},"myProducts":{"label":"my-favourites","url":"\u002Ffavorites","requiresAuthentication":true},"recipes":{"label":"recipes","externalUrl":"https:\u002F\u002Frealfood.tesco.com\u002F","url":"\u002Fzone\u002Frecipes"},"promotions":{"label":"promotions","url":"\u002Fpromotions"},"events":{"label":"events-page","url":"\u002Fevents","configurable":"eventsPageEnabled","feature":"eventsPage","cmsNav":true},"deliverySaver":{"label":"delivery-saver","externalUrl":"https:\u002F\u002Fwww.tesco.com\u002FDeliverySaver\u002F"}},"recommenders":{"enabled":true,"product_details":{"strategy":"ubt","variant":"20","moduleType":"p","panelType":"t","pageId":"product_details","analyticsEventType":"product-details"},"search":{"strategy":"variant","variant":"search","moduleType":"sr","panelType":"t","pageId":"searchPLP"},"empty_search":{"strategy":"ts","variant":"6","moduleType":"sr","panelType":"t","pageId":"searchPLP"},"category":{"strategy":"ubt","variant":"20-3","panelType":"t","pageId":"browsePLP"},"home_page":{"strategy":"ts","variant":"6","moduleType":"h","panelType":"t","pageId":"home"},"promotions":{"strategy":"ubt","variant":"20-3","moduleType":"so","panelType":"t","pageId":"promotionsPLP"},"favorites":{"strategy":"ubt","variant":"20","moduleType":"f","panelType":"t","pageId":"favoritesPLP"},"buylist":{"strategy":"ubt","variant":"20","moduleType":"bl","panelType":"t","pageId":"buylistPLP"},"full-basket":{"strategy":"ts","variant":"6","moduleType":"bl","panelType":"t","pageId":"trolleyFullPLP"},"checkout":{"strategy":"morpheus","variant":"rt1-----yml","moduleType":"csl","panelType":"t","pageId":"reviewBasket"},"promotions1183":{"strategy":"variant","variant":"checkout","pageId":"recommendations","panelType":"t","moduleType":"csl","analyticsEventType":"special-offers"}},"optimizely":{"siteId":"GHS"},"ratingsReviews":{"ratingText":{"overCharLimit":2000,"minCharLimit":10},"ratingTitle":{"overCharLimit":50}},"paymentUI":{"enabled":true,"gatewayUrl":"\u002Fpayment","externalDomain":"https:\u002F\u002Fpayment-ppe.tesco.com","consumerId":"ghs-uk","successRedirectUrl":"\u002Fcheckout\u002Fprocess-order-confirmation","storeMigration":false,"paymentReferenceEnterprise":false},"productDetails":{"useDigitalContentProductImages":true},"showDeliveryAddressInAccordion":true,"showVeganMessaging":true,"showCollectLinkForUnavailableHDSlot":true,"slotsHubPage":{"notificationMessage":{"delivery":false,"collection":false,"ondemand":true,"ondemandcollection":true},"showLegalInfo":true,"subscriptIcons":{"delivery":"^","collection":"†","ondemand":"","ondemandcollection":""},"lineNumber":{"delivery":[1,2],"collection":[1,2,3],"ondemand":[1,2,3],"ondemandcollection":[1,2,3]}},"ondemand":{"minutesBeforeSlotExpiryWarning":5},"showNewAmendBar":true,"showMiniTrolleyFavsCTA":true,"wismoOrderDeliveredDisplayInMinutes":15,"myOrdersDDL":true,"includeFulfilmentOptions":true,"fetchGetFulfilmentOptionOnHomePage":false,"displayClubcardDetails":true,"getLoyaltyQueryTimeout":700,"promoByDepartmentTypeCheck":true,"useDCSv3":true,"regularPriceDisplay":true,"newFavNavEnabled":true,"lastOrderEnabled":true,"slotPageFavCTA":true,"trolleyPageFavCTA":true,"showPriceOnUnavailableTile":true,"showFavSpecialOfferFilter":true,"showFavUnavailableFilter":true,"defaultSortOptions":["relevance","price-ascending","price-descending"],"showOneCheckoutOrderConfirmation":true,"showCheckoutBannerTexts":true,"blackLogoDisplay":false,"showOneCheckoutOrderSummary":true},"ghsapp-uk":{"productDetails":{"enableHeaderWrapperAndMiniTrolley":false,"enableTaxonomy":false,"enableBreadcrumbs":false,"enableFooter":false,"renderOnlyProductBlocksAndTerms":true},"checkout":{"showSignoutAndContinueActions":false,"confirmation":{"showSimpleFooter":true},"haveYouForgottenStep":{"enabled":false},"steps":[{"page":"order-summary","path":"\u002Fcheckout\u002Forder-summary","title":"checkout:order-summary.title"},{"page":"payment-options","path":"\u002Fcheckout\u002Fpayment-options","title":"checkout:common.payment-options"},{"page":"order-confirmation","path":"\u002Fcheckout\u002Fconfirmation","title":"checkout:common.order-confirmation"}],"enableCreditCardHelp":false,"enableAmendOrder":false,"enableAmendDelivery":false,"enableContinueShopping":false,"enableViewConfirmedOrder":false,"enableCancelChanges":false,"enableAddAddressModal":false,"enableSubmittingSpinner":false,"invalidTrolleyErrors":{"slotExpiredInAmend":{"external":true,"url":"tesco-ghs-app:\u002F\u002Fbookaslot?source=checkout"},"invalidSlot":{"external":true,"url":"tesco-ghs-app:\u002F\u002Fbookaslot?source=checkout"},"noItemsInBasket":{"external":true,"url":"tesco-ghs-app:\u002F\u002Fhome?source=checkout"},"allItemsUnavailable":{"external":true,"url":"tesco-ghs-app:\u002F\u002Fbasket?source=checkout"}}},"showInstructions":false,"externalLoginUrl":"\u002Faccount\u002Flogin\u002Fen-GB?consumer=app","externalAddAddressUrl":"\u002Fregister\u002FaddressBook.aspx","dfp":{"enabled":false},"enableRatingsReviewsListing":false,"paymentUI":{"consumerId":"ghsapp-uk"}},"ghsnativeapp-uk":{"checkout":{"showSignoutAndContinueActions":false,"confirmation":{"showSimpleFooter":true},"haveYouForgottenStep":{"enabled":false},"steps":[{"page":"order-summary","path":"\u002Fcheckout\u002Forder-summary","title":"checkout:order-summary.title"},{"page":"payment-options","path":"\u002Fcheckout\u002Fpayment-options","title":"checkout:common.payment-options"},{"page":"order-confirmation","path":"\u002Fcheckout\u002Fconfirmation","title":"checkout:common.order-confirmation"}],"enableCreditCardHelp":false,"enableAmendOrder":false,"enableAmendDelivery":false,"enableContinueShopping":false,"enableViewConfirmedOrder":false,"enableCancelChanges":false,"enableAddAddressModal":false,"enableSubmittingSpinner":false,"invalidTrolleyErrors":{"slotExpiredInAmend":{"external":true,"url":"tesco-ghs-app:\u002F\u002Fbookaslot?source=checkout"},"invalidSlot":{"external":true,"url":"tesco-ghs-app:\u002F\u002Fbookaslot?source=checkout"},"noItemsInBasket":{"external":true,"url":"tesco-ghs-app:\u002F\u002Fhome?source=checkout"},"allItemsUnavailable":{"external":true,"url":"tesco-ghs-app:\u002F\u002Fbasket?source=checkout"}}},"showInstructions":false,"externalLoginUrl":"\u002Faccount\u002Flogin\u002Fen-GB?consumer=app","externalAddAddressUrl":"\u002Fregister\u002FaddressBook.aspx","homePageLink":{"en-GB":"tesco-ghs-app:\u002F\u002Fhome"},"dfp":{"enabled":false},"enableRatingsReviewsListing":false,"paymentUI":{"consumerId":"ghsnativeapp-uk"},"showUtilityHeader":false},"webview-android-app":{"useWebViewLayout":true,"hideBreadCrumb":true,"enableRatingsReviewsSubmission":false,"product":{"disableRestOfShelfLink":true,"disablePDPLink":true,"disablePromotionLink":true}},"webview-ios-app":{"useWebViewLayout":true,"hideBreadCrumb":true,"enableRatingsReviewsSubmission":false,"product":{"disableRestOfShelfLink":true,"disablePDPLink":true,"disablePromotionLink":true}}}}}</script>
        <link href="./tesco_html_brand_drinks_files/UK-554ab7b42e.en-GB.js.download" rel="preload" as="script">
        <link href="./tesco_html_brand_drinks_files/static-vendor.bundle.07a529d39fa55b5a4b98.js.download" rel="preload" as="script">
        <link href="./tesco_html_brand_drinks_files/static-common.bundle.926c5e26d972ffce7b3f.js.download" rel="preload" as="script">
          <link href="./tesco_html_brand_drinks_files/static-categories.bundle.64935db59419f99294a0.js.download" rel="preload" as="script">
    <script type="application/json" id="cookiePreferences">
      {"displayInterrupt":false,"experience":false,"advertising":false}
    </script>
    <script type="text/javascript">var usingAppJS=true;"use strict";!function(e,t,n){var r=[],o=[],i={_version:"3.5.0",_config:{classPrefix:"",enableClasses:!0,enableJSClass:!0,usePrefixes:!0},_q:[],on:function(e,t){var n=this;setTimeout(function(){t(n[e])},0)},addTest:function(e,t,n){o.push({name:e,fn:t,options:n})},addAsyncTest:function(e){o.push({name:null,fn:e})}},s=function(){};s.prototype=i,s=new s;var a=i._config.usePrefixes?" -webkit- -moz- -o- -ms- ".split(" "):["",""];function l(e,t){return typeof e===t}i._prefixes=a;var u=t.documentElement,c="svg"===u.nodeName.toLowerCase();function f(e){var t=u.className,n=s._config.classPrefix||"";if(c&&(t=t.baseVal),usingAppJS){var r=new RegExp("(^|\\s)"+n+"no-js(\\s|$)");t=t.replace(r,"$1"+n+"js$2")}s._config.enableClasses&&(t+=" "+n+e.join(" "+n),c?u.className.baseVal=t:u.className=t)}c||function(e,t){var n,r,o=e.html5||{},i=/^<|^(?:button|map|select|textarea|object|iframe|option|optgroup)$/i,s=/^(?:a|b|code|div|fieldset|h1|h2|h3|h4|h5|h6|i|label|li|ol|p|q|span|strong|style|table|tbody|td|th|tr|ul)$/i,a="_html5shiv",l=0,u={};function c(){var e=m.elements;return"string"==typeof e?e.split(" "):e}function f(e){var t=u[e[a]];return t||(t={},l++,e[a]=l,u[l]=t),t}function d(e,n,o){return n||(n=t),r?n.createElement(e):(o||(o=f(n)),!(a=o.cache[e]?o.cache[e].cloneNode():s.test(e)?(o.cache[e]=o.createElem(e)).cloneNode():o.createElem(e)).canHaveChildren||i.test(e)||a.tagUrn?a:o.frag.appendChild(a));var a}function p(e){e||(e=t);var o=f(e);return!m.shivCSS||n||o.hasCSS||(o.hasCSS=!!function(e,t){var n=e.createElement("p"),r=e.getElementsByTagName("head")[0]||e.documentElement;return n.innerHTML="x<style>"+t+"</style>",r.insertBefore(n.lastChild,r.firstChild)}(e,"article,aside,dialog,figcaption,figure,footer,header,hgroup,main,nav,section{display:block}mark{background:#FF0;color:#000}template{display:none}")),r||function(e,t){t.cache||(t.cache={},t.createElem=e.createElement,t.createFrag=e.createDocumentFragment,t.frag=t.createFrag()),e.createElement=function(n){return m.shivMethods?d(n,e,t):t.createElem(n)},e.createDocumentFragment=Function("h,f","return function(){var n=f.cloneNode(),c=n.createElement;h.shivMethods&&("+c().join().replace(/[\w\-:]+/g,function(e){return t.createElem(e),t.frag.createElement(e),'c("'+e+'")'})+");return n}")(m,t.frag)}(e,o),e}!function(){try{var e=t.createElement("a");e.innerHTML="<xyz></xyz>",n="hidden"in e,r=1==e.childNodes.length||function(){t.createElement("a");var e=t.createDocumentFragment();return void 0===e.cloneNode||void 0===e.createDocumentFragment||void 0===e.createElement}()}catch(e){n=!0,r=!0}}();var m={elements:o.elements||"abbr article aside audio bdi canvas data datalist details dialog figcaption figure footer header hgroup main mark meter nav output picture progress section summary template time video",version:"3.7.3",shivCSS:!1!==o.shivCSS,supportsUnknownElements:r,shivMethods:!1!==o.shivMethods,type:"default",shivDocument:p,createElement:d,createDocumentFragment:function(e,n){if(e||(e=t),r)return e.createDocumentFragment();for(var o=(n=n||f(e)).frag.cloneNode(),i=0,s=c(),a=s.length;i<a;i++)o.createElement(s[i]);return o},addElements:function(e,t){var n=m.elements;"string"!=typeof n&&(n=n.join(" ")),"string"!=typeof e&&(e=e.join(" ")),m.elements=n+" "+e,p(t)}};e.html5=m,p(t),"object"==typeof module&&module.exports&&(module.exports=m)}(void 0!==e?e:this,t);var d,p,m=i._config.usePrefixes?"Moz O ms Webkit".toLowerCase().split(" "):[];function h(e,t){if("object"==typeof e)for(var n in e)d(e,n)&&h(n,e[n]);else{var r=(e=e.toLowerCase()).split("."),o=s[r[0]];if(2==r.length&&(o=o[r[1]]),void 0!==o)return s;t="function"==typeof t?t():t,1==r.length?s[r[0]]=t:(!s[r[0]]||s[r[0]]instanceof Boolean||(s[r[0]]=new Boolean(s[r[0]])),s[r[0]][r[1]]=t),f([(t&&0!=t?"":"no-")+r.join("-")]),s._trigger(e,t)}return s}i._domPrefixes=m,d=l(p={}.hasOwnProperty,"undefined")||l(p.call,"undefined")?function(e,t){return t in e&&l(e.constructor.prototype[t],"undefined")}:function(e,t){return p.call(e,t)},i._l={},i.on=function(e,t){this._l[e]||(this._l[e]=[]),this._l[e].push(t),s.hasOwnProperty(e)&&setTimeout(function(){s._trigger(e,s[e])},0)},i._trigger=function(e,t){if(this._l[e]){var n=this._l[e];setTimeout(function(){var e;for(e=0;e<n.length;e++)(0,n[e])(t)},0),delete this._l[e]}},s._q.push(function(){i.addTest=h});var v="CSS"in e&&"supports"in e.CSS,g="supportsCSS"in e;function y(){return"function"!=typeof t.createElement?t.createElement(arguments[0]):c?t.createElementNS.call(t,"http://www.w3.org/2000/svg",arguments[0]):t.createElement.apply(t,arguments)}function C(e,n,r,o){var i,s,a,l,f="modernizr",d=y("div"),p=function(){var e=t.body;return e||((e=y(c?"svg":"body")).fake=!0),e}();if(parseInt(r,10))for(;r--;)(a=y("div")).id=o?o[r]:f+(r+1),d.appendChild(a);return(i=y("style")).type="text/css",i.id="s"+f,(p.fake?p:d).appendChild(i),p.appendChild(d),i.styleSheet?i.styleSheet.cssText=e:i.appendChild(t.createTextNode(e)),d.id=f,p.fake&&(p.style.background="",p.style.overflow="hidden",l=u.style.overflow,u.style.overflow="hidden",u.appendChild(p)),s=n(d,e),p.fake?(p.parentNode.removeChild(p),u.style.overflow=l,u.offsetHeight):d.parentNode.removeChild(d),!!s}s.addTest("supports",v||g);var S,b=(S=e.matchMedia||e.msMatchMedia)?function(e){var t=S(e);return t&&t.matches||!1}:function(t){var n=!1;return C("@media "+t+" { #modernizr { position: absolute; } }",function(t){n="absolute"==(e.getComputedStyle?e.getComputedStyle(t,null):t.currentStyle).position}),n};i.mq=b;var x=i.testStyles=C;s.addTest("touchevents",function(){var n;if("ontouchstart"in e||e.DocumentTouch&&t instanceof DocumentTouch)n=!0;else{var r=["@media (",a.join("touch-enabled),("),"heartz",")","{#modernizr{top:9px;position:absolute}}"].join("");x(r,function(e){n=9===e.offsetTop})}return n});var w=i._config.usePrefixes?"Moz O ms Webkit".split(" "):[];function E(e,t){return function(){return e.apply(t,arguments)}}i._cssomPrefixes=w;var _={elem:y("modernizr")};s._q.push(function(){delete _.elem});var T={style:_.elem.style};function z(e){return e.replace(/([A-Z])/g,function(e,t){return"-"+t.toLowerCase()}).replace(/^ms-/,"-ms-")}function P(t,r){var o=t.length;if("CSS"in e&&"supports"in e.CSS){for(;o--;)if(e.CSS.supports(z(t[o]),r))return!0;return!1}if("CSSSupportsRule"in e){for(var i=[];o--;)i.push("("+z(t[o])+":"+r+")");return C("@supports ("+(i=i.join(" or "))+") { #modernizr { position: absolute; } }",function(t){return"absolute"==function(t,n,r){var o;if("getComputedStyle"in e){o=getComputedStyle.call(e,t,n);var i=e.console;null!==o?r&&(o=o.getPropertyValue(r)):i&&i[i.error?"error":"log"].call(i,"getComputedStyle returning null, its possible modernizr test results are inaccurate")}else o=!n&&t.currentStyle&&t.currentStyle[r];return o}(t,null,"position")})}return n}function j(e,t,r,o){if(o=!l(o,"undefined")&&o,!l(r,"undefined")){var i=P(e,r);if(!l(i,"undefined"))return i}for(var s,a,u,c,f,d=["modernizr","tspan","samp"];!T.style&&d.length;)s=!0,T.modElem=y(d.shift()),T.style=T.modElem.style;function p(){s&&(delete T.style,delete T.modElem)}for(u=e.length,a=0;a<u;a++)if(c=e[a],f=T.style[c],~(""+c).indexOf("-")&&(c=c.replace(/([a-z])-([a-z])/g,function(e,t,n){return t+n.toUpperCase()}).replace(/^-/,"")),T.style[c]!==n){if(o||l(r,"undefined"))return p(),"pfx"!=t||c;try{T.style[c]=r}catch(e){}if(T.style[c]!=f)return p(),"pfx"!=t||c}return p(),!1}s._q.unshift(function(){delete T.style});i.testProp=function(e,t,r){return j([e],n,t,r)};function k(e,t,n,r,o){var i=e.charAt(0).toUpperCase()+e.slice(1),s=(e+" "+w.join(i+" ")+i).split(" ");return l(t,"string")||l(t,"undefined")?j(s,t,r,o):function(e,t,n){var r;for(var o in e)if(e[o]in t)return!1===n?e[o]:l(r=t[e[o]],"function")?E(r,n||t):r;return!1}(s=(e+" "+m.join(i+" ")+i).split(" "),t,n)}function N(e,t,r){return k(e,n,n,t,r)}i.testAllProps=k,i.testAllProps=N,s.addTest("flexbox",N("flexBasis","1px",!0)),s.addTest("flexboxlegacy",N("boxDirection","reverse",!0)),s.addTest("csstransforms",function(){return-1===navigator.userAgent.indexOf("Android 2.")&&N("transform","scale(1)",!0)}),s.addTest("csstransforms3d",function(){var e=!!N("perspective","1px",!0),t=s._config.usePrefixes;if(e&&(!t||"webkitPerspective"in u.style)){var n;s.supports?n="@supports (perspective: 1px)":(n="@media (transform-3d)",t&&(n+=",(-webkit-transform-3d)")),x("#modernizr{width:0;height:0}"+(n+="{#modernizr{width:7px;height:18px;margin:0;padding:0;border:0}}"),function(t){e=7===t.offsetWidth&&18===t.offsetHeight})}return e}),s.addTest("csstransitions",N("transition","all",!0)),function(){var e,t,n,i,a,u;for(var c in o)if(o.hasOwnProperty(c)){if(e=[],(t=o[c]).name&&(e.push(t.name.toLowerCase()),t.options&&t.options.aliases&&t.options.aliases.length))for(n=0;n<t.options.aliases.length;n++)e.push(t.options.aliases[n].toLowerCase());for(i=l(t.fn,"function")?t.fn():t.fn,a=0;a<e.length;a++)1===(u=e[a].split(".")).length?s[u[0]]=i:(!s[u[0]]||s[u[0]]instanceof Boolean||(s[u[0]]=new Boolean(s[u[0]])),s[u[0]][u[1]]=i),r.push((i?"":"no-")+u.join("-"))}}(),f(r),delete i.addTest,delete i.addAsyncTest;for(var M=0;M<s._q.length;M++)s._q[M]();e.Modernizr=s}(window,document);"use strict";Modernizr.addTest("ios8",function(){return!!(navigator.appVersion||"").match(/OS 8_(\d+)_?(\d+)? like Mac OS X/)}),Modernizr.addTest("ie",function(){return!!(navigator.appVersion||"").match(/(MSIE|Trident)/)});!function(t,e){for(var n in e)t[n]=e[n]}(window,function(t){var e={};function n(r){if(e[r])return e[r].exports;var o=e[r]={i:r,l:!1,exports:{}};return t[r].call(o.exports,o,o.exports,n),o.l=!0,o.exports}return n.m=t,n.c=e,n.d=function(t,e,r){n.o(t,e)||Object.defineProperty(t,e,{enumerable:!0,get:r})},n.r=function(t){"undefined"!=typeof Symbol&&Symbol.toStringTag&&Object.defineProperty(t,Symbol.toStringTag,{value:"Module"}),Object.defineProperty(t,"__esModule",{value:!0})},n.t=function(t,e){if(1&e&&(t=n(t)),8&e)return t;if(4&e&&"object"==typeof t&&t&&t.__esModule)return t;var r=Object.create(null);if(n.r(r),Object.defineProperty(r,"default",{enumerable:!0,value:t}),2&e&&"string"!=typeof t)for(var o in t)n.d(r,o,function(e){return t[e]}.bind(null,o));return r},n.n=function(t){var e=t&&t.__esModule?function(){return t.default}:function(){return t};return n.d(e,"a",e),e},n.o=function(t,e){return Object.prototype.hasOwnProperty.call(t,e)},n.p="",n(n.s=37)}([function(t,e){var n=t.exports="undefined"!=typeof window&&window.Math==Math?window:"undefined"!=typeof self&&self.Math==Math?self:Function("return this")();"number"==typeof __g&&(__g=n)},function(t,e){t.exports=function(t){return"object"==typeof t?null!==t:"function"==typeof t}},function(t,e,n){var r=n(10)("wks"),o=n(11),i=n(0).Symbol,u="function"==typeof i;(t.exports=function(t){return r[t]||(r[t]=u&&i[t]||(u?i:o)("Symbol."+t))}).store=r},function(t,e,n){var r=n(1);t.exports=function(t){if(!r(t))throw TypeError(t+" is not an object!");return t}},function(t,e){t.exports=function(t){try{return!!t()}catch(t){return!0}}},function(t,e){var n=t.exports={version:"2.6.11"};"number"==typeof __e&&(__e=n)},function(t,e,n){"use strict";var r,o,i=n(25),u=RegExp.prototype.exec,c=String.prototype.replace,a=u,l=(r=/a/,o=/b*/g,u.call(r,"a"),u.call(o,"a"),0!==r.lastIndex||0!==o.lastIndex),f=void 0!==/()??/.exec("")[1];(l||f)&&(a=function(t){var e,n,r,o,a=this;return f&&(n=new RegExp("^"+a.source+"$(?!\\s)",i.call(a))),l&&(e=a.lastIndex),r=u.call(a,t),l&&r&&(a.lastIndex=a.global?r.index+r[0].length:e),f&&r&&r.length>1&&c.call(r[0],n,function(){for(o=1;o<arguments.length-2;o++)void 0===arguments[o]&&(r[o]=void 0)}),r}),t.exports=a},function(t,e,n){var r=n(29),o=n(33);t.exports=n(8)?function(t,e,n){return r.f(t,e,o(1,n))}:function(t,e,n){return t[e]=n,t}},function(t,e,n){t.exports=!n(4)(function(){return 7!=Object.defineProperty({},"a",{get:function(){return 7}}).a})},function(t,e){var n={}.toString;t.exports=function(t){return n.call(t).slice(8,-1)}},function(t,e,n){var r=n(5),o=n(0),i=o["__core-js_shared__"]||(o["__core-js_shared__"]={});(t.exports=function(t,e){return i[t]||(i[t]=void 0!==e?e:{})})("versions",[]).push({version:r.version,mode:n(18)?"pure":"global",copyright:"© 2019 Denis Pushkarev (zloirock.ru)"})},function(t,e){var n=0,r=Math.random();t.exports=function(t){return"Symbol(".concat(void 0===t?"":t,")_",(++n+r).toString(36))}},function(t,e){t.exports=function(t){if("function"!=typeof t)throw TypeError(t+" is not a function!");return t}},function(t,e){var n=Math.ceil,r=Math.floor;t.exports=function(t){return isNaN(t=+t)?0:(t>0?r:n)(t)}},function(t,e){t.exports=function(t){if(null==t)throw TypeError("Can't call method on  "+t);return t}},function(t,e,n){var r=n(0),o=n(7),i=n(34),u=n(11)("src"),c=n(35),a=(""+c).split("toString");n(5).inspectSource=function(t){return c.call(t)},(t.exports=function(t,e,n,c){var l="function"==typeof n;l&&(i(n,"name")||o(n,"name",e)),t[e]!==n&&(l&&(i(n,u)||o(n,u,t[e]?""+t[e]:a.join(String(e)))),t===r?t[e]=n:c?t[e]?t[e]=n:o(t,e,n):(delete t[e],o(t,e,n)))})(Function.prototype,"toString",function(){return"function"==typeof this&&this[u]||c.call(this)})},function(t,e,n){"use strict";var r=n(17),o=n(3),i=n(19),u=n(20),c=n(22),a=n(23),l=n(6),f=n(4),s=Math.min,p=[].push,d=!f(function(){RegExp(4294967295,"y")});n(26)("split",2,function(t,e,n,f){var v;return v="c"=="abbc".split(/(b)*/)[1]||4!="test".split(/(?:)/,-1).length||2!="ab".split(/(?:ab)*/).length||4!=".".split(/(.?)(.?)/).length||".".split(/()()/).length>1||"".split(/.?/).length?function(t,e){var o=String(this);if(void 0===t&&0===e)return[];if(!r(t))return n.call(o,t,e);for(var i,u,c,a=[],f=(t.ignoreCase?"i":"")+(t.multiline?"m":"")+(t.unicode?"u":"")+(t.sticky?"y":""),s=0,d=void 0===e?4294967295:e>>>0,v=new RegExp(t.source,f+"g");(i=l.call(v,o))&&!((u=v.lastIndex)>s&&(a.push(o.slice(s,i.index)),i.length>1&&i.index<o.length&&p.apply(a,i.slice(1)),c=i[0].length,s=u,a.length>=d));)v.lastIndex===i.index&&v.lastIndex++;return s===o.length?!c&&v.test("")||a.push(""):a.push(o.slice(s)),a.length>d?a.slice(0,d):a}:"0".split(void 0,0).length?function(t,e){return void 0===t&&0===e?[]:n.call(this,t,e)}:n,[function(n,r){var o=t(this),i=null==n?void 0:n[e];return void 0!==i?i.call(n,o,r):v.call(String(o),n,r)},function(t,e){var r=f(v,t,this,e,v!==n);if(r.done)return r.value;var l=o(t),p=String(this),g=i(l,RegExp),h=l.unicode,y=(l.ignoreCase?"i":"")+(l.multiline?"m":"")+(l.unicode?"u":"")+(d?"y":"g"),x=new g(d?l:"^(?:"+l.source+")",y),m=void 0===e?4294967295:e>>>0;if(0===m)return[];if(0===p.length)return null===a(x,p)?[p]:[];for(var b=0,E=0,S=[];E<p.length;){x.lastIndex=d?E:0;var w,_=a(x,d?p:p.slice(E));if(null===_||(w=s(c(x.lastIndex+(d?0:E)),p.length))===b)E=u(p,E,h);else{if(S.push(p.slice(b,E)),S.length===m)return S;for(var j=1;j<=_.length-1;j++)if(S.push(_[j]),S.length===m)return S;E=b=w}}return S.push(p.slice(b)),S}]})},function(t,e,n){var r=n(1),o=n(9),i=n(2)("match");t.exports=function(t){var e;return r(t)&&(void 0!==(e=t[i])?!!e:"RegExp"==o(t))}},function(t,e){t.exports=!1},function(t,e,n){var r=n(3),o=n(12),i=n(2)("species");t.exports=function(t,e){var n,u=r(t).constructor;return void 0===u||null==(n=r(u)[i])?e:o(n)}},function(t,e,n){"use strict";var r=n(21)(!0);t.exports=function(t,e,n){return e+(n?r(t,e).length:1)}},function(t,e,n){var r=n(13),o=n(14);t.exports=function(t){return function(e,n){var i,u,c=String(o(e)),a=r(n),l=c.length;return a<0||a>=l?t?"":void 0:(i=c.charCodeAt(a))<55296||i>56319||a+1===l||(u=c.charCodeAt(a+1))<56320||u>57343?t?c.charAt(a):i:t?c.slice(a,a+2):u-56320+(i-55296<<10)+65536}}},function(t,e,n){var r=n(13),o=Math.min;t.exports=function(t){return t>0?o(r(t),9007199254740991):0}},function(t,e,n){"use strict";var r=n(24),o=RegExp.prototype.exec;t.exports=function(t,e){var n=t.exec;if("function"==typeof n){var i=n.call(t,e);if("object"!=typeof i)throw new TypeError("RegExp exec method returned something other than an Object or null");return i}if("RegExp"!==r(t))throw new TypeError("RegExp#exec called on incompatible receiver");return o.call(t,e)}},function(t,e,n){var r=n(9),o=n(2)("toStringTag"),i="Arguments"==r(function(){return arguments}());t.exports=function(t){var e,n,u;return void 0===t?"Undefined":null===t?"Null":"string"==typeof(n=function(t,e){try{return t[e]}catch(t){}}(e=Object(t),o))?n:i?r(e):"Object"==(u=r(e))&&"function"==typeof e.callee?"Arguments":u}},function(t,e,n){"use strict";var r=n(3);t.exports=function(){var t=r(this),e="";return t.global&&(e+="g"),t.ignoreCase&&(e+="i"),t.multiline&&(e+="m"),t.unicode&&(e+="u"),t.sticky&&(e+="y"),e}},function(t,e,n){"use strict";n(27);var r=n(15),o=n(7),i=n(4),u=n(14),c=n(2),a=n(6),l=c("species"),f=!i(function(){var t=/./;return t.exec=function(){var t=[];return t.groups={a:"7"},t},"7"!=="".replace(t,"$<a>")}),s=function(){var t=/(?:)/,e=t.exec;t.exec=function(){return e.apply(this,arguments)};var n="ab".split(t);return 2===n.length&&"a"===n[0]&&"b"===n[1]}();t.exports=function(t,e,n){var p=c(t),d=!i(function(){var e={};return e[p]=function(){return 7},7!=""[t](e)}),v=d?!i(function(){var e=!1,n=/a/;return n.exec=function(){return e=!0,null},"split"===t&&(n.constructor={},n.constructor[l]=function(){return n}),n[p](""),!e}):void 0;if(!d||!v||"replace"===t&&!f||"split"===t&&!s){var g=/./[p],h=n(u,p,""[t],function(t,e,n,r,o){return e.exec===a?d&&!o?{done:!0,value:g.call(e,n,r)}:{done:!0,value:t.call(n,e,r)}:{done:!1}}),y=h[0],x=h[1];r(String.prototype,t,y),o(RegExp.prototype,p,2==e?function(t,e){return x.call(t,this,e)}:function(t){return x.call(t,this)})}}},function(t,e,n){"use strict";var r=n(6);n(28)({target:"RegExp",proto:!0,forced:r!==/./.exec},{exec:r})},function(t,e,n){var r=n(0),o=n(5),i=n(7),u=n(15),c=n(36),a=function(t,e,n){var l,f,s,p,d=t&a.F,v=t&a.G,g=t&a.S,h=t&a.P,y=t&a.B,x=v?r:g?r[e]||(r[e]={}):(r[e]||{}).prototype,m=v?o:o[e]||(o[e]={}),b=m.prototype||(m.prototype={});for(l in v&&(n=e),n)s=((f=!d&&x&&void 0!==x[l])?x:n)[l],p=y&&f?c(s,r):h&&"function"==typeof s?c(Function.call,s):s,x&&u(x,l,s,t&a.U),m[l]!=s&&i(m,l,p),h&&b[l]!=s&&(b[l]=s)};r.core=o,a.F=1,a.G=2,a.S=4,a.P=8,a.B=16,a.W=32,a.U=64,a.R=128,t.exports=a},function(t,e,n){var r=n(3),o=n(30),i=n(32),u=Object.defineProperty;e.f=n(8)?Object.defineProperty:function(t,e,n){if(r(t),e=i(e,!0),r(n),o)try{return u(t,e,n)}catch(t){}if("get"in n||"set"in n)throw TypeError("Accessors not supported!");return"value"in n&&(t[e]=n.value),t}},function(t,e,n){t.exports=!n(8)&&!n(4)(function(){return 7!=Object.defineProperty(n(31)("div"),"a",{get:function(){return 7}}).a})},function(t,e,n){var r=n(1),o=n(0).document,i=r(o)&&r(o.createElement);t.exports=function(t){return i?o.createElement(t):{}}},function(t,e,n){var r=n(1);t.exports=function(t,e){if(!r(t))return t;var n,o;if(e&&"function"==typeof(n=t.toString)&&!r(o=n.call(t)))return o;if("function"==typeof(n=t.valueOf)&&!r(o=n.call(t)))return o;if(!e&&"function"==typeof(n=t.toString)&&!r(o=n.call(t)))return o;throw TypeError("Can't convert object to primitive value")}},function(t,e){t.exports=function(t,e){return{enumerable:!(1&t),configurable:!(2&t),writable:!(4&t),value:e}}},function(t,e){var n={}.hasOwnProperty;t.exports=function(t,e){return n.call(t,e)}},function(t,e,n){t.exports=n(10)("native-function-to-string",Function.toString)},function(t,e,n){var r=n(12);t.exports=function(t,e,n){if(r(t),void 0===e)return t;switch(n){case 1:return function(n){return t.call(e,n)};case 2:return function(n,r){return t.call(e,n,r)};case 3:return function(n,r,o){return t.call(e,n,r,o)}}return function(){return t.apply(e,arguments)}}},function(t,e,n){"use strict";n.r(e),n(16);var r=function(t){var e=t.split("/").pop(),n=function(t){var e;return"function"==typeof window.Event?e=new Event(t):document.createEvent&&(e=document.createEvent("Event")).initEvent(t,!0,!0),e}("".concat(e,":loaded"));window.dispatchEvent(n)},o=function(t,e){for(;t[e[0]];){var n=e.shift();t[n].executed||(t[n].callback(),t[n].executed=!0,r(n))}},i=function(){return"currentScript"in document},u=function t(e,n,i,u){var c=(e.target||e.srcElement).getAttribute("src");n[c].removeEventListener("load",t),n[c].setAttribute("data-loaded","true"),i[c]||(i[c]={executed:!0},r(c)),delete n[c],o(i,u)},c=function(t,e,n,r){var o=function(){var t=document.createElement("script");return t.setAttribute("data-loaded","false"),t.type="text/javascript",t.charset="utf-8",t.async=i(),t}();return o.addEventListener("load",function(t){u(t,e,n,r)}),e[t]=o,o.src=t,e[t]};function a(t){var e=t.target||t.srcElement;e.setAttribute("media","all"),e.removeEventListener("load",a)}var l=function(){var t=document.getElementById("deferred-styles");if(t){var e=document.createElement("div");e.innerHTML=t.textContent;for(var n=e.getElementsByTagName("link"),r=0;r<n.length;r+=1)n[r].setAttribute("media","gertcha"),n[r].addEventListener("load",a);document.body.appendChild(e),t.parentElement.removeChild(t)}};n.d(e,"addDependencyQueue",function(){return g}),n.d(e,"_init",function(){return x}),n.d(e,"hasCurrentScript",function(){return i});var f={},s=[],p={},d=document.getElementsByTagName("head")[0];function v(t){var e=document.currentScript||v.currentScript;if(e){var n=e&&e.getAttribute("src");f[n]||(f[n]={callback:t,executed:!1}),o(f,s)}}function g(t){for(var e=0,n=t.length;e<n;e+=1){var r=t[e];if(!f[r]&&!p[r]){s.push(r);var o=c(r,p,f,s);d.appendChild(o)}}}function h(t){for(var e=0;e<t.length;e+=1)t[e]&&g(JSON.parse(t[e].innerHTML))}function y(){h(document.body.querySelectorAll("script[data-dependencies=deferred]")),requestAnimationFrame(l)}function x(){"loading"===document.readyState?document.addEventListener("DOMContentLoaded",y):y()}i()||Object.defineProperty(v,"currentScript",{get:function(){return d.querySelectorAll("script[data-loaded=false]")[0]}}),h(d.querySelectorAll("script[data-dependencies=immediate]")),window.addEventListener("load",function(){h(document.body.querySelectorAll("script[data-dependencies=late]"))}),x(),window.gertcha=v,v.addDependencyQueue=g,e.default=v}]));window.dataLayer = [{'cookiePreferences': JSON.parse(document.getElementById('cookiePreferences').innerText),'env':'container-prd','gtm.start':Date.now(),'event':'gtm.js'}];</script>
  <style data-styled="active" data-styled-version="5.3.3"></style>
<script nonce="">bazadebezolkohpepadr="192571967"</script><script type="text/javascript" src="./tesco_html_brand_drinks_files/b7a69ef" nonce="" defer=""></script><script data-loaded="true" type="text/javascript" charset="utf-8" async="" src="./tesco_html_brand_drinks_files/UK-554ab7b42e.en-GB.js.download"></script><script data-loaded="true" type="text/javascript" charset="utf-8" async="" src="./tesco_html_brand_drinks_files/static-vendor.bundle.07a529d39fa55b5a4b98.js.download"></script><script data-loaded="true" type="text/javascript" charset="utf-8" async="" src="./tesco_html_brand_drinks_files/static-common.bundle.926c5e26d972ffce7b3f.js.download"></script><script data-loaded="true" type="text/javascript" charset="utf-8" async="" src="./tesco_html_brand_drinks_files/static-categories.bundle.64935db59419f99294a0.js.download"></script><script data-loaded="true" type="text/javascript" charset="utf-8" async="" src="./tesco_html_brand_drinks_files/gtm.js.download"></script><script data-loaded="true" type="text/javascript" charset="utf-8" async="" src="./tesco_html_brand_drinks_files/gpt.js.download"></script><meta http-equiv="origin-trial" content="Az6AfRvI8mo7yiW5fLfj04W21t0ig6aMsGYpIqMTaX60H+b0DkO1uDr+7BrzMcimWzv/X7SXR8jI+uvbV0IJlwYAAACFeyJvcmlnaW4iOiJodHRwczovL2RvdWJsZWNsaWNrLm5ldDo0NDMiLCJmZWF0dXJlIjoiUHJpdmFjeVNhbmRib3hBZHNBUElzIiwiZXhwaXJ5IjoxNjgwNjUyNzk5LCJpc1N1YmRvbWFpbiI6dHJ1ZSwiaXNUaGlyZFBhcnR5Ijp0cnVlfQ=="><meta http-equiv="origin-trial" content="A+USTya+tNvDPaxUgJooz+LaVk5hPoAxpLvSxjogX4Mk8awCTQ9iop6zJ9d5ldgU7WmHqBlnQB41LHHRFxoaBwoAAACLeyJvcmlnaW4iOiJodHRwczovL2dvb2dsZXN5bmRpY2F0aW9uLmNvbTo0NDMiLCJmZWF0dXJlIjoiUHJpdmFjeVNhbmRib3hBZHNBUElzIiwiZXhwaXJ5IjoxNjgwNjUyNzk5LCJpc1N1YmRvbWFpbiI6dHJ1ZSwiaXNUaGlyZFBhcnR5Ijp0cnVlfQ=="><meta http-equiv="origin-trial" content="A7FovoGr67TUBYbnY+Z0IKoJbbmRmB8fCyirUGHavNDtD91CiGyHHSA2hDG9r9T3NjUKFi6egL3RbgTwhhcVDwUAAACLeyJvcmlnaW4iOiJodHRwczovL2dvb2dsZXRhZ3NlcnZpY2VzLmNvbTo0NDMiLCJmZWF0dXJlIjoiUHJpdmFjeVNhbmRib3hBZHNBUElzIiwiZXhwaXJ5IjoxNjgwNjUyNzk5LCJpc1N1YmRvbWFpbiI6dHJ1ZSwiaXNUaGlyZFBhcnR5Ijp0cnVlfQ=="><script src="./tesco_html_brand_drinks_files/pubads_impl_2022111501.js.download" nonce="" async=""></script><script id="gtagScr" src="./tesco_html_brand_drinks_files/js"></script><script charset="utf-8" src="./tesco_html_brand_drinks_files/dynamic-home.bundle.a8f2468331d996c0d6b6.js.download"></script></head>
<body id="data-attributes" data-language="en-GB" data-page="spa.js" data-app-name="prd" data-assets="{&quot;\u002Fimages\u002FHP_newuser_1.png&quot;:&quot;\u002Fimages\u002FHP_newuser_1-49fe2a5008.png&quot;,&quot;\u002Fimages\u002FHP_newuser_2.png&quot;:&quot;\u002Fimages\u002FHP_newuser_2-8954c4520e.png&quot;,&quot;\u002Fimages\u002FHP_newuser_3.png&quot;:&quot;\u002Fimages\u002FHP_newuser_3-96bc33ae4d.png&quot;,&quot;\u002Fimages\u002FHP_newuser_browse.png&quot;:&quot;\u002Fimages\u002FHP_newuser_browse-16d489042d.png&quot;,&quot;\u002Fimages\u002FHP_newuser_div.png&quot;:&quot;\u002Fimages\u002FHP_newuser_div-524b95e70d.png&quot;,&quot;\u002Fimages\u002FHP_newuser_pay.png&quot;:&quot;\u002Fimages\u002FHP_newuser_pay-577f94bf07.png&quot;,&quot;\u002Fimages\u002FHP_newuser_slot.png&quot;:&quot;\u002Fimages\u002FHP_newuser_slot-635faa26be.png&quot;,&quot;\u002Fimages\u002Fapple_contextcards.png&quot;:&quot;\u002Fimages\u002Fapple_contextcards-505ee64a75.png&quot;,&quot;\u002Fimages\u002Fbarbecue.jpg&quot;:&quot;\u002Fimages\u002Fbarbecue-3dfdb51489.jpg&quot;,&quot;\u002Fimages\u002Fbasket_icon.png&quot;:&quot;\u002Fimages\u002Fbasket_icon-32a5b5366f.png&quot;,&quot;\u002Fimages\u002Fbasket_icon.svg&quot;:&quot;\u002Fimages\u002Fbasket_icon-d551d82ae9.svg&quot;,&quot;\u002Fimages\u002Fboil.jpg&quot;:&quot;\u002Fimages\u002Fboil-bb437ff173.jpg&quot;,&quot;\u002Fimages\u002Fboil_bag.jpg&quot;:&quot;\u002Fimages\u002Fboil_bag-cb1abb96a9.jpg&quot;,&quot;\u002Fimages\u002Fbook_collection.png&quot;:&quot;\u002Fimages\u002Fbook_collection-27c9b8a110.png&quot;,&quot;\u002Fimages\u002Fbroken_eggs.png&quot;:&quot;\u002Fimages\u002Fbroken_eggs-261bc9a1d5.png&quot;,&quot;\u002Fimages\u002Fcherries.jpg&quot;:&quot;\u002Fimages\u002Fcherries-a9aa59cd06.jpg&quot;,&quot;\u002Fimages\u002Fcoffee_1.jpg&quot;:&quot;\u002Fimages\u002Fcoffee_1-2aabb3766a.jpg&quot;,&quot;\u002Fimages\u002Fcoffee_2.jpg&quot;:&quot;\u002Fimages\u002Fcoffee_2-8446fc55d2.jpg&quot;,&quot;\u002Fimages\u002Fcoffee_3.jpg&quot;:&quot;\u002Fimages\u002Fcoffee_3-185849a734.jpg&quot;,&quot;\u002Fimages\u002Fcoffee_4.jpg&quot;:&quot;\u002Fimages\u002Fcoffee_4-45ee1672ac.jpg&quot;,&quot;\u002Fimages\u002Fcoffee_5.jpg&quot;:&quot;\u002Fimages\u002Fcoffee_5-610a6325be.jpg&quot;,&quot;\u002Fimages\u002Fcogs.png&quot;:&quot;\u002Fimages\u002Fcogs-57335b794c.png&quot;,&quot;\u002Fimages\u002Fcollection_header.png&quot;:&quot;\u002Fimages\u002Fcollection_header-7f3c9dd017.png&quot;,&quot;\u002Fimages\u002Fcollection_step1.jpg&quot;:&quot;\u002Fimages\u002Fcollection_step1-8b062e06d3.jpg&quot;,&quot;\u002Fimages\u002Fcollection_step2.jpg&quot;:&quot;\u002Fimages\u002Fcollection_step2-35aa5b664f.jpg&quot;,&quot;\u002Fimages\u002Fcollection_step3.jpg&quot;:&quot;\u002Fimages\u002Fcollection_step3-001c9c3a84.jpg&quot;,&quot;\u002Fimages\u002Fcollection_step4.jpg&quot;:&quot;\u002Fimages\u002Fcollection_step4-1b3c493b88.jpg&quot;,&quot;\u002Fimages\u002Fdbd-registered.png&quot;:&quot;\u002Fimages\u002Fdbd-registered-1b8c83e84f.png&quot;,&quot;\u002Fimages\u002Fdeep_fry.jpg&quot;:&quot;\u002Fimages\u002Fdeep_fry-59e4d19c3b.jpg&quot;,&quot;\u002Fimages\u002Fdefault-image.png&quot;:&quot;\u002Fimages\u002Fdefault-image-c2ed3e2419.png&quot;,&quot;\u002Fimages\u002Fdefrost.jpg&quot;:&quot;\u002Fimages\u002Fdefrost-755e6e640f.jpg&quot;,&quot;\u002Fimages\u002Fdelivery_header.png&quot;:&quot;\u002Fimages\u002Fdelivery_header-18b6f2faef.png&quot;,&quot;\u002Fimages\u002Fdirect-marketing.png&quot;:&quot;\u002Fimages\u002Fdirect-marketing-074cdccbb0.png&quot;,&quot;\u002Fimages\u002Fdolphin_friendly.jpg&quot;:&quot;\u002Fimages\u002Fdolphin_friendly-124c28bb1a.jpg&quot;,&quot;\u002Fimages\u002Feuro-promo-bubble.png&quot;:&quot;\u002Fimages\u002Feuro-promo-bubble-cc0b9919eb.png&quot;,&quot;\u002Fimages\u002Fgiab_book_collection.png&quot;:&quot;\u002Fimages\u002Fgiab_book_collection-27c9b8a110.png&quot;,&quot;\u002Fimages\u002Fgradient.png&quot;:&quot;\u002Fimages\u002Fgradient-197811737f.png&quot;,&quot;\u002Fimages\u002Fgreen-point.png&quot;:&quot;\u002Fimages\u002Fgreen-point-cf3ca5d09d.png&quot;,&quot;\u002Fimages\u002Fgreen-point_grey-bg.png&quot;:&quot;\u002Fimages\u002Fgreen-point_grey-bg-c861ebb31d.png&quot;,&quot;\u002Fimages\u002Fgrey-point.png&quot;:&quot;\u002Fimages\u002Fgrey-point-bd795b8979.png&quot;,&quot;\u002Fimages\u002Fgrey-point_grey-bg.png&quot;:&quot;\u002Fimages\u002Fgrey-point_grey-bg-31f632b2a8.png&quot;,&quot;\u002Fimages\u002Fgrill.jpg&quot;:&quot;\u002Fimages\u002Fgrill-0daa649260.jpg&quot;,&quot;\u002Fimages\u002Fheader-banner.jpg&quot;:&quot;\u002Fimages\u002Fheader-banner-6c69dbe105.jpg&quot;,&quot;\u002Fimages\u002Fhob.jpg&quot;:&quot;\u002Fimages\u002Fhob-a173911a57.jpg&quot;,&quot;\u002Fimages\u002Fhot_curry.jpg&quot;:&quot;\u002Fimages\u002Fhot_curry-f7593b9696.jpg&quot;,&quot;\u002Fimages\u002Fimage_tomato.png&quot;:&quot;\u002Fimages\u002Fimage_tomato-97d2cff0c0.png&quot;,&quot;\u002Fimages\u002Fimage_tomato@2x.png&quot;:&quot;\u002Fimages\u002Fimage_tomato@2x-0e16be613d.png&quot;,&quot;\u002Fimages\u002Finspirational-content\u002Ftray-bake.jpg&quot;:&quot;\u002Fimages\u002Finspirational-content\u002Ftray-bake-b63acc2dd0.jpg&quot;,&quot;\u002Fimages\u002Fkosher.jpg&quot;:&quot;\u002Fimages\u002Fkosher-ab0a67484e.jpg&quot;,&quot;\u002Fimages\u002Flogo-authorised-seller-medicines.jpg&quot;:&quot;\u002Fimages\u002Flogo-authorised-seller-medicines-73c1865e7c.jpg&quot;,&quot;\u002Fimages\u002Flow_fat.jpg&quot;:&quot;\u002Fimages\u002Flow_fat-c0b589aa82.jpg&quot;,&quot;\u002Fimages\u002Flow_gi.jpg&quot;:&quot;\u002Fimages\u002Flow_gi-0af81a4e2f.jpg&quot;,&quot;\u002Fimages\u002Flow_salt.jpg&quot;:&quot;\u002Fimages\u002Flow_salt-0ac4aeb027.jpg&quot;,&quot;\u002Fimages\u002Flow_saturates.jpg&quot;:&quot;\u002Fimages\u002Flow_saturates-443bfdad24.jpg&quot;,&quot;\u002Fimages\u002Fmanvan.png&quot;:&quot;\u002Fimages\u002Fmanvan-33ee5bc635.png&quot;,&quot;\u002Fimages\u002Fmature_cheese.jpg&quot;:&quot;\u002Fimages\u002Fmature_cheese-111779e7a3.jpg&quot;,&quot;\u002Fimages\u002Fmedicine.png&quot;:&quot;\u002Fimages\u002Fmedicine-1d03ae5ff9.png&quot;,&quot;\u002Fimages\u002Fmedium_cheese.jpg&quot;:&quot;\u002Fimages\u002Fmedium_cheese-b8727ad0e7.jpg&quot;,&quot;\u002Fimages\u002Fmedium_curry.jpg&quot;:&quot;\u002Fimages\u002Fmedium_curry-730c7027c8.jpg&quot;,&quot;\u002Fimages\u002Fmedium_gi.jpg&quot;:&quot;\u002Fimages\u002Fmedium_gi-4920aae03e.jpg&quot;,&quot;\u002Fimages\u002Fmicrowave.jpg&quot;:&quot;\u002Fimages\u002Fmicrowave-6cace97efc.jpg&quot;,&quot;\u002Fimages\u002Fmicrowave_bag.jpg&quot;:&quot;\u002Fimages\u002Fmicrowave_bag-4b61fb6e06.jpg&quot;,&quot;\u002Fimages\u002Fmicrowave_tray.jpg&quot;:&quot;\u002Fimages\u002Fmicrowave_tray-95a85d5c00.jpg&quot;,&quot;\u002Fimages\u002Fmild_cheese.jpg&quot;:&quot;\u002Fimages\u002Fmild_cheese-69c5c5542a.jpg&quot;,&quot;\u002Fimages\u002Fmild_curry.jpg&quot;:&quot;\u002Fimages\u002Fmild_curry-5943fbf8c7.jpg&quot;,&quot;\u002Fimages\u002Fmsc.jpg&quot;:&quot;\u002Fimages\u002Fmsc-bfcfc05378.jpg&quot;,&quot;\u002Fimages\u002Fno-image.jpg&quot;:&quot;\u002Fimages\u002Fno-image-af90cc3673.jpg&quot;,&quot;\u002Fimages\u002Forange-point.png&quot;:&quot;\u002Fimages\u002Forange-point-785bafd1d7.png&quot;,&quot;\u002Fimages\u002Forange-point_grey-bg.png&quot;:&quot;\u002Fimages\u002Forange-point_grey-bg-5c3d4e6b0a.png&quot;,&quot;\u002Fimages\u002Fout-of-catchment\u002Fblurred-desktop.jpg&quot;:&quot;\u002Fimages\u002Fout-of-catchment\u002Fblurred-desktop-6ff2f8ba47.jpg&quot;,&quot;\u002Fimages\u002Fout-of-catchment\u002Fblurred-mobile.jpg&quot;:&quot;\u002Fimages\u002Fout-of-catchment\u002Fblurred-mobile-63b83d8d0d.jpg&quot;,&quot;\u002Fimages\u002Fout-of-catchment\u002Fblurred-tablet.jpg&quot;:&quot;\u002Fimages\u002Fout-of-catchment\u002Fblurred-tablet-6f19611880.jpg&quot;,&quot;\u002Fimages\u002Foven.jpg&quot;:&quot;\u002Fimages\u002Foven-62af8dda97.jpg&quot;,&quot;\u002Fimages\u002Foven_frozen.jpg&quot;:&quot;\u002Fimages\u002Foven_frozen-11933107c8.jpg&quot;,&quot;\u002Fimages\u002Fperfect_cook_timer.jpg&quot;:&quot;\u002Fimages\u002Fperfect_cook_timer-08584d05eb.jpg&quot;,&quot;\u002Fimages\u002Fred_tractor.jpg&quot;:&quot;\u002Fimages\u002Fred_tractor-f62d366f99.jpg&quot;,&quot;\u002Fimages\u002Freduced_fat.jpg&quot;:&quot;\u002Fimages\u002Freduced_fat-a495f24be0.jpg&quot;,&quot;\u002Fimages\u002Freduced_salt.jpg&quot;:&quot;\u002Fimages\u002Freduced_salt-74d228ddbd.jpg&quot;,&quot;\u002Fimages\u002Freduced_saturates.jpg&quot;:&quot;\u002Fimages\u002Freduced_saturates-17ed36057e.jpg&quot;,&quot;\u002Fimages\u002Fsadphone.png&quot;:&quot;\u002Fimages\u002Fsadphone-bcfc997261.png&quot;,&quot;\u002Fimages\u002Fsamples\u002FTH-live-chat.png&quot;:&quot;\u002Fimages\u002Fsamples\u002FTH-live-chat-eb75bdacbb.png&quot;,&quot;\u002Fimages\u002Fsamples\u002Fbaby.jpg&quot;:&quot;\u002Fimages\u002Fsamples\u002Fbaby-e9d81c8545.jpg&quot;,&quot;\u002Fimages\u002Fsamples\u002Fbest-sellers.jpg&quot;:&quot;\u002Fimages\u002Fsamples\u002Fbest-sellers-d43a871886.jpg&quot;,&quot;\u002Fimages\u002Fsamples\u002Fbroccoli.jpg&quot;:&quot;\u002Fimages\u002Fsamples\u002Fbroccoli-fd53f37acb.jpg&quot;,&quot;\u002Fimages\u002Fsamples\u002Fclubcard-icon.png&quot;:&quot;\u002Fimages\u002Fsamples\u002Fclubcard-icon-6d0af67bae.png&quot;,&quot;\u002Fimages\u002Fsamples\u002Fdelivery.jpg&quot;:&quot;\u002Fimages\u002Fsamples\u002Fdelivery-d7f137b380.jpg&quot;,&quot;\u002Fimages\u002Fsamples\u002Fdrinks-large.jpg&quot;:&quot;\u002Fimages\u002Fsamples\u002Fdrinks-large-0e6b8dd8b8.jpg&quot;,&quot;\u002Fimages\u002Fsamples\u002Ffood-cupboard.jpg&quot;:&quot;\u002Fimages\u002Fsamples\u002Ffood-cupboard-db40bca55f.jpg&quot;,&quot;\u002Fimages\u002Fsamples\u002Ffresh-food.jpg&quot;:&quot;\u002Fimages\u002Fsamples\u002Ffresh-food-27d4db8d8c.jpg&quot;,&quot;\u002Fimages\u002Fsamples\u002Fguide-price.png&quot;:&quot;\u002Fimages\u002Fsamples\u002Fguide-price-e2bfd5d7ff.png&quot;,&quot;\u002Fimages\u002Fsamples\u002Fhealth-and-beauty.jpg&quot;:&quot;\u002Fimages\u002Fsamples\u002Fhealth-and-beauty-a0f002bb40.jpg&quot;,&quot;\u002Fimages\u002Fsamples\u002Fhealth-beauty-large.jpg&quot;:&quot;\u002Fimages\u002Fsamples\u002Fhealth-beauty-large-3d3ada94fd.jpg&quot;,&quot;\u002Fimages\u002Fsamples\u002Fhousehold.jpg&quot;:&quot;\u002Fimages\u002Fsamples\u002Fhousehold-bb49fd8eeb.jpg&quot;,&quot;\u002Fimages\u002Fsamples\u002Ficon-clickcollect.png&quot;:&quot;\u002Fimages\u002Fsamples\u002Ficon-clickcollect-5a9bf98524.png&quot;,&quot;\u002Fimages\u002Fsamples\u002Ficon-clickcollect.svg&quot;:&quot;\u002Fimages\u002Fsamples\u002Ficon-clickcollect-ebc1a8c432.svg&quot;,&quot;\u002Fimages\u002Fsamples\u002Fimage-unavailable-placeholder-300316.jpg&quot;:&quot;\u002Fimages\u002Fsamples\u002Fimage-unavailable-placeholder-300316-f5410830e5.jpg&quot;,&quot;\u002Fimages\u002Fsamples\u002Fimage-unavailable-placeholder-example.png&quot;:&quot;\u002Fimages\u002Fsamples\u002Fimage-unavailable-placeholder-example-2e0c3ec0c4.png&quot;,&quot;\u002Fimages\u002Fsamples\u002Flabel-icon-red.png&quot;:&quot;\u002Fimages\u002Fsamples\u002Flabel-icon-red-d68988b4e0.png&quot;,&quot;\u002Fimages\u002Fsamples\u002Flabel-icon.png&quot;:&quot;\u002Fimages\u002Fsamples\u002Flabel-icon-83ae1f30a5.png&quot;,&quot;\u002Fimages\u002Fsamples\u002Fman-with-basket.png&quot;:&quot;\u002Fimages\u002Fsamples\u002Fman-with-basket-8c8cccc39f.png&quot;,&quot;\u002Fimages\u002Fsamples\u002Forganic.jpg&quot;:&quot;\u002Fimages\u002Fsamples\u002Forganic-e63bae251c.jpg&quot;,&quot;\u002Fimages\u002Fsamples\u002Fpets.jpg&quot;:&quot;\u002Fimages\u002Fsamples\u002Fpets-e5182b3b78.jpg&quot;,&quot;\u002Fimages\u002Fsamples\u002Fpicnic.jpg&quot;:&quot;\u002Fimages\u002Fsamples\u002Fpicnic-3e487bcda8.jpg&quot;,&quot;\u002Fimages\u002Fsamples\u002Fping.png&quot;:&quot;\u002Fimages\u002Fsamples\u002Fping-ccfcd5b1ef.png&quot;,&quot;\u002Fimages\u002Fsamples\u002Fproducts.png&quot;:&quot;\u002Fimages\u002Fsamples\u002Fproducts-e08b0479a8.png&quot;,&quot;\u002Fimages\u002Fsamples\u002Fpromotions-large-tomatoes.jpg&quot;:&quot;\u002Fimages\u002Fsamples\u002Fpromotions-large-tomatoes-7986a30124.jpg&quot;,&quot;\u002Fimages\u002Fsamples\u002Fready-meals.jpg&quot;:&quot;\u002Fimages\u002Fsamples\u002Fready-meals-4a029e41c8.jpg&quot;,&quot;\u002Fimages\u002Fsamples\u002Fslider\u002FFreshMeat.jpg&quot;:&quot;\u002Fimages\u002Fsamples\u002Fslider\u002FFreshMeat-ad0a01af37.jpg&quot;,&quot;\u002Fimages\u002Fsamples\u002Fslider\u002FReadyMeal.jpg&quot;:&quot;\u002Fimages\u002Fsamples\u002Fslider\u002FReadyMeal-21043b14c8.jpg&quot;,&quot;\u002Fimages\u002Fsamples\u002Fslider\u002FYogurt.jpg&quot;:&quot;\u002Fimages\u002Fsamples\u002Fslider\u002FYogurt-7653a41d7d.jpg&quot;,&quot;\u002Fimages\u002Fsamples\u002Fslider\u002Fsalad.jpg&quot;:&quot;\u002Fimages\u002Fsamples\u002Fslider\u002Fsalad-021375c93c.jpg&quot;,&quot;\u002Fimages\u002Fsamples\u002Ftesco-brand.jpg&quot;:&quot;\u002Fimages\u002Fsamples\u002Ftesco-brand-59608c38d1.jpg&quot;,&quot;\u002Fimages\u002Fsamples\u002Ftruck-tesco-logo.png&quot;:&quot;\u002Fimages\u002Fsamples\u002Ftruck-tesco-logo-0302f48739.png&quot;,&quot;\u002Fimages\u002Fsamples\u002Fyellow_arrow_down.png&quot;:&quot;\u002Fimages\u002Fsamples\u002Fyellow_arrow_down-2e71d59753.png&quot;,&quot;\u002Fimages\u002Fshallow_fry.jpg&quot;:&quot;\u002Fimages\u002Fshallow_fry-b9e26b3bcf.jpg&quot;,&quot;\u002Fimages\u002Fsimmer.jpg&quot;:&quot;\u002Fimages\u002Fsimmer-79caa9fee4.jpg&quot;,&quot;\u002Fimages\u002Fslots-hub\u002Fapple_@2x.png&quot;:&quot;\u002Fimages\u002Fslots-hub\u002Fapple_@2x-673aebfddc.png&quot;,&quot;\u002Fimages\u002Fslots-hub\u002Fapple_normal.png&quot;:&quot;\u002Fimages\u002Fslots-hub\u002Fapple_normal-c2db227686.png&quot;,&quot;\u002Fimages\u002Fslots-hub\u002Fcollection_@2x.png&quot;:&quot;\u002Fimages\u002Fslots-hub\u002Fcollection_@2x-1e807b1ee0.png&quot;,&quot;\u002Fimages\u002Fslots-hub\u002Fcollection_normal.png&quot;:&quot;\u002Fimages\u002Fslots-hub\u002Fcollection_normal-26a196d0b5.png&quot;,&quot;\u002Fimages\u002Fslots-hub\u002Fdelivery_normal.png&quot;:&quot;\u002Fimages\u002Fslots-hub\u002Fdelivery_normal-a249611624.png&quot;,&quot;\u002Fimages\u002Fslots-hub\u002Fdelivery_van@2x.png&quot;:&quot;\u002Fimages\u002Fslots-hub\u002Fdelivery_van@2x-a47060a442.png&quot;,&quot;\u002Fimages\u002Fslots-hub\u002Ffree_trial.png&quot;:&quot;\u002Fimages\u002Fslots-hub\u002Ffree_trial-4209f25f2a.png&quot;,&quot;\u002Fimages\u002Fslots-hub\u002Ffree_trial_2x.png&quot;:&quot;\u002Fimages\u002Fslots-hub\u002Ffree_trial_2x-2ae4d3804c.png&quot;,&quot;\u002Fimages\u002Fslots-hub\u002Fie\u002Fdelivery_van@2x.png&quot;:&quot;\u002Fimages\u002Fslots-hub\u002Fie\u002Fdelivery_van@2x-6e7bf3e7ba.png&quot;,&quot;\u002Fimages\u002Fslots-hub\u002Fmotorcycle@2x.png&quot;:&quot;\u002Fimages\u002Fslots-hub\u002Fmotorcycle@2x-7eccc617aa.png&quot;,&quot;\u002Fimages\u002Fslots-hub\u002Fondemand-whoosh@2x.png&quot;:&quot;\u002Fimages\u002Fslots-hub\u002Fondemand-whoosh@2x-567b31e8e8.png&quot;,&quot;\u002Fimages\u002Fslots-hub\u002Fondemandcollection-whoosh@2x.png&quot;:&quot;\u002Fimages\u002Fslots-hub\u002Fondemandcollection-whoosh@2x-7e0ef87982.png&quot;,&quot;\u002Fimages\u002Fslots-hub\u002Fprice-free.png&quot;:&quot;\u002Fimages\u002Fslots-hub\u002Fprice-free-18ebd82c03.png&quot;,&quot;\u002Fimages\u002Fslots-hub\u002Fprice-from.png&quot;:&quot;\u002Fimages\u002Fslots-hub\u002Fprice-from-5e4a19c30f.png&quot;,&quot;\u002Fimages\u002Fsteam.jpg&quot;:&quot;\u002Fimages\u002Fsteam-734da45ed2.jpg&quot;,&quot;\u002Fimages\u002Fstir_fry.jpg&quot;:&quot;\u002Fimages\u002Fstir_fry-d490111a66.jpg&quot;,&quot;\u002Fimages\u002Fsuitable_for_home_freezing.jpg&quot;:&quot;\u002Fimages\u002Fsuitable_for_home_freezing-7278624a1a.jpg&quot;,&quot;\u002Fimages\u002Ftea_1.jpg&quot;:&quot;\u002Fimages\u002Ftea_1-f4e695c3b4.jpg&quot;,&quot;\u002Fimages\u002Ftea_2.jpg&quot;:&quot;\u002Fimages\u002Ftea_2-bbdc4c8abe.jpg&quot;,&quot;\u002Fimages\u002Ftea_3.jpg&quot;:&quot;\u002Fimages\u002Ftea_3-724adb9c61.jpg&quot;,&quot;\u002Fimages\u002Ftea_4.jpg&quot;:&quot;\u002Fimages\u002Ftea_4-c32f58cd7f.jpg&quot;,&quot;\u002Fimages\u002Ftea_5.jpg&quot;:&quot;\u002Fimages\u002Ftea_5-5b68628c35.jpg&quot;,&quot;\u002Fimages\u002Ftesco_logo.png&quot;:&quot;\u002Fimages\u002Ftesco_logo-7fdd0f8480.png&quot;,&quot;\u002Fimages\u002Ftoast.jpg&quot;:&quot;\u002Fimages\u002Ftoast-1a28be72db.jpg&quot;,&quot;\u002Fimages\u002Fvegan.jpg&quot;:&quot;\u002Fimages\u002Fvegan-7bf83082ad.jpg&quot;,&quot;\u002Fimages\u002Fvegetarian.jpg&quot;:&quot;\u002Fimages\u002Fvegetarian-8abf6db5ad.jpg&quot;,&quot;\u002Fimages\u002Fwaiting-room.jpg&quot;:&quot;\u002Fimages\u002Fwaiting-room-2e019bd025.jpg&quot;,&quot;\u002Fimages\u002Fwine_1.jpg&quot;:&quot;\u002Fimages\u002Fwine_1-65cb457a59.jpg&quot;,&quot;\u002Fimages\u002Fwine_2.jpg&quot;:&quot;\u002Fimages\u002Fwine_2-3bba8cd58a.jpg&quot;,&quot;\u002Fimages\u002Fwine_3.jpg&quot;:&quot;\u002Fimages\u002Fwine_3-69cf95bf91.jpg&quot;,&quot;\u002Fimages\u002Fwine_4.jpg&quot;:&quot;\u002Fimages\u002Fwine_4-3c04211129.jpg&quot;,&quot;\u002Fimages\u002Fwine_5.jpg&quot;:&quot;\u002Fimages\u002Fwine_5-d497b4f04e.jpg&quot;,&quot;\u002Fimages\u002Fwine_6.jpg&quot;:&quot;\u002Fimages\u002Fwine_6-182b494026.jpg&quot;,&quot;\u002Fimages\u002Fwine_7.jpg&quot;:&quot;\u002Fimages\u002Fwine_7-49b82728f3.jpg&quot;,&quot;\u002Fimages\u002Fwine_8.jpg&quot;:&quot;\u002Fimages\u002Fwine_8-01de558a33.jpg&quot;,&quot;\u002Fimages\u002Fwine_a.jpg&quot;:&quot;\u002Fimages\u002Fwine_a-981caeb691.jpg&quot;,&quot;\u002Fimages\u002Fwine_b.jpg&quot;:&quot;\u002Fimages\u002Fwine_b-31be5a1750.jpg&quot;,&quot;\u002Fimages\u002Fwine_c.jpg&quot;:&quot;\u002Fimages\u002Fwine_c-031a0b27eb.jpg&quot;,&quot;\u002Fimages\u002Fwine_d.jpg&quot;:&quot;\u002Fimages\u002Fwine_d-2488cb3701.jpg&quot;,&quot;\u002Fimages\u002Fwine_e.jpg&quot;:&quot;\u002Fimages\u002Fwine_e-613120eb78.jpg&quot;,&quot;\u002Fimages\u002Fxmas-buylist-modal\u002FChristmas-Food-Phase3-sides.jpg&quot;:&quot;\u002Fimages\u002Fxmas-buylist-modal\u002FChristmas-Food-Phase3-sides-a085cb55cb.jpg&quot;,&quot;\u002Fimages\u002Fxmas-buylist-modal\u002FChristmas-Food-Phase3-turkey.jpg&quot;:&quot;\u002Fimages\u002Fxmas-buylist-modal\u002FChristmas-Food-Phase3-turkey-dec4d2643f.jpg&quot;,&quot;\u002Fimages\u002Fxmas-buylist-modal\u002FCracklingGammonJointMapleBourbonGlaze.jpg&quot;:&quot;\u002Fimages\u002Fxmas-buylist-modal\u002FCracklingGammonJointMapleBourbonGlaze-7e260b6c21.jpg&quot;,&quot;\u002Fimages\u002Fxmas-buylist-modal\u002FFinestChocolateOrangeGingerCake_Option_3.jpg&quot;:&quot;\u002Fimages\u002Fxmas-buylist-modal\u002FFinestChocolateOrangeGingerCake_Option_3-520a64c607.jpg&quot;,&quot;\u002Fimages\u002Fxmas-buylist-modal\u002FFinestChristmasDinnerfor2.jpg&quot;:&quot;\u002Fimages\u002Fxmas-buylist-modal\u002FFinestChristmasDinnerfor2-01a3b10f08.jpg&quot;,&quot;\u002Fimages\u002Fxmas-buylist-modal\u002FTesco_Easy_Carve_Lamb_Shoulder_with_Wild_Garlic.jpg&quot;:&quot;\u002Fimages\u002Fxmas-buylist-modal\u002FTesco_Easy_Carve_Lamb_Shoulder_with_Wild_Garlic-ea6767c6e2.jpg&quot;,&quot;\u002Fscripts\u002Fforesee-config.js&quot;:&quot;\u002Fscripts\u002Fforesee-config-5f1688d2fc.js&quot;,&quot;\u002Fstyles\u002Ficons\u002Fsprites\u002Fpng\u002Fpayment-icons.png&quot;:&quot;\u002Fstyles\u002Ficons\u002Fsprites\u002Fpng\u002Fpayment-icons-afc1809efb.png&quot;,&quot;\u002Fstyles\u002Ficons\u002Fsprites\u002Fsvg\u002Fhazardous-icons.svg&quot;:&quot;\u002Fstyles\u002Ficons\u002Fsprites\u002Fsvg\u002Fhazardous-icons-f8a76d4f0d.svg&quot;}" data-device="{&quot;userAgent&quot;:&quot;Mozilla\u002F5.0 (Windows NT 10.0; Win64; x64) AppleWebKit\u002F537.36 (KHTML, like Gecko) Chrome\u002F107.0.0.0 Safari\u002F537.36&quot;,&quot;cutsMustard&quot;:true,&quot;showBrowserWarning&quot;:false,&quot;isStockAndroid&quot;:false,&quot;isOldAndroid&quot;:false,&quot;deviceType&quot;:&quot;desktop&quot;,&quot;browserType&quot;:&quot;Chrome&quot;,&quot;operatingSystem&quot;:&quot;Windows&quot;,&quot;operatingSystemMajorVersion&quot;:10,&quot;osName&quot;:&quot;Windows&quot;,&quot;osMajorVersion&quot;:&quot;10&quot;,&quot;browserVersion&quot;:&quot;107&quot;}" data-csrf-token="0WbpBJF9-cS-fAMl-ByHnl5hECj1JaZiBQ20" data-environment="container" data-features="{&quot;includeFulfilmentOptions&quot;:true,&quot;bypassOptimizelyAndUseFirstNonDefaultVariant&quot;:false,&quot;bypassOptimizelyAndUseDefaultVariant&quot;:false,&quot;GDPRCompliance&quot;:true,&quot;forceFallbackHomePageData&quot;:false,&quot;showSlotsHub&quot;:true,&quot;eventsPage&quot;:true,&quot;feedbackLinks&quot;:true,&quot;foresee&quot;:true,&quot;multiSearchEnabled&quot;:true,&quot;optimizelyEnabled&quot;:true,&quot;debugExperiments&quot;:false,&quot;useEmailWhitelist&quot;:true,&quot;useUpdatedServiceChargeLabels&quot;:true,&quot;allowMultipleAddresses&quot;:true,&quot;dfpProductList&quot;:true,&quot;showShelfLifeInfo&quot;:true,&quot;showPickerNotes&quot;:true,&quot;showLineItemSubstitutionPreference&quot;:true,&quot;enableSubstitutionPreferences&quot;:true,&quot;enableLifestyleAndDietaryProductFilters&quot;:true,&quot;enableRatingsReviewsSubmission&quot;:true,&quot;enableRatingsReviewsListing&quot;:true,&quot;enableVatInvoice&quot;:false,&quot;displayNewFulfilmentUI&quot;:true,&quot;enableWismo&quot;:true,&quot;enableLoginUsingMobileNumber&quot;:false,&quot;showFDOXMessaging&quot;:false,&quot;testDFPBanners&quot;:false,&quot;allowAmendSlot&quot;:true}" data-grocery-domain="www.tesco.com" data-base-path="groceries" data-icons-svg="/groceries/web-assets/styles/icons/data.svg/UK-9c7463c43f.css" data-logged-in-action="" data-region="UK" data-consumer="default" data-external-secure-domain="https://secure.tesco.com" data-timezone="Europe/London" data-user-details="{&quot;isAuthenticated&quot;:false,&quot;isRegistered&quot;:false,&quot;isFirstTimeBuyer&quot;:false,&quot;segments&quot;:[],&quot;atrc&quot;:&quot;f2bd100c-2ff5-43c4-b661-c566f00a1f75&quot;,&quot;storeId&quot;:&quot;3060&quot;,&quot;trkid&quot;:&quot;2ad4ceeb-2df5-436e-9960-9a539674b6aa&quot;}" class="">
<div id="content"><div><div class="content-wrapper  "><div id="sticky-bar-wrapper" class="styled__StickyBarWrapper-m9pl68-0 lirHUY sticky-bar-container"><div id="sticky-bar-cookie-wrapper" class="styled__StickyBarCookieWrapper-m9pl68-1 jQHqgy sticky-bar-ddl"><span></span></div></div><div class="header-wrapper"><nav id="skip-links" aria-label="Skip links"><div role="presentation"><ul class="base-components__BaseList-sc-1mosoyj-2 styled__List-dbleqk-0 hbeGIw kdUHwa styled__SkipToContentStyled-s7psqt-0 kzLKLf skip-to-content beans-skip-to-content__list"><li class="styled__ListItem-dbleqk-1 fhDYUg beans-skip-to-content__list-item"><a class="styled__Anchor-sc-1xbujuz-0 cwkdVr styled__StyledLink-dbleqk-2 jlOzJT beans-skip-to-content__link beans-link__anchor" href="https://www.tesco.com/groceries/en-GB/shop/drinks/all#main"><span class="styled__Text-sc-1xbujuz-1 ldbwMG beans-link__text">Skip to main content</span></a></li><li class="styled__ListItem-dbleqk-1 fhDYUg beans-skip-to-content__list-item"><a class="styled__Anchor-sc-1xbujuz-0 cwkdVr styled__StyledLink-dbleqk-2 jlOzJT beans-skip-to-content__link beans-link__anchor" href="https://www.tesco.com/groceries/en-GB/shop/drinks/all#search-input"><span class="styled__Text-sc-1xbujuz-1 ldbwMG beans-link__text">Skip to search</span></a></li><li class="styled__ListItem-dbleqk-1 fhDYUg beans-skip-to-content__list-item"><a class="styled__Anchor-sc-1xbujuz-0 cwkdVr styled__StyledLink-dbleqk-2 jlOzJT beans-skip-to-content__link beans-link__anchor" href="https://www.tesco.com/groceries/en-GB/shop/drinks/all#mini-trolley"><span class="styled__Text-sc-1xbujuz-1 ldbwMG beans-link__text">Skip to basket</span></a></li></ul></div></nav><nav aria-label="Account links" class="base-components__RootElement-sc-1mosoyj-1 styled__Container-nyybm8-0 kochV fGFLqh utility-header__StyledAppBar-iaq4c3-0 kbJIun utility-bar utility-bar-sticky beans-appbar__container" role="navigation"><div class="base-components__RootElement-sc-1mosoyj-1 styled-slwnqq-0 jptQqM klNHKd styled__StyledGrid-nyybm8-1 biNYOO beans-appbar__grid beans-grid__container"><div class="base-components__RootElement-sc-1mosoyj-1 styled-erqp9a-0 jptQqM eXOEcI styled__StyledRow-nyybm8-2 lmlFRV beans-appbar__row beans-grid__row"><div class="base-components__RootElement-sc-1mosoyj-1 styled-sc-1p7y193-0 jptQqM dToEom styled__StyledColumn-nyybm8-3 odkLa beans-appbar__column beans-grid__column"><ul aria-orientation="horizontal" class="base-components__BaseList-sc-1mosoyj-2 styled__UnorderedList-sc-1jzfemx-0 hbeGIw lfYWQr beans-appbar__menu-list beans-menu__menu-list" direction="leftToRight" orientation="horizontal" role="menubar" tabindex="-1"><li class="styled__ListItem-sc-7fugv7-0 jBBTTu beans-appbar__menu-item beans-menu__menu-item" orientation="horizontal" role="menuitem"><a class="styled__Anchor-sc-1xbujuz-0 bDhkHK beans-menu__menu-item-node beans-link__anchor" role="button" href="https://secure.tesco.com/account/en-GB/register?newReg=true&amp;from=https%3A%2F%2Fwww.tesco.com%2Fgroceries%2Fen-GB%2Fshop%2Ffresh-food%2Fchristmas-fresh-food%2Fall%3Fcount%3D48%26page%3D2" id="utility-header-registration-link" aria-current="false" aria-haspopup="false"><span class="styled__Text-sc-1xbujuz-1 ldbwMG beans-link__text">Register</span></a></li><li class="styled__ListItem-sc-7fugv7-0 jBBTTu beans-appbar__menu-item beans-menu__menu-item" orientation="horizontal" role="menuitem"><a class="styled__Anchor-sc-1xbujuz-0 bDhkHK beans-menu__menu-item-node beans-link__anchor" role="button" href="https://www.tesco.com/account/login/en-GB?from=https%3A%2F%2Fwww.tesco.com%2Fgroceries%2Fen-GB%2Fshop%2Ffresh-food%2Fchristmas-fresh-food%2Fall%3Fcount%3D48%26page%3D2" id="utility-header-login-link" aria-current="false" aria-haspopup="false"><span class="styled__Text-sc-1xbujuz-1 ldbwMG beans-link__text">Sign in</span></a></li><li class="styled__ListItem-sc-7fugv7-0 jBBTTu beans-appbar__menu-item beans-menu__menu-item" orientation="horizontal" role="menuitem" rel="help noopener"><a class="styled__Anchor-sc-1xbujuz-0 bDhkHK beans-menu__menu-item-node beans-link__anchor" role="button" href="https://www.tesco.com/help/contact/" id="utility-header-contact-us-link" rel="help noopener" aria-current="false" aria-haspopup="false"><span class="styled__Text-sc-1xbujuz-1 ldbwMG beans-link__text">Contact us</span></a></li><li class="styled__ListItem-sc-7fugv7-0 jBBTTu beans-appbar__menu-item beans-menu__menu-item" orientation="horizontal" role="menuitem" target="_blank" rel="help noopener"><a class="styled__Anchor-sc-1xbujuz-0 bDhkHK beans-menu__menu-item-node beans-link__anchor" role="button" href="https://www.tesco.com/groceries/en-GB/help/" id="utility-header-help-link" target="_blank" rel="help noopener" aria-current="false" aria-haspopup="false"><span class="styled__Text-sc-1xbujuz-1 ldbwMG beans-link__text">Help</span></a></li></ul></div></div></div></nav><div class="brand-header-wrapper"><header class="brand-header brand-header--sticky brand-header--with-search brand-header--multi-search-enabled"><div class="brand-header__main-column"><div class="brand-header__main"><div class="brand-header__nav-button"><a aria-controls="nav" aria-haspopup="true" aria-expanded="false" role="button" data-auto="burger-menu-icon" class="icon-burger_menu_icon" href="https://www.tesco.com/groceries/en-GB/shop/drinks/all#nav"><span class="visually-hidden">Open navigation</span></a></div><div class="brand-header__logo"><a href="https://www.tesco.com/groceries/en-GB/" class="brand-logo-link  pull-left" title="Go to homepage"><svg class="beans-dynamic-logo__logo beans-tesco-logo__svg" preserveAspectRatio="xMinYMax meet" viewBox="0 0 121 35" xmlns="http://www.w3.org/2000/svg"><title>Tesco Home</title><defs><path d="M.218 6.389h23.973V.366H.218v6.023z" id="tesco-logo-a"></path><path d="M.376 6.389h23.973V.366H.376z" id="tesco-logo-c"></path><path d="M.11 6.389h23.972V.366H.11v6.023z" id="tesco-logo-e"></path><path d="M.267 6.389H24.24V.366H.267v6.023z" id="tesco-logo-g"></path><path d="M0 6.389h23.973V.366H0v6.023z" id="tesco-logo-i"></path></defs><g fill="none" fill-rule="evenodd"><path d="M84.647 0c2.538 0 4.735.31 6.5.777v5.405c-1.734-1.77-3.776-2.889-6.47-2.889-4.92 0-8.201 3.449-8.201 8.047 0 4.598 3.28 8.046 8.202 8.046 2.693 0 4.735-1.118 6.469-2.889v5.406c-1.765.466-3.962.807-6.5.807-8.512 0-14.671-4.256-14.671-11.37 0-7.115 6.16-11.34 14.67-11.34zM60.474 8.823c4.24.59 7.768 2.082 7.768 6.71 0 5.438-5.138 7.177-10.678 7.147-3.869-.032-7.15-.404-9.564-1.368v-4.877c3.436 2.237 6.964 2.951 9.564 2.951 2.693 0 5.17-.652 5.17-2.702s-2.291-2.548-6.996-3.263C51.683 12.8 48 11.06 47.968 7.052 47.939 1.647 53.046 0 57.936 0c3.158 0 6.222.373 9.038 1.305v5.25c-2.352-2.081-5.85-3.262-9.285-3.262-2.322 0-4.52.746-4.52 2.486 0 2.174 3.25 2.485 7.306 3.044zM37.136 18.92c2.507 0 6.685-.59 8.326-2.05v5.343H27.665c.866-1.025 1.02-1.709 1.02-3.79V4.256c0-2.081-.154-2.765-1.02-3.79h16.868V5.81c-1.64-1.46-5.819-2.05-8.326-2.05h-1.98v5.778h1.454c1.424 0 3.621-.062 5.076-.59v4.287c-1.455-.528-3.652-.59-5.076-.59h-1.455v6.275h2.91zM.984.466h24.42V5.81c-1.733-1.46-5.416-2.05-9.346-2.05v14.57c0 2.175.185 2.765 1.021 3.883h-7.77c.837-1.118 1.022-1.709 1.022-3.883V3.76c-3.93 0-7.614.59-9.347 2.05V.466zM106.48 19.386c-4.426 0-7.304-3.666-7.304-8.046 0-4.412 2.878-8.047 7.305-8.047 4.425 0 7.304 3.635 7.304 8.047 0 4.38-2.879 8.046-7.304 8.046m0-19.386C97.69 0 92.676 5.126 92.676 11.34c0 6.182 5.014 11.34 13.805 11.34 8.79 0 13.804-5.158 13.804-11.34 0-6.214-5.014-11.34-13.804-11.34" fill="#ee1c2e"></path><g transform="translate(95.9 27.755)"><mask fill="#fff" id="tesco-logo-b"><use xlink:href="#tesco-logo-a"></use></mask><path d="M9.37.366h14.747a.08.08 0 0 1 .04.01l.004.001a.055.055 0 0 1 .01.008c.028.028.03.085-.013.126a.153.153 0 0 1-.037.025l-.026.012c-1.713.784-4.008 3.173-4.008 3.173-1.715 1.636-3.001 2.668-5.744 2.668H.283C.24 6.39.22 6.35.217 6.31c0 0 0 .002 0 0a.09.09 0 0 1 .03-.066.422.422 0 0 1 .044-.032C1.835 5.346 4.14 2.948 4.14 2.948 5.084 1.828 6.969.366 9.37.366" fill="#00539f" mask="url(#tesco-logo-b)"></path></g><g transform="translate(71.713 27.755)"><mask fill="#fff" id="tesco-logo-d"><use xlink:href="#tesco-logo-c"></use></mask><path d="M9.527.366h14.748a.08.08 0 0 1 .04.01l.003.001a.055.055 0 0 1 .01.008c.029.028.031.085-.013.126a.153.153 0 0 1-.036.025l-.026.012c-1.714.784-4.008 3.173-4.008 3.173C18.529 5.357 17.244 6.39 14.5 6.39H.44c-.04 0-.062-.039-.064-.08 0 0 0 .002 0 0a.09.09 0 0 1 .03-.066.422.422 0 0 1 .044-.032c1.543-.865 3.847-3.263 3.847-3.263.944-1.12 2.83-2.582 5.23-2.582" fill="#00539f" mask="url(#tesco-logo-d)"></path></g><g transform="translate(47.95 27.755)"><mask fill="#fff" id="tesco-logo-f"><use xlink:href="#tesco-logo-e"></use></mask><path d="M9.26.366h14.748a.08.08 0 0 1 .04.01l.004.001a.055.055 0 0 1 .01.008c.028.028.03.085-.013.126a.153.153 0 0 1-.036.025l-.027.012c-1.713.784-4.008 3.173-4.008 3.173-1.715 1.636-3.001 2.668-5.744 2.668H.174c-.042 0-.063-.039-.065-.08 0 0 0 .002 0 0a.09.09 0 0 1 .03-.066.471.471 0 0 1 .044-.032c1.543-.865 3.848-3.263 3.848-3.263C4.975 1.828 6.86.366 9.261.366" fill="#00539f" mask="url(#tesco-logo-f)"></path></g><g transform="translate(23.763 27.755)"><mask fill="#fff" id="tesco-logo-h"><use xlink:href="#tesco-logo-g"></use></mask><path d="M9.418.366h14.747a.08.08 0 0 1 .04.01l.004.001a.055.055 0 0 1 .01.008c.029.028.031.085-.013.126a.153.153 0 0 1-.036.025l-.026.012c-1.714.784-4.008 3.173-4.008 3.173-1.716 1.636-3.002 2.668-5.745 2.668H.331c-.04 0-.062-.039-.064-.08 0 0 0 .002 0 0a.09.09 0 0 1 .03-.066.422.422 0 0 1 .044-.032c1.543-.865 3.847-3.263 3.847-3.263.944-1.12 2.83-2.582 5.23-2.582" fill="#00539f" mask="url(#tesco-logo-h)"></path></g><g transform="translate(0 27.755)"><mask fill="#fff" id="tesco-logo-j"><use xlink:href="#tesco-logo-i"></use></mask><path d="M9.152.366h14.747a.08.08 0 0 1 .04.01l.004.001a.055.055 0 0 1 .01.008c.028.028.03.085-.013.126a.153.153 0 0 1-.036.025l-.027.012c-1.713.784-4.008 3.173-4.008 3.173-1.715 1.636-3.001 2.668-5.744 2.668H.065C.022 6.39.001 6.35 0 6.31c0 0 0 .002 0 0a.09.09 0 0 1 .03-.066.422.422 0 0 1 .044-.032c1.543-.865 3.848-3.263 3.848-3.263C4.866 1.828 6.75.366 9.152.366" fill="#00539f" mask="url(#tesco-logo-j)"></path></g></g></svg><span class="visually-hidden">Go to homepage</span></a></div><div class="brand-header__guide-price"><button aria-expanded="true" name="hide search" title="hide search" class="brand-header__search-toggle icon-search noselect"></button><a href="https://www.tesco.com/account/login/en-GB?from=https%3A%2F%2Fwww.tesco.com%2Fgroceries%2Fen-GB%2Ftrolley" rel="nofollow" title="Basket"><div class="header-guide-price" data-product-count="0"><div class="header-guide-price--container main-container"><span class="icon-cart"><span class="visually-hidden">Basket</span></span></div><div class="header-guide-price--container status-container"><span class="header-guide-price--spinner"><span class="visually-hidden"></span></span></div></div></a></div></div><div class="brand-header__search" id="brand-header-toggleable"><div class="search-bar search-bar--multi-search-enabled"><form action="https://www.tesco.com/groceries/en-GB/search" method="get" novalidate="" role="search" id="search-form"><label class="obscure" for="search-input">Search</label><input autocapitalize="off" autocomplete="off" autocorrect="off" class="search-bar__input" data-auto="search-input" id="search-input" name="query" placeholder="Search" spellcheck="false" type="search" value=""><button type="submit" class="search-bar__submit icon-search-white">Search</button><span class="icon-search-faded"></span><input name="_csrf" type="hidden" value="0WbpBJF9-cS-fAMl-ByHnl5hECj1JaZiBQ20"></form><a href="https://www.tesco.com/groceries/en-GB/multi-search" class="search-bar__multi-search-link link--chevron" data-auto="multisearch-link">Search with a list of items&nbsp;<span class="icon icon-chevron_right"></span></a></div></div><div class="brand-header__navigation"><nav class="navigation" data-auto="navigation" aria-label="Grocery navigation"><ul class="navigation__nav-items" role="menubar" aria-label="Primary navigation"><li class="nav-item" role="none"><a href="https://www.tesco.com/groceries/en-GB/shop" class="nav-item__link nav-item__link--active" data-auto="nav-item-link" role="menuitem">Groceries<span class="nav-item__chevron"></span></a></li><li class="nav-item" role="none"><a href="https://www.tesco.com/account/login/en-GB?from=https%3A%2F%2Fwww.tesco.com%2Fgroceries%2Fen-GB%2Ffavorites" class="nav-item__link" data-auto="nav-item-link" role="menuitem">My Favourites</a></li><li class="nav-item" role="none"><a href="https://realfood.tesco.com/" class="nav-item__link" data-auto="nav-item-link" role="menuitem" target="_blank">Recipes</a></li><li class="nav-item" role="none"><a href="https://www.tesco.com/groceries/en-GB/promotions" class="nav-item__link" data-auto="nav-item-link" role="menuitem">Special Offers</a></li><li class="nav-item" role="none"><a href="https://www.tesco.com/groceries/en-GB/zone/christmas?icid=topnav_Christmas" class="nav-item__link" data-auto="nav-item-link" role="menuitem">Christmas</a></li><li class="nav-item" role="none"><a href="https://www.tesco.com/DeliverySaver/" class="nav-item__link" data-auto="nav-item-link" role="menuitem" target="_blank">Delivery Saver</a></li></ul></nav></div></div></header><div class="brand-header__spacer"></div><div aria-hidden="true" class="overlay" style=""></div><div class="brand-header__backdrop"></div></div></div><div role="main" id="main" class="has-trolley main"><div class="main__content"><div><div class="results-page"><div id="product-list" class="page-container"><div id="top"></div><div class="product-list-view has-trolley"><div class="breadcrumbs"><div class="breadcrumbs__content"><nav aria-label="breadcrumb" class="base-components__RootElement-sc-1mosoyj-1 styled__Container-sc-41vmr7-0 jptQqM kytuvg beans-breadcrumb__container"><ol class="base-components__BaseList-sc-1mosoyj-2 styled__OrderedList-sc-41vmr7-2 hbeGIw cKlfks beans-breadcrumb__list"><li class="styled__ListItem-sc-41vmr7-3 dtpjwz beans-breadcrumb__list-item"><div class="styled__Item-sc-41vmr7-4 hpBsje beans-breadcrumb__item"><a href="https://www.tesco.com/groceries/en-GB/" aria-label="Home" class="styled__Anchor-o58r6z-0 bowhrC beans-breadcrumb__list-item-link beans-link__anchor"><svg aria-hidden="true" class="styled__SVG-xxa4wh-1 hQMCqc beans-link__icon beans-icon__svg" height="22" preserveAspectRatio="xMinYMax meet" viewBox="0 1 20 22" width="20" xmlns="http://www.w3.org/2000/svg" color="currentColor"><path d="M10 1.5L1.5 8.25V20.5h6v-8h5v8h6V8.25z" fill="none" stroke="currentColor"></path></svg></a></div></li><li class="styled__ListItem-sc-41vmr7-3 dtpjwz beans-breadcrumb__list-item"><div class="styled__Item-sc-41vmr7-4 hpBsje beans-breadcrumb__item"><svg aria-hidden="true" class="styled__SVG-xxa4wh-1 hQMCqc styled__Separator-sc-41vmr7-5 gRdlR beans-breadcrumb__seprator beans-icon__svg" height="20" preserveAspectRatio="xMinYMax meet" stroke="#666666" viewBox="-1 0 12 20" width="12" xmlns="http://www.w3.org/2000/svg" color="currentColor"><path d="M1.312 1.348L10.276 10l-8.964 8.644" fill="none" stroke="#666666"></path></svg><a class="styled__Anchor-sc-1xbujuz-0 cwkdVr beans-breadcrumb__list-item-link beans-link__anchor"><span class="styled__Text-sc-1xbujuz-1 ldbwMG beans-link__text">Drinks</span></a></div></li></ol></nav></div></div><div class="results-dfp results__dfp-panel"><div class="dfp-panel-wrapper content-area"><div class="ui-panel"><div class="styled__StyledDfpBanner-sc-15jm57a-0 cHkFiQ dfp-banner" id="dfp-banner-6821763726784567" data-google-query-id="CKGWzd7hxvsCFZZjFQgd8EUHfw" style="display: none;"><div id="google_ads_iframe_/8326/grocery/drinks_0__container__" style="border: 0pt none;"></div></div></div></div></div><div class="heading-label" id="results"><h1 class="heading query">Drinks</h1></div><div class="product-list-container " data-auto="product-list-container"><div class="product-filter fancy-filter"><div class="sort-and-filter"><div class="new-filter-by show-options"><div class="items-count__filter-caption"><div class="pagination__items-displayed" data-auto="product-bin-count" role="status">Showing <strong>1 to 48</strong> of <strong>3082 items</strong><span class="visually-hidden">sorted by Relevance</span></div><div class="show-more-less__link"><a href="https://www.tesco.com/groceries/en-GB/shop/drinks/all?page=1&amp;count=24" rel="nofollow">Show 24 per page</a></div></div><div class="sort-and-filter-by-container"><div class="filter-by-container" data-auto="filter-by-container"><span class="filter-by-section-label">Filter by:</span><ul class="filter-by__selector-wrapper"><li class="new-selector filter-option__container" id="new-selector" data-auto="filter-option" data-auto-selected="false"><div class="checkbox" data-auto="checkbox"><input id="filter-option--new-selector-4866742" name="filter-option--new-selector-4866742" type="checkbox"><label class="checkbox-label" for="filter-option--new-selector-4866742" title="New"><a class="filter-option--link" href="https://www.tesco.com/groceries/en-GB/shop/drinks/all?viewAll=new&amp;new=new"><span class="checkbox-square checkbox-square-linked"></span><span class="checkbox-check icon-tick-white"></span><span class="visually-hidden">Filter by</span><span class="filter-label--line--inline">New</span><span class="filter-label--line--inline">&nbsp;(175)</span></a></label></div></li><li class="promotions-selector filter-option__container" id="promotions-selector" data-auto="filter-option" data-auto-selected="false"><div class="checkbox" data-auto="checkbox"><input id="filter-option--promotions-selector-762694" name="filter-option--promotions-selector-762694" type="checkbox"><label class="checkbox-label" for="filter-option--promotions-selector-762694" title="Special Offers"><a class="filter-option--link" href="https://www.tesco.com/groceries/en-GB/shop/drinks/all?viewAll=promotion&amp;promotion=offers"><span class="checkbox-square checkbox-square-linked"></span><span class="checkbox-check icon-tick-white"></span><span class="visually-hidden">Filter by</span><span class="filter-label--line--inline">Special Offers</span><span class="filter-label--line--inline">&nbsp;(1510)</span></a></label></div></li></ul><ul class="selects-row grid"><li data-auto="filter-categories"><div class="filter-select__FilterSelectContainer-x4zufj-0 iRBCDW filter-select-container filter-categories"><button aria-controls="filter-categories" aria-expanded="false" class="button-text filter-select" data-auto="filter-categories-select"><span class="filter-select--label specific-filter-label">20 Categories</span><span class="icon icon-header_down_triangle"></span></button></div><div aria-hidden="true" class="filter-options-container smooth-top-left" id="filter-categories" data-auto="filter-categories-dropdown"><div class="filter-options"><ul aria-label="20 Categories"><li class="current-filters" data-auto="department"><ul><li class="filter-option__container" id="Christmas Drinks" data-auto="filter-option" data-auto-selected="false"><div class="checkbox" data-auto="checkbox"><input id="filter-option--Christmas-Drinks-7419099" name="filter-option--Christmas-Drinks-7419099" type="checkbox"><label class="checkbox-label" for="filter-option--Christmas-Drinks-7419099" title="Christmas Drinks"><a class="filter-option--link" href="https://www.tesco.com/groceries/en-GB/shop/drinks/all?department=Christmas%20Drinks&amp;viewAll=department"><span class="checkbox-square checkbox-square-linked"></span><span class="checkbox-check icon-tick-white"></span><span class="visually-hidden">Filter by</span><span class="filter-label--line--block">Christmas</span><span class="filter-label--line--inline filter-label--line--truncate">Drinks</span><span class="filter-label--line--inline">&nbsp;(439)</span></a></label></div></li><li class="filter-option__container" id="Juices &amp; Smoothies" data-auto="filter-option" data-auto-selected="false"><div class="checkbox" data-auto="checkbox"><input id="filter-option--Juices-Smoothies-2969854" name="filter-option--Juices-Smoothies-2969854" type="checkbox"><label class="checkbox-label" for="filter-option--Juices-Smoothies-2969854" title="Juices &amp; Smoothies"><a class="filter-option--link" href="https://www.tesco.com/groceries/en-GB/shop/drinks/all?department=Juices%20%26%20Smoothies&amp;viewAll=department"><span class="checkbox-square checkbox-square-linked"></span><span class="checkbox-check icon-tick-white"></span><span class="visually-hidden">Filter by</span><span class="filter-label--line--block">Juices &amp;</span><span class="filter-label--line--inline filter-label--line--truncate">Smoothies</span><span class="filter-label--line--inline">&nbsp;(242)</span></a></label></div></li><li class="filter-option__container" id="Fizzy &amp; Soft Drinks" data-auto="filter-option" data-auto-selected="false"><div class="checkbox" data-auto="checkbox"><input id="filter-option--Fizzy-Soft-Drinks-4304095" name="filter-option--Fizzy-Soft-Drinks-4304095" type="checkbox"><label class="checkbox-label" for="filter-option--Fizzy-Soft-Drinks-4304095" title="Fizzy &amp; Soft Drinks"><a class="filter-option--link" href="https://www.tesco.com/groceries/en-GB/shop/drinks/all?department=Fizzy%20%26%20Soft%20Drinks&amp;viewAll=department"><span class="checkbox-square checkbox-square-linked"></span><span class="checkbox-check icon-tick-white"></span><span class="visually-hidden">Filter by</span><span class="filter-label--line--block">Fizzy &amp; Soft</span><span class="filter-label--line--inline filter-label--line--truncate">Drinks</span><span class="filter-label--line--inline">&nbsp;(297)</span></a></label></div></li><li class="filter-option__container" id="Water" data-auto="filter-option" data-auto-selected="false"><div class="checkbox" data-auto="checkbox"><input id="filter-option--Water-4518931" name="filter-option--Water-4518931" type="checkbox"><label class="checkbox-label" for="filter-option--Water-4518931" title="Water"><a class="filter-option--link" href="https://www.tesco.com/groceries/en-GB/shop/drinks/all?department=Water&amp;viewAll=department"><span class="checkbox-square checkbox-square-linked"></span><span class="checkbox-check icon-tick-white"></span><span class="visually-hidden">Filter by</span><span class="filter-label--line--inline">Water</span><span class="filter-label--line--inline">&nbsp;(114)</span></a></label></div></li><li class="filter-option__container" id="Squash &amp; Cordial" data-auto="filter-option" data-auto-selected="false"><div class="checkbox" data-auto="checkbox"><input id="filter-option--Squash-Cordial-509796" name="filter-option--Squash-Cordial-509796" type="checkbox"><label class="checkbox-label" for="filter-option--Squash-Cordial-509796" title="Squash &amp; Cordial"><a class="filter-option--link" href="https://www.tesco.com/groceries/en-GB/shop/drinks/all?department=Squash%20%26%20Cordial&amp;viewAll=department"><span class="checkbox-square checkbox-square-linked"></span><span class="checkbox-check icon-tick-white"></span><span class="visually-hidden">Filter by</span><span class="filter-label--line--block">Squash &amp;</span><span class="filter-label--line--inline filter-label--line--truncate">Cordial</span><span class="filter-label--line--inline">&nbsp;(108)</span></a></label></div></li><li class="filter-option__container" id="Adult Soft Drinks &amp; Mixers" data-auto="filter-option" data-auto-selected="false"><div class="checkbox" data-auto="checkbox"><input id="filter-option--Adult-Soft-Drinks-Mixers-2431343" name="filter-option--Adult-Soft-Drinks-Mixers-2431343" type="checkbox"><label class="checkbox-label" for="filter-option--Adult-Soft-Drinks-Mixers-2431343" title="Adult Soft Drinks &amp; Mixers"><a class="filter-option--link" href="https://www.tesco.com/groceries/en-GB/shop/drinks/all?department=Adult%20Soft%20Drinks%20%26%20Mixers&amp;viewAll=department"><span class="checkbox-square checkbox-square-linked"></span><span class="checkbox-check icon-tick-white"></span><span class="visually-hidden">Filter by</span><span class="filter-label--line--block">Adult Soft Drinks</span><span class="filter-label--line--inline filter-label--line--truncate">&amp; Mixers</span><span class="filter-label--line--inline">&nbsp;(161)</span></a></label></div></li><li class="filter-option__container" id="Kids Drinks" data-auto="filter-option" data-auto-selected="false"><div class="checkbox" data-auto="checkbox"><input id="filter-option--Kids-Drinks-7377732" name="filter-option--Kids-Drinks-7377732" type="checkbox"><label class="checkbox-label" for="filter-option--Kids-Drinks-7377732" title="Kids Drinks"><a class="filter-option--link" href="https://www.tesco.com/groceries/en-GB/shop/drinks/all?department=Kids%20Drinks&amp;viewAll=department"><span class="checkbox-square checkbox-square-linked"></span><span class="checkbox-check icon-tick-white"></span><span class="visually-hidden">Filter by</span><span class="filter-label--line--inline">Kids Drinks</span><span class="filter-label--line--inline">&nbsp;(90)</span></a></label></div></li><li class="filter-option__container" id="Sports, Energy &amp; Wellness Drinks" data-auto="filter-option" data-auto-selected="false"><div class="checkbox" data-auto="checkbox"><input id="filter-option--Sports,-Energy-Wellness-Drinks-2287947" name="filter-option--Sports,-Energy-Wellness-Drinks-2287947" type="checkbox"><label class="checkbox-label" for="filter-option--Sports,-Energy-Wellness-Drinks-2287947" title="Sports, Energy &amp; Wellness Drinks"><a class="filter-option--link" href="https://www.tesco.com/groceries/en-GB/shop/drinks/all?department=Sports%2C%20Energy%20%26%20Wellness%20Drinks&amp;viewAll=department"><span class="checkbox-square checkbox-square-linked"></span><span class="checkbox-check icon-tick-white"></span><span class="visually-hidden">Filter by</span><span class="filter-label--line--block">Sports, Energy &amp;</span><span class="filter-label--line--inline filter-label--line--truncate">Wellness Drinks</span><span class="filter-label--line--inline">&nbsp;(184)</span></a></label></div></li><li class="filter-option__container" id="Milkshake" data-auto="filter-option" data-auto-selected="false"><div class="checkbox" data-auto="checkbox"><input id="filter-option--Milkshake-5248255" name="filter-option--Milkshake-5248255" type="checkbox"><label class="checkbox-label" for="filter-option--Milkshake-5248255" title="Milkshake"><a class="filter-option--link" href="https://www.tesco.com/groceries/en-GB/shop/drinks/all?department=Milkshake&amp;viewAll=department"><span class="checkbox-square checkbox-square-linked"></span><span class="checkbox-check icon-tick-white"></span><span class="visually-hidden">Filter by</span><span class="filter-label--line--inline">Milkshake</span><span class="filter-label--line--inline">&nbsp;(81)</span></a></label></div></li><li class="filter-option__container" id="On The Go Drinks" data-auto="filter-option" data-auto-selected="false"><div class="checkbox" data-auto="checkbox"><input id="filter-option--On-The-Go-Drinks-5974928" name="filter-option--On-The-Go-Drinks-5974928" type="checkbox"><label class="checkbox-label" for="filter-option--On-The-Go-Drinks-5974928" title="On The Go Drinks"><a class="filter-option--link" href="https://www.tesco.com/groceries/en-GB/shop/drinks/all?department=On%20The%20Go%20Drinks&amp;viewAll=department"><span class="checkbox-square checkbox-square-linked"></span><span class="checkbox-check icon-tick-white"></span><span class="visually-hidden">Filter by</span><span class="filter-label--line--block">On The Go</span><span class="filter-label--line--inline filter-label--line--truncate">Drinks</span><span class="filter-label--line--inline">&nbsp;(156)</span></a></label></div></li><li class="filter-option__container" id="Tea" data-auto="filter-option" data-auto-selected="false"><div class="checkbox" data-auto="checkbox"><input id="filter-option--Tea-539316" name="filter-option--Tea-539316" type="checkbox"><label class="checkbox-label" for="filter-option--Tea-539316" title="Tea"><a class="filter-option--link" href="https://www.tesco.com/groceries/en-GB/shop/drinks/all?department=Tea&amp;viewAll=department"><span class="checkbox-square checkbox-square-linked"></span><span class="checkbox-check icon-tick-white"></span><span class="visually-hidden">Filter by</span><span class="filter-label--line--inline">Tea</span><span class="filter-label--line--inline">&nbsp;(237)</span></a></label></div></li><li class="filter-option__container" id="Coffee" data-auto="filter-option" data-auto-selected="false"><div class="checkbox" data-auto="checkbox"><input id="filter-option--Coffee-6893679" name="filter-option--Coffee-6893679" type="checkbox"><label class="checkbox-label" for="filter-option--Coffee-6893679" title="Coffee"><a class="filter-option--link" href="https://www.tesco.com/groceries/en-GB/shop/drinks/all?department=Coffee&amp;viewAll=department"><span class="checkbox-square checkbox-square-linked"></span><span class="checkbox-check icon-tick-white"></span><span class="visually-hidden">Filter by</span><span class="filter-label--line--inline">Coffee</span><span class="filter-label--line--inline">&nbsp;(315)</span></a></label></div></li><li class="more-filters--container"><button class="button-text more-filters">More categories<span class="icon icon-header_down_triangle expand-icon"></span></button></li><li class="more-filters--container hidden"><button class="button-text more-filters">Fewer categories<span class="icon icon-header_down_triangle contract-icon"></span></button></li></ul></li></ul></div></div></li><li data-auto="filter-brands"><div class="filter-select__FilterSelectContainer-x4zufj-0 iRBCDW filter-select-container filter-brands"><button aria-controls="filter-brands" aria-expanded="true" class="button-text filter-select filter-options-open" data-auto="filter-brands-select"><span class="filter-select--label specific-filter-label">773 Brands</span><span class="icon icon-header_down_triangle"></span></button></div><div aria-hidden="false" class="filter-options-container open" id="filter-brands" data-auto="filter-brands-dropdown"><div class="filter-options"><ul aria-label="773 Brands"><li class="current-filters" data-auto="brand"><ul><li class="filter-option__container" id="Tesco" data-auto="filter-option" data-auto-selected="false"><div class="checkbox" data-auto="checkbox"><input id="filter-option--Tesco-9173427" name="filter-option--Tesco-9173427" type="checkbox"><label class="checkbox-label" for="filter-option--Tesco-9173427" title="Tesco"><a class="filter-option--link" href="https://www.tesco.com/groceries/en-GB/shop/drinks/all?brand=Tesco&amp;viewAll=brand"><span class="checkbox-square checkbox-square-linked"></span><span class="checkbox-check icon-tick-white"></span><span class="visually-hidden">Filter by</span><span class="filter-label--line--inline">Tesco</span><span class="filter-label--line--inline">&nbsp;(266)</span></a></label></div></li><li class="filter-option__container" id="Tesco Finest" data-auto="filter-option" data-auto-selected="false"><div class="checkbox" data-auto="checkbox"><input id="filter-option--Tesco-Finest-6352644" name="filter-option--Tesco-Finest-6352644" type="checkbox"><label class="checkbox-label" for="filter-option--Tesco-Finest-6352644" title="Tesco Finest"><a class="filter-option--link" href="https://www.tesco.com/groceries/en-GB/shop/drinks/all?brand=Tesco%20Finest&amp;viewAll=brand"><span class="checkbox-square checkbox-square-linked"></span><span class="checkbox-check icon-tick-white"></span><span class="visually-hidden">Filter by</span><span class="filter-label--line--inline">Tesco Finest</span><span class="filter-label--line--inline">&nbsp;(117)</span></a></label></div></li><li class="filter-option__container" id="Twinings" data-auto="filter-option" data-auto-selected="false"><div class="checkbox" data-auto="checkbox"><input id="filter-option--Twinings-8482534" name="filter-option--Twinings-8482534" type="checkbox"><label class="checkbox-label" for="filter-option--Twinings-8482534" title="Twinings"><a class="filter-option--link" href="https://www.tesco.com/groceries/en-GB/shop/drinks/all?brand=Twinings&amp;viewAll=brand"><span class="checkbox-square checkbox-square-linked"></span><span class="checkbox-check icon-tick-white"></span><span class="visually-hidden">Filter by</span><span class="filter-label--line--inline">Twinings</span><span class="filter-label--line--inline">&nbsp;(47)</span></a></label></div></li><li class="filter-option__container" id="Coca Cola" data-auto="filter-option" data-auto-selected="false"><div class="checkbox" data-auto="checkbox"><input id="filter-option--Coca-Cola-7855410" name="filter-option--Coca-Cola-7855410" type="checkbox"><label class="checkbox-label" for="filter-option--Coca-Cola-7855410" title="Coca Cola"><a class="filter-option--link" href="https://www.tesco.com/groceries/en-GB/shop/drinks/all?brand=Coca%20Cola&amp;viewAll=brand"><span class="checkbox-square checkbox-square-linked"></span><span class="checkbox-check icon-tick-white"></span><span class="visually-hidden">Filter by</span><span class="filter-label--line--inline">Coca Cola</span><span class="filter-label--line--inline">&nbsp;(44)</span></a></label></div></li><li class="filter-option__container" id="Innocent" data-auto="filter-option" data-auto-selected="false"><div class="checkbox" data-auto="checkbox"><input id="filter-option--Innocent-4730257" name="filter-option--Innocent-4730257" type="checkbox"><label class="checkbox-label" for="filter-option--Innocent-4730257" title="Innocent"><a class="filter-option--link" href="https://www.tesco.com/groceries/en-GB/shop/drinks/all?brand=Innocent&amp;viewAll=brand"><span class="checkbox-square checkbox-square-linked"></span><span class="checkbox-check icon-tick-white"></span><span class="visually-hidden">Filter by</span><span class="filter-label--line--inline">Innocent</span><span class="filter-label--line--inline">&nbsp;(44)</span></a></label></div></li><li class="filter-option__container" id="Robinsons" data-auto="filter-option" data-auto-selected="false"><div class="checkbox" data-auto="checkbox"><input id="filter-option--Robinsons-8171810" name="filter-option--Robinsons-8171810" type="checkbox"><label class="checkbox-label" for="filter-option--Robinsons-8171810" title="Robinsons"><a class="filter-option--link" href="https://www.tesco.com/groceries/en-GB/shop/drinks/all?brand=Robinsons&amp;viewAll=brand"><span class="checkbox-square checkbox-square-linked"></span><span class="checkbox-check icon-tick-white"></span><span class="visually-hidden">Filter by</span><span class="filter-label--line--inline">Robinsons</span><span class="filter-label--line--inline">&nbsp;(42)</span></a></label></div></li><li class="filter-option__container" id="Brewdog" data-auto="filter-option" data-auto-selected="false"><div class="checkbox" data-auto="checkbox"><input id="filter-option--Brewdog-766261" name="filter-option--Brewdog-766261" type="checkbox"><label class="checkbox-label" for="filter-option--Brewdog-766261" title="Brewdog"><a class="filter-option--link" href="https://www.tesco.com/groceries/en-GB/shop/drinks/all?brand=Brewdog&amp;viewAll=brand"><span class="checkbox-square checkbox-square-linked"></span><span class="checkbox-check icon-tick-white"></span><span class="visually-hidden">Filter by</span><span class="filter-label--line--inline">Brewdog</span><span class="filter-label--line--inline">&nbsp;(31)</span></a></label></div></li><li class="filter-option__container" id="Nescafe" data-auto="filter-option" data-auto-selected="false"><div class="checkbox" data-auto="checkbox"><input id="filter-option--Nescafe-2338008" name="filter-option--Nescafe-2338008" type="checkbox"><label class="checkbox-label" for="filter-option--Nescafe-2338008" title="Nescafe"><a class="filter-option--link" href="https://www.tesco.com/groceries/en-GB/shop/drinks/all?brand=Nescafe&amp;viewAll=brand"><span class="checkbox-square checkbox-square-linked"></span><span class="checkbox-check icon-tick-white"></span><span class="visually-hidden">Filter by</span><span class="filter-label--line--inline">Nescafe</span><span class="filter-label--line--inline">&nbsp;(31)</span></a></label></div></li><li class="filter-option__container" id="Tropicana" data-auto="filter-option" data-auto-selected="false"><div class="checkbox" data-auto="checkbox"><input id="filter-option--Tropicana-6124832" name="filter-option--Tropicana-6124832" type="checkbox"><label class="checkbox-label" for="filter-option--Tropicana-6124832" title="Tropicana"><a class="filter-option--link" href="https://www.tesco.com/groceries/en-GB/shop/drinks/all?brand=Tropicana&amp;viewAll=brand"><span class="checkbox-square checkbox-square-linked"></span><span class="checkbox-check icon-tick-white"></span><span class="visually-hidden">Filter by</span><span class="filter-label--line--inline">Tropicana</span><span class="filter-label--line--inline">&nbsp;(30)</span></a></label></div></li><li class="filter-option__container" id="Pepsi" data-auto="filter-option" data-auto-selected="false"><div class="checkbox" data-auto="checkbox"><input id="filter-option--Pepsi-8859409" name="filter-option--Pepsi-8859409" type="checkbox"><label class="checkbox-label" for="filter-option--Pepsi-8859409" title="Pepsi"><a class="filter-option--link" href="https://www.tesco.com/groceries/en-GB/shop/drinks/all?brand=Pepsi&amp;viewAll=brand"><span class="checkbox-square checkbox-square-linked"></span><span class="checkbox-check icon-tick-white"></span><span class="visually-hidden">Filter by</span><span class="filter-label--line--inline">Pepsi</span><span class="filter-label--line--inline">&nbsp;(29)</span></a></label></div></li><li class="filter-option__container" id="Fever Tree" data-auto="filter-option" data-auto-selected="false"><div class="checkbox" data-auto="checkbox"><input id="filter-option--Fever-Tree-4373717" name="filter-option--Fever-Tree-4373717" type="checkbox"><label class="checkbox-label" for="filter-option--Fever-Tree-4373717" title="Fever Tree"><a class="filter-option--link" href="https://www.tesco.com/groceries/en-GB/shop/drinks/all?brand=Fever%20Tree&amp;viewAll=brand"><span class="checkbox-square checkbox-square-linked"></span><span class="checkbox-check icon-tick-white"></span><span class="visually-hidden">Filter by</span><span class="filter-label--line--inline">Fever Tree</span><span class="filter-label--line--inline">&nbsp;(27)</span></a></label></div></li><li class="filter-option__container" id="Kopparberg" data-auto="filter-option" data-auto-selected="false"><div class="checkbox" data-auto="checkbox"><input id="filter-option--Kopparberg-3895994" name="filter-option--Kopparberg-3895994" type="checkbox"><label class="checkbox-label" for="filter-option--Kopparberg-3895994" title="Kopparberg"><a class="filter-option--link" href="https://www.tesco.com/groceries/en-GB/shop/drinks/all?brand=Kopparberg&amp;viewAll=brand"><span class="checkbox-square checkbox-square-linked"></span><span class="checkbox-check icon-tick-white"></span><span class="visually-hidden">Filter by</span><span class="filter-label--line--inline">Kopparberg</span><span class="filter-label--line--inline">&nbsp;(26)</span></a></label></div></li><li class="filter-option__container" id="Rubicon" data-auto="filter-option" data-auto-selected="false"><div class="checkbox" data-auto="checkbox"><input id="filter-option--Rubicon-5065573" name="filter-option--Rubicon-5065573" type="checkbox"><label class="checkbox-label" for="filter-option--Rubicon-5065573" title="Rubicon"><a class="filter-option--link" href="https://www.tesco.com/groceries/en-GB/shop/drinks/all?brand=Rubicon&amp;viewAll=brand"><span class="checkbox-square checkbox-square-linked"></span><span class="checkbox-check icon-tick-white"></span><span class="visually-hidden">Filter by</span><span class="filter-label--line--inline">Rubicon</span><span class="filter-label--line--inline">&nbsp;(24)</span></a></label></div></li><li class="filter-option__container" id="Costa" data-auto="filter-option" data-auto-selected="false"><div class="checkbox" data-auto="checkbox"><input id="filter-option--Costa-5796654" name="filter-option--Costa-5796654" type="checkbox"><label class="checkbox-label" for="filter-option--Costa-5796654" title="Costa"><a class="filter-option--link" href="https://www.tesco.com/groceries/en-GB/shop/drinks/all?brand=Costa&amp;viewAll=brand"><span class="checkbox-square checkbox-square-linked"></span><span class="checkbox-check icon-tick-white"></span><span class="visually-hidden">Filter by</span><span class="filter-label--line--inline">Costa</span><span class="filter-label--line--inline">&nbsp;(21)</span></a></label></div></li><li class="filter-option__container" id="Lavazza" data-auto="filter-option" data-auto-selected="false"><div class="checkbox" data-auto="checkbox"><input id="filter-option--Lavazza-6197631" name="filter-option--Lavazza-6197631" type="checkbox"><label class="checkbox-label" for="filter-option--Lavazza-6197631" title="Lavazza"><a class="filter-option--link" href="https://www.tesco.com/groceries/en-GB/shop/drinks/all?brand=Lavazza&amp;viewAll=brand"><span class="checkbox-square checkbox-square-linked"></span><span class="checkbox-check icon-tick-white"></span><span class="visually-hidden">Filter by</span><span class="filter-label--line--inline">Lavazza</span><span class="filter-label--line--inline">&nbsp;(21)</span></a></label></div></li><li class="filter-option__container" id="Starbucks" data-auto="filter-option" data-auto-selected="false"><div class="checkbox" data-auto="checkbox"><input id="filter-option--Starbucks-183631" name="filter-option--Starbucks-183631" type="checkbox"><label class="checkbox-label" for="filter-option--Starbucks-183631" title="Starbucks"><a class="filter-option--link" href="https://www.tesco.com/groceries/en-GB/shop/drinks/all?brand=Starbucks&amp;viewAll=brand"><span class="checkbox-square checkbox-square-linked"></span><span class="checkbox-check icon-tick-white"></span><span class="visually-hidden">Filter by</span><span class="filter-label--line--inline">Starbucks</span><span class="filter-label--line--inline">&nbsp;(21)</span></a></label></div></li><li class="filter-option__container" id="Pukka" data-auto="filter-option" data-auto-selected="false"><div class="checkbox" data-auto="checkbox"><input id="filter-option--Pukka-1497209" name="filter-option--Pukka-1497209" type="checkbox"><label class="checkbox-label" for="filter-option--Pukka-1497209" title="Pukka"><a class="filter-option--link" href="https://www.tesco.com/groceries/en-GB/shop/drinks/all?brand=Pukka&amp;viewAll=brand"><span class="checkbox-square checkbox-square-linked"></span><span class="checkbox-check icon-tick-white"></span><span class="visually-hidden">Filter by</span><span class="filter-label--line--inline">Pukka</span><span class="filter-label--line--inline">&nbsp;(20)</span></a></label></div></li><li class="filter-option__container" id="Monster" data-auto="filter-option" data-auto-selected="false"><div class="checkbox" data-auto="checkbox"><input id="filter-option--Monster-7491549" name="filter-option--Monster-7491549" type="checkbox"><label class="checkbox-label" for="filter-option--Monster-7491549" title="Monster"><a class="filter-option--link" href="https://www.tesco.com/groceries/en-GB/shop/drinks/all?brand=Monster&amp;viewAll=brand"><span class="checkbox-square checkbox-square-linked"></span><span class="checkbox-check icon-tick-white"></span><span class="visually-hidden">Filter by</span><span class="filter-label--line--inline">Monster</span><span class="filter-label--line--inline">&nbsp;(19)</span></a></label></div></li><li class="filter-option__container" id="Red Bull" data-auto="filter-option" data-auto-selected="false"><div class="checkbox" data-auto="checkbox"><input id="filter-option--Red-Bull-3605878" name="filter-option--Red-Bull-3605878" type="checkbox"><label class="checkbox-label" for="filter-option--Red-Bull-3605878" title="Red Bull"><a class="filter-option--link" href="https://www.tesco.com/groceries/en-GB/shop/drinks/all?brand=Red%20Bull&amp;viewAll=brand"><span class="checkbox-square checkbox-square-linked"></span><span class="checkbox-check icon-tick-white"></span><span class="visually-hidden">Filter by</span><span class="filter-label--line--inline">Red Bull</span><span class="filter-label--line--inline">&nbsp;(19)</span></a></label></div></li><li class="filter-option__container" id="Fanta" data-auto="filter-option" data-auto-selected="false"><div class="checkbox" data-auto="checkbox"><input id="filter-option--Fanta-2960046" name="filter-option--Fanta-2960046" type="checkbox"><label class="checkbox-label" for="filter-option--Fanta-2960046" title="Fanta"><a class="filter-option--link" href="https://www.tesco.com/groceries/en-GB/shop/drinks/all?brand=Fanta&amp;viewAll=brand"><span class="checkbox-square checkbox-square-linked"></span><span class="checkbox-check icon-tick-white"></span><span class="visually-hidden">Filter by</span><span class="filter-label--line--inline">Fanta</span><span class="filter-label--line--inline">&nbsp;(17)</span></a></label></div></li><li class="filter-option__container" id="Jack Daniels" data-auto="filter-option" data-auto-selected="false"><div class="checkbox" data-auto="checkbox"><input id="filter-option--Jack-Daniels-9079635" name="filter-option--Jack-Daniels-9079635" type="checkbox"><label class="checkbox-label" for="filter-option--Jack-Daniels-9079635" title="Jack Daniels"><a class="filter-option--link" href="https://www.tesco.com/groceries/en-GB/shop/drinks/all?brand=Jack%20Daniels&amp;viewAll=brand"><span class="checkbox-square checkbox-square-linked"></span><span class="checkbox-check icon-tick-white"></span><span class="visually-hidden">Filter by</span><span class="filter-label--line--inline">Jack Daniels</span><span class="filter-label--line--inline">&nbsp;(17)</span></a></label></div></li><li class="filter-option__container" id="Tetley" data-auto="filter-option" data-auto-selected="false"><div class="checkbox" data-auto="checkbox"><input id="filter-option--Tetley-1083160" name="filter-option--Tetley-1083160" type="checkbox"><label class="checkbox-label" for="filter-option--Tetley-1083160" title="Tetley"><a class="filter-option--link" href="https://www.tesco.com/groceries/en-GB/shop/drinks/all?brand=Tetley&amp;viewAll=brand"><span class="checkbox-square checkbox-square-linked"></span><span class="checkbox-check icon-tick-white"></span><span class="visually-hidden">Filter by</span><span class="filter-label--line--inline">Tetley</span><span class="filter-label--line--inline">&nbsp;(17)</span></a></label></div></li><li class="filter-option__container" id="Volvic" data-auto="filter-option" data-auto-selected="false"><div class="checkbox" data-auto="checkbox"><input id="filter-option--Volvic-2445771" name="filter-option--Volvic-2445771" type="checkbox"><label class="checkbox-label" for="filter-option--Volvic-2445771" title="Volvic"><a class="filter-option--link" href="https://www.tesco.com/groceries/en-GB/shop/drinks/all?brand=Volvic&amp;viewAll=brand"><span class="checkbox-square checkbox-square-linked"></span><span class="checkbox-check icon-tick-white"></span><span class="visually-hidden">Filter by</span><span class="filter-label--line--inline">Volvic</span><span class="filter-label--line--inline">&nbsp;(17)</span></a></label></div></li><li class="filter-option__container" id="Heineken" data-auto="filter-option" data-auto-selected="false"><div class="checkbox" data-auto="checkbox"><input id="filter-option--Heineken-21377" name="filter-option--Heineken-21377" type="checkbox"><label class="checkbox-label" for="filter-option--Heineken-21377" title="Heineken"><a class="filter-option--link" href="https://www.tesco.com/groceries/en-GB/shop/drinks/all?brand=Heineken&amp;viewAll=brand"><span class="checkbox-square checkbox-square-linked"></span><span class="checkbox-check icon-tick-white"></span><span class="visually-hidden">Filter by</span><span class="filter-label--line--inline">Heineken</span><span class="filter-label--line--inline">&nbsp;(16)</span></a></label></div></li><li class="filter-option__container" id="Kenco" data-auto="filter-option" data-auto-selected="false"><div class="checkbox" data-auto="checkbox"><input id="filter-option--Kenco-5042392" name="filter-option--Kenco-5042392" type="checkbox"><label class="checkbox-label" for="filter-option--Kenco-5042392" title="Kenco"><a class="filter-option--link" href="https://www.tesco.com/groceries/en-GB/shop/drinks/all?brand=Kenco&amp;viewAll=brand"><span class="checkbox-square checkbox-square-linked"></span><span class="checkbox-check icon-tick-white"></span><span class="visually-hidden">Filter by</span><span class="filter-label--line--inline">Kenco</span><span class="filter-label--line--inline">&nbsp;(16)</span></a></label></div></li><li class="filter-option__container" id="Lucozade" data-auto="filter-option" data-auto-selected="false"><div class="checkbox" data-auto="checkbox"><input id="filter-option--Lucozade-5473137" name="filter-option--Lucozade-5473137" type="checkbox"><label class="checkbox-label" for="filter-option--Lucozade-5473137" title="Lucozade"><a class="filter-option--link" href="https://www.tesco.com/groceries/en-GB/shop/drinks/all?brand=Lucozade&amp;viewAll=brand"><span class="checkbox-square checkbox-square-linked"></span><span class="checkbox-check icon-tick-white"></span><span class="visually-hidden">Filter by</span><span class="filter-label--line--inline">Lucozade</span><span class="filter-label--line--inline">&nbsp;(16)</span></a></label></div></li><li class="filter-option__container" id="Budweiser" data-auto="filter-option" data-auto-selected="false"><div class="checkbox" data-auto="checkbox"><input id="filter-option--Budweiser-5576474" name="filter-option--Budweiser-5576474" type="checkbox"><label class="checkbox-label" for="filter-option--Budweiser-5576474" title="Budweiser"><a class="filter-option--link" href="https://www.tesco.com/groceries/en-GB/shop/drinks/all?brand=Budweiser&amp;viewAll=brand"><span class="checkbox-square checkbox-square-linked"></span><span class="checkbox-check icon-tick-white"></span><span class="visually-hidden">Filter by</span><span class="filter-label--line--inline">Budweiser</span><span class="filter-label--line--inline">&nbsp;(15)</span></a></label></div></li><li class="filter-option__container" id="Gordon&#39;s" data-auto="filter-option" data-auto-selected="false"><div class="checkbox" data-auto="checkbox"><input id="filter-option--Gordon&#39;s-1849511" name="filter-option--Gordon&#39;s-1849511" type="checkbox"><label class="checkbox-label" for="filter-option--Gordon&#39;s-1849511" title="Gordon&#39;s"><a class="filter-option--link" href="https://www.tesco.com/groceries/en-GB/shop/drinks/all?brand=Gordon%27s&amp;viewAll=brand"><span class="checkbox-square checkbox-square-linked"></span><span class="checkbox-check icon-tick-white"></span><span class="visually-hidden">Filter by</span><span class="filter-label--line--inline">Gordon's</span><span class="filter-label--line--inline">&nbsp;(15)</span></a></label></div></li><li class="filter-option__container" id="Tassimo" data-auto="filter-option" data-auto-selected="false"><div class="checkbox" data-auto="checkbox"><input id="filter-option--Tassimo-1972469" name="filter-option--Tassimo-1972469" type="checkbox"><label class="checkbox-label" for="filter-option--Tassimo-1972469" title="Tassimo"><a class="filter-option--link" href="https://www.tesco.com/groceries/en-GB/shop/drinks/all?brand=Tassimo&amp;viewAll=brand"><span class="checkbox-square checkbox-square-linked"></span><span class="checkbox-check icon-tick-white"></span><span class="visually-hidden">Filter by</span><span class="filter-label--line--inline">Tassimo</span><span class="filter-label--line--inline">&nbsp;(15)</span></a></label></div></li><li class="filter-option__container" id="Blue Tree" data-auto="filter-option" data-auto-selected="false"><div class="checkbox" data-auto="checkbox"><input id="filter-option--Blue-Tree-5514686" name="filter-option--Blue-Tree-5514686" type="checkbox"><label class="checkbox-label" for="filter-option--Blue-Tree-5514686" title="Blue Tree"><a class="filter-option--link" href="https://www.tesco.com/groceries/en-GB/shop/drinks/all?brand=Blue%20Tree&amp;viewAll=brand"><span class="checkbox-square checkbox-square-linked"></span><span class="checkbox-check icon-tick-white"></span><span class="visually-hidden">Filter by</span><span class="filter-label--line--inline">Blue Tree</span><span class="filter-label--line--inline">&nbsp;(14)</span></a></label></div></li><li class="filter-option__container" id="Hardys" data-auto="filter-option" data-auto-selected="false"><div class="checkbox" data-auto="checkbox"><input id="filter-option--Hardys-3715170" name="filter-option--Hardys-3715170" type="checkbox"><label class="checkbox-label" for="filter-option--Hardys-3715170" title="Hardys"><a class="filter-option--link" href="https://www.tesco.com/groceries/en-GB/shop/drinks/all?brand=Hardys&amp;viewAll=brand"><span class="checkbox-square checkbox-square-linked"></span><span class="checkbox-check icon-tick-white"></span><span class="visually-hidden">Filter by</span><span class="filter-label--line--inline">Hardys</span><span class="filter-label--line--inline">&nbsp;(14)</span></a></label></div></li><li class="filter-option__container" id="Nescafe Dolce Gusto" data-auto="filter-option" data-auto-selected="false"><div class="checkbox" data-auto="checkbox"><input id="filter-option--Nescafe-Dolce-Gusto-2285354" name="filter-option--Nescafe-Dolce-Gusto-2285354" type="checkbox"><label class="checkbox-label" for="filter-option--Nescafe-Dolce-Gusto-2285354" title="Nescafe Dolce Gusto"><a class="filter-option--link" href="https://www.tesco.com/groceries/en-GB/shop/drinks/all?brand=Nescafe%20Dolce%20Gusto&amp;viewAll=brand"><span class="checkbox-square checkbox-square-linked"></span><span class="checkbox-check icon-tick-white"></span><span class="visually-hidden">Filter by</span><span class="filter-label--line--block">Nescafe Dolce</span><span class="filter-label--line--inline filter-label--line--truncate">Gusto</span><span class="filter-label--line--inline">&nbsp;(14)</span></a></label></div></li><li class="filter-option__container" id="Smirnoff" data-auto="filter-option" data-auto-selected="false"><div class="checkbox" data-auto="checkbox"><input id="filter-option--Smirnoff-8066197" name="filter-option--Smirnoff-8066197" type="checkbox"><label class="checkbox-label" for="filter-option--Smirnoff-8066197" title="Smirnoff"><a class="filter-option--link" href="https://www.tesco.com/groceries/en-GB/shop/drinks/all?brand=Smirnoff&amp;viewAll=brand"><span class="checkbox-square checkbox-square-linked"></span><span class="checkbox-check icon-tick-white"></span><span class="visually-hidden">Filter by</span><span class="filter-label--line--inline">Smirnoff</span><span class="filter-label--line--inline">&nbsp;(14)</span></a></label></div></li><li class="filter-option__container" id="Barefoot" data-auto="filter-option" data-auto-selected="false"><div class="checkbox" data-auto="checkbox"><input id="filter-option--Barefoot-259404" name="filter-option--Barefoot-259404" type="checkbox"><label class="checkbox-label" for="filter-option--Barefoot-259404" title="Barefoot"><a class="filter-option--link" href="https://www.tesco.com/groceries/en-GB/shop/drinks/all?brand=Barefoot&amp;viewAll=brand"><span class="checkbox-square checkbox-square-linked"></span><span class="checkbox-check icon-tick-white"></span><span class="visually-hidden">Filter by</span><span class="filter-label--line--inline">Barefoot</span><span class="filter-label--line--inline">&nbsp;(13)</span></a></label></div></li><li class="filter-option__container" id="Freixenet" data-auto="filter-option" data-auto-selected="false"><div class="checkbox" data-auto="checkbox"><input id="filter-option--Freixenet-4780621" name="filter-option--Freixenet-4780621" type="checkbox"><label class="checkbox-label" for="filter-option--Freixenet-4780621" title="Freixenet"><a class="filter-option--link" href="https://www.tesco.com/groceries/en-GB/shop/drinks/all?brand=Freixenet&amp;viewAll=brand"><span class="checkbox-square checkbox-square-linked"></span><span class="checkbox-check icon-tick-white"></span><span class="visually-hidden">Filter by</span><span class="filter-label--line--inline">Freixenet</span><span class="filter-label--line--inline">&nbsp;(13)</span></a></label></div></li><li class="filter-option__container" id="Schweppes" data-auto="filter-option" data-auto-selected="false"><div class="checkbox" data-auto="checkbox"><input id="filter-option--Schweppes-6986100" name="filter-option--Schweppes-6986100" type="checkbox"><label class="checkbox-label" for="filter-option--Schweppes-6986100" title="Schweppes"><a class="filter-option--link" href="https://www.tesco.com/groceries/en-GB/shop/drinks/all?brand=Schweppes&amp;viewAll=brand"><span class="checkbox-square checkbox-square-linked"></span><span class="checkbox-check icon-tick-white"></span><span class="visually-hidden">Filter by</span><span class="filter-label--line--inline">Schweppes</span><span class="filter-label--line--inline">&nbsp;(13)</span></a></label></div></li><li class="filter-option__container" id="Stella Artois" data-auto="filter-option" data-auto-selected="false"><div class="checkbox" data-auto="checkbox"><input id="filter-option--Stella-Artois-2684284" name="filter-option--Stella-Artois-2684284" type="checkbox"><label class="checkbox-label" for="filter-option--Stella-Artois-2684284" title="Stella Artois"><a class="filter-option--link" href="https://www.tesco.com/groceries/en-GB/shop/drinks/all?brand=Stella%20Artois&amp;viewAll=brand"><span class="checkbox-square checkbox-square-linked"></span><span class="checkbox-check icon-tick-white"></span><span class="visually-hidden">Filter by</span><span class="filter-label--line--inline">Stella Artois</span><span class="filter-label--line--inline">&nbsp;(13)</span></a></label></div></li><li class="filter-option__container" id="Taylors" data-auto="filter-option" data-auto-selected="false"><div class="checkbox" data-auto="checkbox"><input id="filter-option--Taylors-5706045" name="filter-option--Taylors-5706045" type="checkbox"><label class="checkbox-label" for="filter-option--Taylors-5706045" title="Taylors"><a class="filter-option--link" href="https://www.tesco.com/groceries/en-GB/shop/drinks/all?brand=Taylors&amp;viewAll=brand"><span class="checkbox-square checkbox-square-linked"></span><span class="checkbox-check icon-tick-white"></span><span class="visually-hidden">Filter by</span><span class="filter-label--line--inline">Taylors</span><span class="filter-label--line--inline">&nbsp;(13)</span></a></label></div></li><li class="filter-option__container" id="Vimto" data-auto="filter-option" data-auto-selected="false"><div class="checkbox" data-auto="checkbox"><input id="filter-option--Vimto-921673" name="filter-option--Vimto-921673" type="checkbox"><label class="checkbox-label" for="filter-option--Vimto-921673" title="Vimto"><a class="filter-option--link" href="https://www.tesco.com/groceries/en-GB/shop/drinks/all?brand=Vimto&amp;viewAll=brand"><span class="checkbox-square checkbox-square-linked"></span><span class="checkbox-check icon-tick-white"></span><span class="visually-hidden">Filter by</span><span class="filter-label--line--inline">Vimto</span><span class="filter-label--line--inline">&nbsp;(13)</span></a></label></div></li><li class="filter-option__container" id="Growers Harvest" data-auto="filter-option" data-auto-selected="false"><div class="checkbox" data-auto="checkbox"><input id="filter-option--Growers-Harvest-2549363" name="filter-option--Growers-Harvest-2549363" type="checkbox"><label class="checkbox-label" for="filter-option--Growers-Harvest-2549363" title="Growers Harvest"><a class="filter-option--link" href="https://www.tesco.com/groceries/en-GB/shop/drinks/all?brand=Growers%20Harvest&amp;viewAll=brand"><span class="checkbox-square checkbox-square-linked"></span><span class="checkbox-check icon-tick-white"></span><span class="visually-hidden">Filter by</span><span class="filter-label--line--block">Growers</span><span class="filter-label--line--inline filter-label--line--truncate">Harvest</span><span class="filter-label--line--inline">&nbsp;(12)</span></a></label></div></li><li class="filter-option__container" id="L&#39;or." data-auto="filter-option" data-auto-selected="false"><div class="checkbox" data-auto="checkbox"><input id="filter-option--L&#39;or.-6842548" name="filter-option--L&#39;or.-6842548" type="checkbox"><label class="checkbox-label" for="filter-option--L&#39;or.-6842548" title="L&#39;or."><a class="filter-option--link" href="https://www.tesco.com/groceries/en-GB/shop/drinks/all?brand=L%27or.&amp;viewAll=brand"><span class="checkbox-square checkbox-square-linked"></span><span class="checkbox-check icon-tick-white"></span><span class="visually-hidden">Filter by</span><span class="filter-label--line--inline">L'or.</span><span class="filter-label--line--inline">&nbsp;(12)</span></a></label></div></li><li class="filter-option__container" id="Peroni" data-auto="filter-option" data-auto-selected="false"><div class="checkbox" data-auto="checkbox"><input id="filter-option--Peroni-8250796" name="filter-option--Peroni-8250796" type="checkbox"><label class="checkbox-label" for="filter-option--Peroni-8250796" title="Peroni"><a class="filter-option--link" href="https://www.tesco.com/groceries/en-GB/shop/drinks/all?brand=Peroni&amp;viewAll=brand"><span class="checkbox-square checkbox-square-linked"></span><span class="checkbox-check icon-tick-white"></span><span class="visually-hidden">Filter by</span><span class="filter-label--line--inline">Peroni</span><span class="filter-label--line--inline">&nbsp;(12)</span></a></label></div></li><li class="filter-option__container" id="Thatchers" data-auto="filter-option" data-auto-selected="false"><div class="checkbox" data-auto="checkbox"><input id="filter-option--Thatchers-2250331" name="filter-option--Thatchers-2250331" type="checkbox"><label class="checkbox-label" for="filter-option--Thatchers-2250331" title="Thatchers"><a class="filter-option--link" href="https://www.tesco.com/groceries/en-GB/shop/drinks/all?brand=Thatchers&amp;viewAll=brand"><span class="checkbox-square checkbox-square-linked"></span><span class="checkbox-check icon-tick-white"></span><span class="visually-hidden">Filter by</span><span class="filter-label--line--inline">Thatchers</span><span class="filter-label--line--inline">&nbsp;(12)</span></a></label></div></li><li class="filter-option__container" id="Absolut" data-auto="filter-option" data-auto-selected="false"><div class="checkbox" data-auto="checkbox"><input id="filter-option--Absolut-8507220" name="filter-option--Absolut-8507220" type="checkbox"><label class="checkbox-label" for="filter-option--Absolut-8507220" title="Absolut"><a class="filter-option--link" href="https://www.tesco.com/groceries/en-GB/shop/drinks/all?brand=Absolut&amp;viewAll=brand"><span class="checkbox-square checkbox-square-linked"></span><span class="checkbox-check icon-tick-white"></span><span class="visually-hidden">Filter by</span><span class="filter-label--line--inline">Absolut</span><span class="filter-label--line--inline">&nbsp;(11)</span></a></label></div></li><li class="filter-option__container" id="Corona" data-auto="filter-option" data-auto-selected="false"><div class="checkbox" data-auto="checkbox"><input id="filter-option--Corona-1485018" name="filter-option--Corona-1485018" type="checkbox"><label class="checkbox-label" for="filter-option--Corona-1485018" title="Corona"><a class="filter-option--link" href="https://www.tesco.com/groceries/en-GB/shop/drinks/all?brand=Corona&amp;viewAll=brand"><span class="checkbox-square checkbox-square-linked"></span><span class="checkbox-check icon-tick-white"></span><span class="visually-hidden">Filter by</span><span class="filter-label--line--inline">Corona</span><span class="filter-label--line--inline">&nbsp;(11)</span></a></label></div></li><li class="filter-option__container" id="Funkin" data-auto="filter-option" data-auto-selected="false"><div class="checkbox" data-auto="checkbox"><input id="filter-option--Funkin-7712896" name="filter-option--Funkin-7712896" type="checkbox"><label class="checkbox-label" for="filter-option--Funkin-7712896" title="Funkin"><a class="filter-option--link" href="https://www.tesco.com/groceries/en-GB/shop/drinks/all?brand=Funkin&amp;viewAll=brand"><span class="checkbox-square checkbox-square-linked"></span><span class="checkbox-check icon-tick-white"></span><span class="visually-hidden">Filter by</span><span class="filter-label--line--inline">Funkin</span><span class="filter-label--line--inline">&nbsp;(11)</span></a></label></div></li><li class="filter-option__container" id="Guinness" data-auto="filter-option" data-auto-selected="false"><div class="checkbox" data-auto="checkbox"><input id="filter-option--Guinness-3986697" name="filter-option--Guinness-3986697" type="checkbox"><label class="checkbox-label" for="filter-option--Guinness-3986697" title="Guinness"><a class="filter-option--link" href="https://www.tesco.com/groceries/en-GB/shop/drinks/all?brand=Guinness&amp;viewAll=brand"><span class="checkbox-square checkbox-square-linked"></span><span class="checkbox-check icon-tick-white"></span><span class="visually-hidden">Filter by</span><span class="filter-label--line--inline">Guinness</span><span class="filter-label--line--inline">&nbsp;(11)</span></a></label></div></li><li class="filter-option__container" id="Highland Spring" data-auto="filter-option" data-auto-selected="false"><div class="checkbox" data-auto="checkbox"><input id="filter-option--Highland-Spring-2476898" name="filter-option--Highland-Spring-2476898" type="checkbox"><label class="checkbox-label" for="filter-option--Highland-Spring-2476898" title="Highland Spring"><a class="filter-option--link" href="https://www.tesco.com/groceries/en-GB/shop/drinks/all?brand=Highland%20Spring&amp;viewAll=brand"><span class="checkbox-square checkbox-square-linked"></span><span class="checkbox-check icon-tick-white"></span><span class="visually-hidden">Filter by</span><span class="filter-label--line--block">Highland</span><span class="filter-label--line--inline filter-label--line--truncate">Spring</span><span class="filter-label--line--inline">&nbsp;(11)</span></a></label></div></li><li class="filter-option__container" id="Other" data-auto="filter-option" data-auto-selected="false"><div class="checkbox" data-auto="checkbox"><input id="filter-option--Other-983846" name="filter-option--Other-983846" type="checkbox"><label class="checkbox-label" for="filter-option--Other-983846" title="Other"><a class="filter-option--link" href="https://www.tesco.com/groceries/en-GB/shop/drinks/all?brand=Other&amp;viewAll=brand"><span class="checkbox-square checkbox-square-linked"></span><span class="checkbox-check icon-tick-white"></span><span class="visually-hidden">Filter by</span><span class="filter-label--line--inline">Other</span><span class="filter-label--line--inline">&nbsp;(11)</span></a></label></div></li><li class="filter-option__container" id="Tango" data-auto="filter-option" data-auto-selected="false"><div class="checkbox" data-auto="checkbox"><input id="filter-option--Tango-9804170" name="filter-option--Tango-9804170" type="checkbox"><label class="checkbox-label" for="filter-option--Tango-9804170" title="Tango"><a class="filter-option--link" href="https://www.tesco.com/groceries/en-GB/shop/drinks/all?brand=Tango&amp;viewAll=brand"><span class="checkbox-square checkbox-square-linked"></span><span class="checkbox-check icon-tick-white"></span><span class="visually-hidden">Filter by</span><span class="filter-label--line--inline">Tango</span><span class="filter-label--line--inline">&nbsp;(11)</span></a></label></div></li><li class="filter-option__container" id="Yellow Tail" data-auto="filter-option" data-auto-selected="false"><div class="checkbox" data-auto="checkbox"><input id="filter-option--Yellow-Tail-3924168" name="filter-option--Yellow-Tail-3924168" type="checkbox"><label class="checkbox-label" for="filter-option--Yellow-Tail-3924168" title="Yellow Tail"><a class="filter-option--link" href="https://www.tesco.com/groceries/en-GB/shop/drinks/all?brand=Yellow%20Tail&amp;viewAll=brand"><span class="checkbox-square checkbox-square-linked"></span><span class="checkbox-check icon-tick-white"></span><span class="visually-hidden">Filter by</span><span class="filter-label--line--inline">Yellow Tail</span><span class="filter-label--line--inline">&nbsp;(11)</span></a></label></div></li><li class="filter-option__container" id="Baileys" data-auto="filter-option" data-auto-selected="false"><div class="checkbox" data-auto="checkbox"><input id="filter-option--Baileys-6484523" name="filter-option--Baileys-6484523" type="checkbox"><label class="checkbox-label" for="filter-option--Baileys-6484523" title="Baileys"><a class="filter-option--link" href="https://www.tesco.com/groceries/en-GB/shop/drinks/all?brand=Baileys&amp;viewAll=brand"><span class="checkbox-square checkbox-square-linked"></span><span class="checkbox-check icon-tick-white"></span><span class="visually-hidden">Filter by</span><span class="filter-label--line--inline">Baileys</span><span class="filter-label--line--inline">&nbsp;(10)</span></a></label></div></li><li class="filter-option__container" id="Buxton" data-auto="filter-option" data-auto-selected="false"><div class="checkbox" data-auto="checkbox"><input id="filter-option--Buxton-9170309" name="filter-option--Buxton-9170309" type="checkbox"><label class="checkbox-label" for="filter-option--Buxton-9170309" title="Buxton"><a class="filter-option--link" href="https://www.tesco.com/groceries/en-GB/shop/drinks/all?brand=Buxton&amp;viewAll=brand"><span class="checkbox-square checkbox-square-linked"></span><span class="checkbox-check icon-tick-white"></span><span class="visually-hidden">Filter by</span><span class="filter-label--line--inline">Buxton</span><span class="filter-label--line--inline">&nbsp;(10)</span></a></label></div></li><li class="filter-option__container" id="Casillero" data-auto="filter-option" data-auto-selected="false"><div class="checkbox" data-auto="checkbox"><input id="filter-option--Casillero-4830764" name="filter-option--Casillero-4830764" type="checkbox"><label class="checkbox-label" for="filter-option--Casillero-4830764" title="Casillero"><a class="filter-option--link" href="https://www.tesco.com/groceries/en-GB/shop/drinks/all?brand=Casillero&amp;viewAll=brand"><span class="checkbox-square checkbox-square-linked"></span><span class="checkbox-check icon-tick-white"></span><span class="visually-hidden">Filter by</span><span class="filter-label--line--inline">Casillero</span><span class="filter-label--line--inline">&nbsp;(10)</span></a></label></div></li><li class="filter-option__container" id="Fentimans" data-auto="filter-option" data-auto-selected="false"><div class="checkbox" data-auto="checkbox"><input id="filter-option--Fentimans-1302043" name="filter-option--Fentimans-1302043" type="checkbox"><label class="checkbox-label" for="filter-option--Fentimans-1302043" title="Fentimans"><a class="filter-option--link" href="https://www.tesco.com/groceries/en-GB/shop/drinks/all?brand=Fentimans&amp;viewAll=brand"><span class="checkbox-square checkbox-square-linked"></span><span class="checkbox-check icon-tick-white"></span><span class="visually-hidden">Filter by</span><span class="filter-label--line--inline">Fentimans</span><span class="filter-label--line--inline">&nbsp;(10)</span></a></label></div></li><li class="filter-option__container" id="Get More" data-auto="filter-option" data-auto-selected="false"><div class="checkbox" data-auto="checkbox"><input id="filter-option--Get-More-6337035" name="filter-option--Get-More-6337035" type="checkbox"><label class="checkbox-label" for="filter-option--Get-More-6337035" title="Get More"><a class="filter-option--link" href="https://www.tesco.com/groceries/en-GB/shop/drinks/all?brand=Get%20More&amp;viewAll=brand"><span class="checkbox-square checkbox-square-linked"></span><span class="checkbox-check icon-tick-white"></span><span class="visually-hidden">Filter by</span><span class="filter-label--line--inline">Get More</span><span class="filter-label--line--inline">&nbsp;(10)</span></a></label></div></li><li class="filter-option__container" id="J2o" data-auto="filter-option" data-auto-selected="false"><div class="checkbox" data-auto="checkbox"><input id="filter-option--J2o-8480063" name="filter-option--J2o-8480063" type="checkbox"><label class="checkbox-label" for="filter-option--J2o-8480063" title="J2o"><a class="filter-option--link" href="https://www.tesco.com/groceries/en-GB/shop/drinks/all?brand=J2o&amp;viewAll=brand"><span class="checkbox-square checkbox-square-linked"></span><span class="checkbox-check icon-tick-white"></span><span class="visually-hidden">Filter by</span><span class="filter-label--line--inline">J2o</span><span class="filter-label--line--inline">&nbsp;(10)</span></a></label></div></li><li class="filter-option__container" id="Naked" data-auto="filter-option" data-auto-selected="false"><div class="checkbox" data-auto="checkbox"><input id="filter-option--Naked-7142211" name="filter-option--Naked-7142211" type="checkbox"><label class="checkbox-label" for="filter-option--Naked-7142211" title="Naked"><a class="filter-option--link" href="https://www.tesco.com/groceries/en-GB/shop/drinks/all?brand=Naked&amp;viewAll=brand"><span class="checkbox-square checkbox-square-linked"></span><span class="checkbox-check icon-tick-white"></span><span class="visually-hidden">Filter by</span><span class="filter-label--line--inline">Naked</span><span class="filter-label--line--inline">&nbsp;(10)</span></a></label></div></li><li class="filter-option__container" id="Ribena" data-auto="filter-option" data-auto-selected="false"><div class="checkbox" data-auto="checkbox"><input id="filter-option--Ribena-1733315" name="filter-option--Ribena-1733315" type="checkbox"><label class="checkbox-label" for="filter-option--Ribena-1733315" title="Ribena"><a class="filter-option--link" href="https://www.tesco.com/groceries/en-GB/shop/drinks/all?brand=Ribena&amp;viewAll=brand"><span class="checkbox-square checkbox-square-linked"></span><span class="checkbox-check icon-tick-white"></span><span class="visually-hidden">Filter by</span><span class="filter-label--line--inline">Ribena</span><span class="filter-label--line--inline">&nbsp;(10)</span></a></label></div></li><li class="filter-option__container" id="San Pellegrino" data-auto="filter-option" data-auto-selected="false"><div class="checkbox" data-auto="checkbox"><input id="filter-option--San-Pellegrino-541372" name="filter-option--San-Pellegrino-541372" type="checkbox"><label class="checkbox-label" for="filter-option--San-Pellegrino-541372" title="San Pellegrino"><a class="filter-option--link" href="https://www.tesco.com/groceries/en-GB/shop/drinks/all?brand=San%20Pellegrino&amp;viewAll=brand"><span class="checkbox-square checkbox-square-linked"></span><span class="checkbox-check icon-tick-white"></span><span class="visually-hidden">Filter by</span><span class="filter-label--line--block">San</span><span class="filter-label--line--inline filter-label--line--truncate">Pellegrino</span><span class="filter-label--line--inline">&nbsp;(10)</span></a></label></div></li><li class="filter-option__container" id="Shloer" data-auto="filter-option" data-auto-selected="false"><div class="checkbox" data-auto="checkbox"><input id="filter-option--Shloer-9924017" name="filter-option--Shloer-9924017" type="checkbox"><label class="checkbox-label" for="filter-option--Shloer-9924017" title="Shloer"><a class="filter-option--link" href="https://www.tesco.com/groceries/en-GB/shop/drinks/all?brand=Shloer&amp;viewAll=brand"><span class="checkbox-square checkbox-square-linked"></span><span class="checkbox-check icon-tick-white"></span><span class="visually-hidden">Filter by</span><span class="filter-label--line--inline">Shloer</span><span class="filter-label--line--inline">&nbsp;(10)</span></a></label></div></li><li class="filter-option__container" id="Strongbow" data-auto="filter-option" data-auto-selected="false"><div class="checkbox" data-auto="checkbox"><input id="filter-option--Strongbow-5035350" name="filter-option--Strongbow-5035350" type="checkbox"><label class="checkbox-label" for="filter-option--Strongbow-5035350" title="Strongbow"><a class="filter-option--link" href="https://www.tesco.com/groceries/en-GB/shop/drinks/all?brand=Strongbow&amp;viewAll=brand"><span class="checkbox-square checkbox-square-linked"></span><span class="checkbox-check icon-tick-white"></span><span class="visually-hidden">Filter by</span><span class="filter-label--line--inline">Strongbow</span><span class="filter-label--line--inline">&nbsp;(10)</span></a></label></div></li><li class="filter-option__container" id="Tanqueray" data-auto="filter-option" data-auto-selected="false"><div class="checkbox" data-auto="checkbox"><input id="filter-option--Tanqueray-8596171" name="filter-option--Tanqueray-8596171" type="checkbox"><label class="checkbox-label" for="filter-option--Tanqueray-8596171" title="Tanqueray"><a class="filter-option--link" href="https://www.tesco.com/groceries/en-GB/shop/drinks/all?brand=Tanqueray&amp;viewAll=brand"><span class="checkbox-square checkbox-square-linked"></span><span class="checkbox-check icon-tick-white"></span><span class="visually-hidden">Filter by</span><span class="filter-label--line--inline">Tanqueray</span><span class="filter-label--line--inline">&nbsp;(10)</span></a></label></div></li><li class="filter-option__container" id="All Shook Up" data-auto="filter-option" data-auto-selected="false"><div class="checkbox" data-auto="checkbox"><input id="filter-option--All-Shook-Up-1147908" name="filter-option--All-Shook-Up-1147908" type="checkbox"><label class="checkbox-label" for="filter-option--All-Shook-Up-1147908" title="All Shook Up"><a class="filter-option--link" href="https://www.tesco.com/groceries/en-GB/shop/drinks/all?brand=All%20Shook%20Up&amp;viewAll=brand"><span class="checkbox-square checkbox-square-linked"></span><span class="checkbox-check icon-tick-white"></span><span class="visually-hidden">Filter by</span><span class="filter-label--line--inline">All Shook Up</span><span class="filter-label--line--inline">&nbsp;(9)</span></a></label></div></li><li class="filter-option__container" id="Evian" data-auto="filter-option" data-auto-selected="false"><div class="checkbox" data-auto="checkbox"><input id="filter-option--Evian-3836921" name="filter-option--Evian-3836921" type="checkbox"><label class="checkbox-label" for="filter-option--Evian-3836921" title="Evian"><a class="filter-option--link" href="https://www.tesco.com/groceries/en-GB/shop/drinks/all?brand=Evian&amp;viewAll=brand"><span class="checkbox-square checkbox-square-linked"></span><span class="checkbox-check icon-tick-white"></span><span class="visually-hidden">Filter by</span><span class="filter-label--line--inline">Evian</span><span class="filter-label--line--inline">&nbsp;(9)</span></a></label></div></li><li class="filter-option__container" id="Fruit Shoot" data-auto="filter-option" data-auto-selected="false"><div class="checkbox" data-auto="checkbox"><input id="filter-option--Fruit-Shoot-6695269" name="filter-option--Fruit-Shoot-6695269" type="checkbox"><label class="checkbox-label" for="filter-option--Fruit-Shoot-6695269" title="Fruit Shoot"><a class="filter-option--link" href="https://www.tesco.com/groceries/en-GB/shop/drinks/all?brand=Fruit%20Shoot&amp;viewAll=brand"><span class="checkbox-square checkbox-square-linked"></span><span class="checkbox-check icon-tick-white"></span><span class="visually-hidden">Filter by</span><span class="filter-label--line--inline">Fruit Shoot</span><span class="filter-label--line--inline">&nbsp;(9)</span></a></label></div></li><li class="filter-option__container" id="Gordons" data-auto="filter-option" data-auto-selected="false"><div class="checkbox" data-auto="checkbox"><input id="filter-option--Gordons-6797196" name="filter-option--Gordons-6797196" type="checkbox"><label class="checkbox-label" for="filter-option--Gordons-6797196" title="Gordons"><a class="filter-option--link" href="https://www.tesco.com/groceries/en-GB/shop/drinks/all?brand=Gordons&amp;viewAll=brand"><span class="checkbox-square checkbox-square-linked"></span><span class="checkbox-check icon-tick-white"></span><span class="visually-hidden">Filter by</span><span class="filter-label--line--inline">Gordons</span><span class="filter-label--line--inline">&nbsp;(9)</span></a></label></div></li><li class="filter-option__container" id="Malibu" data-auto="filter-option" data-auto-selected="false"><div class="checkbox" data-auto="checkbox"><input id="filter-option--Malibu-23855" name="filter-option--Malibu-23855" type="checkbox"><label class="checkbox-label" for="filter-option--Malibu-23855" title="Malibu"><a class="filter-option--link" href="https://www.tesco.com/groceries/en-GB/shop/drinks/all?brand=Malibu&amp;viewAll=brand"><span class="checkbox-square checkbox-square-linked"></span><span class="checkbox-check icon-tick-white"></span><span class="visually-hidden">Filter by</span><span class="filter-label--line--inline">Malibu</span><span class="filter-label--line--inline">&nbsp;(9)</span></a></label></div></li><li class="filter-option__container" id="Pg Tips" data-auto="filter-option" data-auto-selected="false"><div class="checkbox" data-auto="checkbox"><input id="filter-option--Pg-Tips-9369034" name="filter-option--Pg-Tips-9369034" type="checkbox"><label class="checkbox-label" for="filter-option--Pg-Tips-9369034" title="Pg Tips"><a class="filter-option--link" href="https://www.tesco.com/groceries/en-GB/shop/drinks/all?brand=Pg%20Tips&amp;viewAll=brand"><span class="checkbox-square checkbox-square-linked"></span><span class="checkbox-check icon-tick-white"></span><span class="visually-hidden">Filter by</span><span class="filter-label--line--inline">Pg Tips</span><span class="filter-label--line--inline">&nbsp;(9)</span></a></label></div></li><li class="filter-option__container" id="Adnams" data-auto="filter-option" data-auto-selected="false"><div class="checkbox" data-auto="checkbox"><input id="filter-option--Adnams-4225188" name="filter-option--Adnams-4225188" type="checkbox"><label class="checkbox-label" for="filter-option--Adnams-4225188" title="Adnams"><a class="filter-option--link" href="https://www.tesco.com/groceries/en-GB/shop/drinks/all?brand=Adnams&amp;viewAll=brand"><span class="checkbox-square checkbox-square-linked"></span><span class="checkbox-check icon-tick-white"></span><span class="visually-hidden">Filter by</span><span class="filter-label--line--inline">Adnams</span><span class="filter-label--line--inline">&nbsp;(8)</span></a></label></div></li><li class="filter-option__container" id="Capri Sun" data-auto="filter-option" data-auto-selected="false"><div class="checkbox" data-auto="checkbox"><input id="filter-option--Capri-Sun-9289247" name="filter-option--Capri-Sun-9289247" type="checkbox"><label class="checkbox-label" for="filter-option--Capri-Sun-9289247" title="Capri Sun"><a class="filter-option--link" href="https://www.tesco.com/groceries/en-GB/shop/drinks/all?brand=Capri%20Sun&amp;viewAll=brand"><span class="checkbox-square checkbox-square-linked"></span><span class="checkbox-check icon-tick-white"></span><span class="visually-hidden">Filter by</span><span class="filter-label--line--inline">Capri Sun</span><span class="filter-label--line--inline">&nbsp;(8)</span></a></label></div></li><li class="filter-option__container" id="Captain Morgan" data-auto="filter-option" data-auto-selected="false"><div class="checkbox" data-auto="checkbox"><input id="filter-option--Captain-Morgan-552343" name="filter-option--Captain-Morgan-552343" type="checkbox"><label class="checkbox-label" for="filter-option--Captain-Morgan-552343" title="Captain Morgan"><a class="filter-option--link" href="https://www.tesco.com/groceries/en-GB/shop/drinks/all?brand=Captain%20Morgan&amp;viewAll=brand"><span class="checkbox-square checkbox-square-linked"></span><span class="checkbox-check icon-tick-white"></span><span class="visually-hidden">Filter by</span><span class="filter-label--line--inline">Captain Morgan</span><span class="filter-label--line--inline">&nbsp;(8)</span></a></label></div></li><li class="filter-option__container" id="Cawston Press" data-auto="filter-option" data-auto-selected="false"><div class="checkbox" data-auto="checkbox"><input id="filter-option--Cawston-Press-1561033" name="filter-option--Cawston-Press-1561033" type="checkbox"><label class="checkbox-label" for="filter-option--Cawston-Press-1561033" title="Cawston Press"><a class="filter-option--link" href="https://www.tesco.com/groceries/en-GB/shop/drinks/all?brand=Cawston%20Press&amp;viewAll=brand"><span class="checkbox-square checkbox-square-linked"></span><span class="checkbox-check icon-tick-white"></span><span class="visually-hidden">Filter by</span><span class="filter-label--line--inline">Cawston Press</span><span class="filter-label--line--inline">&nbsp;(8)</span></a></label></div></li><li class="filter-option__container" id="Edinburgh Gin Di" data-auto="filter-option" data-auto-selected="false"><div class="checkbox" data-auto="checkbox"><input id="filter-option--Edinburgh-Gin-Di-3786250" name="filter-option--Edinburgh-Gin-Di-3786250" type="checkbox"><label class="checkbox-label" for="filter-option--Edinburgh-Gin-Di-3786250" title="Edinburgh Gin Di"><a class="filter-option--link" href="https://www.tesco.com/groceries/en-GB/shop/drinks/all?brand=Edinburgh%20Gin%20Di&amp;viewAll=brand"><span class="checkbox-square checkbox-square-linked"></span><span class="checkbox-check icon-tick-white"></span><span class="visually-hidden">Filter by</span><span class="filter-label--line--block">Edinburgh</span><span class="filter-label--line--inline filter-label--line--truncate">Gin Di</span><span class="filter-label--line--inline">&nbsp;(8)</span></a></label></div></li><li class="filter-option__container" id="I Heart" data-auto="filter-option" data-auto-selected="false"><div class="checkbox" data-auto="checkbox"><input id="filter-option--I-Heart-3410677" name="filter-option--I-Heart-3410677" type="checkbox"><label class="checkbox-label" for="filter-option--I-Heart-3410677" title="I Heart"><a class="filter-option--link" href="https://www.tesco.com/groceries/en-GB/shop/drinks/all?brand=I%20Heart&amp;viewAll=brand"><span class="checkbox-square checkbox-square-linked"></span><span class="checkbox-check icon-tick-white"></span><span class="visually-hidden">Filter by</span><span class="filter-label--line--inline">I Heart</span><span class="filter-label--line--inline">&nbsp;(8)</span></a></label></div></li><li class="filter-option__container" id="Ocean Spray" data-auto="filter-option" data-auto-selected="false"><div class="checkbox" data-auto="checkbox"><input id="filter-option--Ocean-Spray-9377891" name="filter-option--Ocean-Spray-9377891" type="checkbox"><label class="checkbox-label" for="filter-option--Ocean-Spray-9377891" title="Ocean Spray"><a class="filter-option--link" href="https://www.tesco.com/groceries/en-GB/shop/drinks/all?brand=Ocean%20Spray&amp;viewAll=brand"><span class="checkbox-square checkbox-square-linked"></span><span class="checkbox-check icon-tick-white"></span><span class="visually-hidden">Filter by</span><span class="filter-label--line--inline">Ocean Spray</span><span class="filter-label--line--inline">&nbsp;(8)</span></a></label></div></li><li class="filter-option__container" id="Teapigs" data-auto="filter-option" data-auto-selected="false"><div class="checkbox" data-auto="checkbox"><input id="filter-option--Teapigs-8547810" name="filter-option--Teapigs-8547810" type="checkbox"><label class="checkbox-label" for="filter-option--Teapigs-8547810" title="Teapigs"><a class="filter-option--link" href="https://www.tesco.com/groceries/en-GB/shop/drinks/all?brand=Teapigs&amp;viewAll=brand"><span class="checkbox-square checkbox-square-linked"></span><span class="checkbox-check icon-tick-white"></span><span class="visually-hidden">Filter by</span><span class="filter-label--line--inline">Teapigs</span><span class="filter-label--line--inline">&nbsp;(8)</span></a></label></div></li><li class="filter-option__container" id="Vocation Brewery" data-auto="filter-option" data-auto-selected="false"><div class="checkbox" data-auto="checkbox"><input id="filter-option--Vocation-Brewery-6964021" name="filter-option--Vocation-Brewery-6964021" type="checkbox"><label class="checkbox-label" for="filter-option--Vocation-Brewery-6964021" title="Vocation Brewery"><a class="filter-option--link" href="https://www.tesco.com/groceries/en-GB/shop/drinks/all?brand=Vocation%20Brewery&amp;viewAll=brand"><span class="checkbox-square checkbox-square-linked"></span><span class="checkbox-check icon-tick-white"></span><span class="visually-hidden">Filter by</span><span class="filter-label--line--block">Vocation</span><span class="filter-label--line--inline filter-label--line--truncate">Brewery</span><span class="filter-label--line--inline">&nbsp;(8)</span></a></label></div></li><li class="filter-option__container" id="Whitley" data-auto="filter-option" data-auto-selected="false"><div class="checkbox" data-auto="checkbox"><input id="filter-option--Whitley-2983807" name="filter-option--Whitley-2983807" type="checkbox"><label class="checkbox-label" for="filter-option--Whitley-2983807" title="Whitley"><a class="filter-option--link" href="https://www.tesco.com/groceries/en-GB/shop/drinks/all?brand=Whitley&amp;viewAll=brand"><span class="checkbox-square checkbox-square-linked"></span><span class="checkbox-check icon-tick-white"></span><span class="visually-hidden">Filter by</span><span class="filter-label--line--inline">Whitley</span><span class="filter-label--line--inline">&nbsp;(8)</span></a></label></div></li><li class="filter-option__container" id="Yazoo" data-auto="filter-option" data-auto-selected="false"><div class="checkbox" data-auto="checkbox"><input id="filter-option--Yazoo-4746178" name="filter-option--Yazoo-4746178" type="checkbox"><label class="checkbox-label" for="filter-option--Yazoo-4746178" title="Yazoo"><a class="filter-option--link" href="https://www.tesco.com/groceries/en-GB/shop/drinks/all?brand=Yazoo&amp;viewAll=brand"><span class="checkbox-square checkbox-square-linked"></span><span class="checkbox-check icon-tick-white"></span><span class="visually-hidden">Filter by</span><span class="filter-label--line--inline">Yazoo</span><span class="filter-label--line--inline">&nbsp;(8)</span></a></label></div></li><li class="filter-option__container" id="19 Crimes" data-auto="filter-option" data-auto-selected="false"><div class="checkbox" data-auto="checkbox"><input id="filter-option--19-Crimes-2621637" name="filter-option--19-Crimes-2621637" type="checkbox"><label class="checkbox-label" for="filter-option--19-Crimes-2621637" title="19 Crimes"><a class="filter-option--link" href="https://www.tesco.com/groceries/en-GB/shop/drinks/all?brand=19%20Crimes&amp;viewAll=brand"><span class="checkbox-square checkbox-square-linked"></span><span class="checkbox-check icon-tick-white"></span><span class="visually-hidden">Filter by</span><span class="filter-label--line--inline">19 Crimes</span><span class="filter-label--line--inline">&nbsp;(7)</span></a></label></div></li><li class="filter-option__container" id="Beavertown" data-auto="filter-option" data-auto-selected="false"><div class="checkbox" data-auto="checkbox"><input id="filter-option--Beavertown-4017653" name="filter-option--Beavertown-4017653" type="checkbox"><label class="checkbox-label" for="filter-option--Beavertown-4017653" title="Beavertown"><a class="filter-option--link" href="https://www.tesco.com/groceries/en-GB/shop/drinks/all?brand=Beavertown&amp;viewAll=brand"><span class="checkbox-square checkbox-square-linked"></span><span class="checkbox-check icon-tick-white"></span><span class="visually-hidden">Filter by</span><span class="filter-label--line--inline">Beavertown</span><span class="filter-label--line--inline">&nbsp;(7)</span></a></label></div></li><li class="filter-option__container" id="Blossom Hill" data-auto="filter-option" data-auto-selected="false"><div class="checkbox" data-auto="checkbox"><input id="filter-option--Blossom-Hill-3274228" name="filter-option--Blossom-Hill-3274228" type="checkbox"><label class="checkbox-label" for="filter-option--Blossom-Hill-3274228" title="Blossom Hill"><a class="filter-option--link" href="https://www.tesco.com/groceries/en-GB/shop/drinks/all?brand=Blossom%20Hill&amp;viewAll=brand"><span class="checkbox-square checkbox-square-linked"></span><span class="checkbox-check icon-tick-white"></span><span class="visually-hidden">Filter by</span><span class="filter-label--line--inline">Blossom Hill</span><span class="filter-label--line--inline">&nbsp;(7)</span></a></label></div></li><li class="filter-option__container" id="Campo Viejo" data-auto="filter-option" data-auto-selected="false"><div class="checkbox" data-auto="checkbox"><input id="filter-option--Campo-Viejo-4337807" name="filter-option--Campo-Viejo-4337807" type="checkbox"><label class="checkbox-label" for="filter-option--Campo-Viejo-4337807" title="Campo Viejo"><a class="filter-option--link" href="https://www.tesco.com/groceries/en-GB/shop/drinks/all?brand=Campo%20Viejo&amp;viewAll=brand"><span class="checkbox-square checkbox-square-linked"></span><span class="checkbox-check icon-tick-white"></span><span class="visually-hidden">Filter by</span><span class="filter-label--line--inline">Campo Viejo</span><span class="filter-label--line--inline">&nbsp;(7)</span></a></label></div></li><li class="filter-option__container" id="Canti" data-auto="filter-option" data-auto-selected="false"><div class="checkbox" data-auto="checkbox"><input id="filter-option--Canti-6174779" name="filter-option--Canti-6174779" type="checkbox"><label class="checkbox-label" for="filter-option--Canti-6174779" title="Canti"><a class="filter-option--link" href="https://www.tesco.com/groceries/en-GB/shop/drinks/all?brand=Canti&amp;viewAll=brand"><span class="checkbox-square checkbox-square-linked"></span><span class="checkbox-check icon-tick-white"></span><span class="visually-hidden">Filter by</span><span class="filter-label--line--inline">Canti</span><span class="filter-label--line--inline">&nbsp;(7)</span></a></label></div></li><li class="filter-option__container" id="Estrella" data-auto="filter-option" data-auto-selected="false"><div class="checkbox" data-auto="checkbox"><input id="filter-option--Estrella-5788057" name="filter-option--Estrella-5788057" type="checkbox"><label class="checkbox-label" for="filter-option--Estrella-5788057" title="Estrella"><a class="filter-option--link" href="https://www.tesco.com/groceries/en-GB/shop/drinks/all?brand=Estrella&amp;viewAll=brand"><span class="checkbox-square checkbox-square-linked"></span><span class="checkbox-check icon-tick-white"></span><span class="visually-hidden">Filter by</span><span class="filter-label--line--inline">Estrella</span><span class="filter-label--line--inline">&nbsp;(7)</span></a></label></div></li><li class="filter-option__container" id="Isla Negra" data-auto="filter-option" data-auto-selected="false"><div class="checkbox" data-auto="checkbox"><input id="filter-option--Isla-Negra-2750416" name="filter-option--Isla-Negra-2750416" type="checkbox"><label class="checkbox-label" for="filter-option--Isla-Negra-2750416" title="Isla Negra"><a class="filter-option--link" href="https://www.tesco.com/groceries/en-GB/shop/drinks/all?brand=Isla%20Negra&amp;viewAll=brand"><span class="checkbox-square checkbox-square-linked"></span><span class="checkbox-check icon-tick-white"></span><span class="visually-hidden">Filter by</span><span class="filter-label--line--inline">Isla Negra</span><span class="filter-label--line--inline">&nbsp;(7)</span></a></label></div></li><li class="filter-option__container" id="Jameson" data-auto="filter-option" data-auto-selected="false"><div class="checkbox" data-auto="checkbox"><input id="filter-option--Jameson-5134995" name="filter-option--Jameson-5134995" type="checkbox"><label class="checkbox-label" for="filter-option--Jameson-5134995" title="Jameson"><a class="filter-option--link" href="https://www.tesco.com/groceries/en-GB/shop/drinks/all?brand=Jameson&amp;viewAll=brand"><span class="checkbox-square checkbox-square-linked"></span><span class="checkbox-check icon-tick-white"></span><span class="visually-hidden">Filter by</span><span class="filter-label--line--inline">Jameson</span><span class="filter-label--line--inline">&nbsp;(7)</span></a></label></div></li><li class="filter-option__container" id="Magners" data-auto="filter-option" data-auto-selected="false"><div class="checkbox" data-auto="checkbox"><input id="filter-option--Magners-6848389" name="filter-option--Magners-6848389" type="checkbox"><label class="checkbox-label" for="filter-option--Magners-6848389" title="Magners"><a class="filter-option--link" href="https://www.tesco.com/groceries/en-GB/shop/drinks/all?brand=Magners&amp;viewAll=brand"><span class="checkbox-square checkbox-square-linked"></span><span class="checkbox-check icon-tick-white"></span><span class="visually-hidden">Filter by</span><span class="filter-label--line--inline">Magners</span><span class="filter-label--line--inline">&nbsp;(7)</span></a></label></div></li><li class="filter-option__container" id="Nesquik" data-auto="filter-option" data-auto-selected="false"><div class="checkbox" data-auto="checkbox"><input id="filter-option--Nesquik-5670522" name="filter-option--Nesquik-5670522" type="checkbox"><label class="checkbox-label" for="filter-option--Nesquik-5670522" title="Nesquik"><a class="filter-option--link" href="https://www.tesco.com/groceries/en-GB/shop/drinks/all?brand=Nesquik&amp;viewAll=brand"><span class="checkbox-square checkbox-square-linked"></span><span class="checkbox-check icon-tick-white"></span><span class="visually-hidden">Filter by</span><span class="filter-label--line--inline">Nesquik</span><span class="filter-label--line--inline">&nbsp;(7)</span></a></label></div></li><li class="filter-option__container" id="Rekorderlig" data-auto="filter-option" data-auto-selected="false"><div class="checkbox" data-auto="checkbox"><input id="filter-option--Rekorderlig-4228396" name="filter-option--Rekorderlig-4228396" type="checkbox"><label class="checkbox-label" for="filter-option--Rekorderlig-4228396" title="Rekorderlig"><a class="filter-option--link" href="https://www.tesco.com/groceries/en-GB/shop/drinks/all?brand=Rekorderlig&amp;viewAll=brand"><span class="checkbox-square checkbox-square-linked"></span><span class="checkbox-check icon-tick-white"></span><span class="visually-hidden">Filter by</span><span class="filter-label--line--inline">Rekorderlig</span><span class="filter-label--line--inline">&nbsp;(7)</span></a></label></div></li><li class="filter-option__container" id="Tesco Home" data-auto="filter-option" data-auto-selected="false"><div class="checkbox" data-auto="checkbox"><input id="filter-option--Tesco-Home-2543013" name="filter-option--Tesco-Home-2543013" type="checkbox"><label class="checkbox-label" for="filter-option--Tesco-Home-2543013" title="Tesco Home"><a class="filter-option--link" href="https://www.tesco.com/groceries/en-GB/shop/drinks/all?brand=Tesco%20Home&amp;viewAll=brand"><span class="checkbox-square checkbox-square-linked"></span><span class="checkbox-check icon-tick-white"></span><span class="visually-hidden">Filter by</span><span class="filter-label--line--inline">Tesco Home</span><span class="filter-label--line--inline">&nbsp;(7)</span></a></label></div></li><li class="filter-option__container" id="Trivento" data-auto="filter-option" data-auto-selected="false"><div class="checkbox" data-auto="checkbox"><input id="filter-option--Trivento-3195983" name="filter-option--Trivento-3195983" type="checkbox"><label class="checkbox-label" for="filter-option--Trivento-3195983" title="Trivento"><a class="filter-option--link" href="https://www.tesco.com/groceries/en-GB/shop/drinks/all?brand=Trivento&amp;viewAll=brand"><span class="checkbox-square checkbox-square-linked"></span><span class="checkbox-check icon-tick-white"></span><span class="visually-hidden">Filter by</span><span class="filter-label--line--inline">Trivento</span><span class="filter-label--line--inline">&nbsp;(7)</span></a></label></div></li><li class="filter-option__container" id="Wairau Cove" data-auto="filter-option" data-auto-selected="false"><div class="checkbox" data-auto="checkbox"><input id="filter-option--Wairau-Cove-742157" name="filter-option--Wairau-Cove-742157" type="checkbox"><label class="checkbox-label" for="filter-option--Wairau-Cove-742157" title="Wairau Cove"><a class="filter-option--link" href="https://www.tesco.com/groceries/en-GB/shop/drinks/all?brand=Wairau%20Cove&amp;viewAll=brand"><span class="checkbox-square checkbox-square-linked"></span><span class="checkbox-check icon-tick-white"></span><span class="visually-hidden">Filter by</span><span class="filter-label--line--inline">Wairau Cove</span><span class="filter-label--line--inline">&nbsp;(7)</span></a></label></div></li><li class="filter-option__container" id="Whyte &amp; Mackay" data-auto="filter-option" data-auto-selected="false"><div class="checkbox" data-auto="checkbox"><input id="filter-option--Whyte-Mackay-8427293" name="filter-option--Whyte-Mackay-8427293" type="checkbox"><label class="checkbox-label" for="filter-option--Whyte-Mackay-8427293" title="Whyte &amp; Mackay"><a class="filter-option--link" href="https://www.tesco.com/groceries/en-GB/shop/drinks/all?brand=Whyte%20%26%20Mackay&amp;viewAll=brand"><span class="checkbox-square checkbox-square-linked"></span><span class="checkbox-check icon-tick-white"></span><span class="visually-hidden">Filter by</span><span class="filter-label--line--inline">Whyte &amp; Mackay</span><span class="filter-label--line--inline">&nbsp;(7)</span></a></label></div></li><li class="filter-option__container" id="Yorkshire Tea" data-auto="filter-option" data-auto-selected="false"><div class="checkbox" data-auto="checkbox"><input id="filter-option--Yorkshire-Tea-3039957" name="filter-option--Yorkshire-Tea-3039957" type="checkbox"><label class="checkbox-label" for="filter-option--Yorkshire-Tea-3039957" title="Yorkshire Tea"><a class="filter-option--link" href="https://www.tesco.com/groceries/en-GB/shop/drinks/all?brand=Yorkshire%20Tea&amp;viewAll=brand"><span class="checkbox-square checkbox-square-linked"></span><span class="checkbox-check icon-tick-white"></span><span class="visually-hidden">Filter by</span><span class="filter-label--line--inline">Yorkshire Tea</span><span class="filter-label--line--inline">&nbsp;(7)</span></a></label></div></li><li class="filter-option__container" id="Actiph" data-auto="filter-option" data-auto-selected="false"><div class="checkbox" data-auto="checkbox"><input id="filter-option--Actiph-3886142" name="filter-option--Actiph-3886142" type="checkbox"><label class="checkbox-label" for="filter-option--Actiph-3886142" title="Actiph"><a class="filter-option--link" href="https://www.tesco.com/groceries/en-GB/shop/drinks/all?brand=Actiph&amp;viewAll=brand"><span class="checkbox-square checkbox-square-linked"></span><span class="checkbox-check icon-tick-white"></span><span class="visually-hidden">Filter by</span><span class="filter-label--line--inline">Actiph</span><span class="filter-label--line--inline">&nbsp;(6)</span></a></label></div></li><li class="filter-option__container" id="Au Vodka" data-auto="filter-option" data-auto-selected="false"><div class="checkbox" data-auto="checkbox"><input id="filter-option--Au-Vodka-2166624" name="filter-option--Au-Vodka-2166624" type="checkbox"><label class="checkbox-label" for="filter-option--Au-Vodka-2166624" title="Au Vodka"><a class="filter-option--link" href="https://www.tesco.com/groceries/en-GB/shop/drinks/all?brand=Au%20Vodka&amp;viewAll=brand"><span class="checkbox-square checkbox-square-linked"></span><span class="checkbox-check icon-tick-white"></span><span class="visually-hidden">Filter by</span><span class="filter-label--line--inline">Au Vodka</span><span class="filter-label--line--inline">&nbsp;(6)</span></a></label></div></li><li class="filter-option__container" id="Belvoir" data-auto="filter-option" data-auto-selected="false"><div class="checkbox" data-auto="checkbox"><input id="filter-option--Belvoir-1909872" name="filter-option--Belvoir-1909872" type="checkbox"><label class="checkbox-label" for="filter-option--Belvoir-1909872" title="Belvoir"><a class="filter-option--link" href="https://www.tesco.com/groceries/en-GB/shop/drinks/all?brand=Belvoir&amp;viewAll=brand"><span class="checkbox-square checkbox-square-linked"></span><span class="checkbox-check icon-tick-white"></span><span class="visually-hidden">Filter by</span><span class="filter-label--line--inline">Belvoir</span><span class="filter-label--line--inline">&nbsp;(6)</span></a></label></div></li><li class="filter-option__container" id="Birra Moretti" data-auto="filter-option" data-auto-selected="false"><div class="checkbox" data-auto="checkbox"><input id="filter-option--Birra-Moretti-6652447" name="filter-option--Birra-Moretti-6652447" type="checkbox"><label class="checkbox-label" for="filter-option--Birra-Moretti-6652447" title="Birra Moretti"><a class="filter-option--link" href="https://www.tesco.com/groceries/en-GB/shop/drinks/all?brand=Birra%20Moretti&amp;viewAll=brand"><span class="checkbox-square checkbox-square-linked"></span><span class="checkbox-check icon-tick-white"></span><span class="visually-hidden">Filter by</span><span class="filter-label--line--inline">Birra Moretti</span><span class="filter-label--line--inline">&nbsp;(6)</span></a></label></div></li><li class="filter-option__container" id="Bottle Green" data-auto="filter-option" data-auto-selected="false"><div class="checkbox" data-auto="checkbox"><input id="filter-option--Bottle-Green-3081598" name="filter-option--Bottle-Green-3081598" type="checkbox"><label class="checkbox-label" for="filter-option--Bottle-Green-3081598" title="Bottle Green"><a class="filter-option--link" href="https://www.tesco.com/groceries/en-GB/shop/drinks/all?brand=Bottle%20Green&amp;viewAll=brand"><span class="checkbox-square checkbox-square-linked"></span><span class="checkbox-check icon-tick-white"></span><span class="visually-hidden">Filter by</span><span class="filter-label--line--inline">Bottle Green</span><span class="filter-label--line--inline">&nbsp;(6)</span></a></label></div></li><li class="filter-option__container" id="Cadbury" data-auto="filter-option" data-auto-selected="false"><div class="checkbox" data-auto="checkbox"><input id="filter-option--Cadbury-1870485" name="filter-option--Cadbury-1870485" type="checkbox"><label class="checkbox-label" for="filter-option--Cadbury-1870485" title="Cadbury"><a class="filter-option--link" href="https://www.tesco.com/groceries/en-GB/shop/drinks/all?brand=Cadbury&amp;viewAll=brand"><span class="checkbox-square checkbox-square-linked"></span><span class="checkbox-check icon-tick-white"></span><span class="visually-hidden">Filter by</span><span class="filter-label--line--inline">Cadbury</span><span class="filter-label--line--inline">&nbsp;(6)</span></a></label></div></li><li class="filter-option__container" id="Calvet" data-auto="filter-option" data-auto-selected="false"><div class="checkbox" data-auto="checkbox"><input id="filter-option--Calvet-2023988" name="filter-option--Calvet-2023988" type="checkbox"><label class="checkbox-label" for="filter-option--Calvet-2023988" title="Calvet"><a class="filter-option--link" href="https://www.tesco.com/groceries/en-GB/shop/drinks/all?brand=Calvet&amp;viewAll=brand"><span class="checkbox-square checkbox-square-linked"></span><span class="checkbox-check icon-tick-white"></span><span class="visually-hidden">Filter by</span><span class="filter-label--line--inline">Calvet</span><span class="filter-label--line--inline">&nbsp;(6)</span></a></label></div></li><li class="filter-option__container" id="Canderel" data-auto="filter-option" data-auto-selected="false"><div class="checkbox" data-auto="checkbox"><input id="filter-option--Canderel-2688384" name="filter-option--Canderel-2688384" type="checkbox"><label class="checkbox-label" for="filter-option--Canderel-2688384" title="Canderel"><a class="filter-option--link" href="https://www.tesco.com/groceries/en-GB/shop/drinks/all?brand=Canderel&amp;viewAll=brand"><span class="checkbox-square checkbox-square-linked"></span><span class="checkbox-check icon-tick-white"></span><span class="visually-hidden">Filter by</span><span class="filter-label--line--inline">Canderel</span><span class="filter-label--line--inline">&nbsp;(6)</span></a></label></div></li><li class="filter-option__container" id="Casa Mana" data-auto="filter-option" data-auto-selected="false"><div class="checkbox" data-auto="checkbox"><input id="filter-option--Casa-Mana-4833231" name="filter-option--Casa-Mana-4833231" type="checkbox"><label class="checkbox-label" for="filter-option--Casa-Mana-4833231" title="Casa Mana"><a class="filter-option--link" href="https://www.tesco.com/groceries/en-GB/shop/drinks/all?brand=Casa%20Mana&amp;viewAll=brand"><span class="checkbox-square checkbox-square-linked"></span><span class="checkbox-check icon-tick-white"></span><span class="visually-hidden">Filter by</span><span class="filter-label--line--inline">Casa Mana</span><span class="filter-label--line--inline">&nbsp;(6)</span></a></label></div></li><li class="filter-option__container" id="Clipper Teas" data-auto="filter-option" data-auto-selected="false"><div class="checkbox" data-auto="checkbox"><input id="filter-option--Clipper-Teas-7689519" name="filter-option--Clipper-Teas-7689519" type="checkbox"><label class="checkbox-label" for="filter-option--Clipper-Teas-7689519" title="Clipper Teas"><a class="filter-option--link" href="https://www.tesco.com/groceries/en-GB/shop/drinks/all?brand=Clipper%20Teas&amp;viewAll=brand"><span class="checkbox-square checkbox-square-linked"></span><span class="checkbox-check icon-tick-white"></span><span class="visually-hidden">Filter by</span><span class="filter-label--line--inline">Clipper Teas</span><span class="filter-label--line--inline">&nbsp;(6)</span></a></label></div></li><li class="filter-option__container" id="Dead Man&#39;s Finge" data-auto="filter-option" data-auto-selected="false"><div class="checkbox" data-auto="checkbox"><input id="filter-option--Dead-Man&#39;s-Finge-1274384" name="filter-option--Dead-Man&#39;s-Finge-1274384" type="checkbox"><label class="checkbox-label" for="filter-option--Dead-Man&#39;s-Finge-1274384" title="Dead Man&#39;s Finge"><a class="filter-option--link" href="https://www.tesco.com/groceries/en-GB/shop/drinks/all?brand=Dead%20Man%27s%20Finge&amp;viewAll=brand"><span class="checkbox-square checkbox-square-linked"></span><span class="checkbox-check icon-tick-white"></span><span class="visually-hidden">Filter by</span><span class="filter-label--line--block">Dead Man's</span><span class="filter-label--line--inline filter-label--line--truncate">Finge</span><span class="filter-label--line--inline">&nbsp;(6)</span></a></label></div></li><li class="filter-option__container" id="Diet Coke" data-auto="filter-option" data-auto-selected="false"><div class="checkbox" data-auto="checkbox"><input id="filter-option--Diet-Coke-1814034" name="filter-option--Diet-Coke-1814034" type="checkbox"><label class="checkbox-label" for="filter-option--Diet-Coke-1814034" title="Diet Coke"><a class="filter-option--link" href="https://www.tesco.com/groceries/en-GB/shop/drinks/all?brand=Diet%20Coke&amp;viewAll=brand"><span class="checkbox-square checkbox-square-linked"></span><span class="checkbox-check icon-tick-white"></span><span class="visually-hidden">Filter by</span><span class="filter-label--line--inline">Diet Coke</span><span class="filter-label--line--inline">&nbsp;(6)</span></a></label></div></li><li class="filter-option__container" id="Dr Pepper" data-auto="filter-option" data-auto-selected="false"><div class="checkbox" data-auto="checkbox"><input id="filter-option--Dr-Pepper-4384777" name="filter-option--Dr-Pepper-4384777" type="checkbox"><label class="checkbox-label" for="filter-option--Dr-Pepper-4384777" title="Dr Pepper"><a class="filter-option--link" href="https://www.tesco.com/groceries/en-GB/shop/drinks/all?brand=Dr%20Pepper&amp;viewAll=brand"><span class="checkbox-square checkbox-square-linked"></span><span class="checkbox-check icon-tick-white"></span><span class="visually-hidden">Filter by</span><span class="filter-label--line--inline">Dr Pepper</span><span class="filter-label--line--inline">&nbsp;(6)</span></a></label></div></li><li class="filter-option__container" id="Echo Falls" data-auto="filter-option" data-auto-selected="false"><div class="checkbox" data-auto="checkbox"><input id="filter-option--Echo-Falls-7561564" name="filter-option--Echo-Falls-7561564" type="checkbox"><label class="checkbox-label" for="filter-option--Echo-Falls-7561564" title="Echo Falls"><a class="filter-option--link" href="https://www.tesco.com/groceries/en-GB/shop/drinks/all?brand=Echo%20Falls&amp;viewAll=brand"><span class="checkbox-square checkbox-square-linked"></span><span class="checkbox-check icon-tick-white"></span><span class="visually-hidden">Filter by</span><span class="filter-label--line--inline">Echo Falls</span><span class="filter-label--line--inline">&nbsp;(6)</span></a></label></div></li><li class="filter-option__container" id="Emmi" data-auto="filter-option" data-auto-selected="false"><div class="checkbox" data-auto="checkbox"><input id="filter-option--Emmi-9884419" name="filter-option--Emmi-9884419" type="checkbox"><label class="checkbox-label" for="filter-option--Emmi-9884419" title="Emmi"><a class="filter-option--link" href="https://www.tesco.com/groceries/en-GB/shop/drinks/all?brand=Emmi&amp;viewAll=brand"><span class="checkbox-square checkbox-square-linked"></span><span class="checkbox-check icon-tick-white"></span><span class="visually-hidden">Filter by</span><span class="filter-label--line--inline">Emmi</span><span class="filter-label--line--inline">&nbsp;(6)</span></a></label></div></li><li class="filter-option__container" id="Fox &amp; Ivy" data-auto="filter-option" data-auto-selected="false"><div class="checkbox" data-auto="checkbox"><input id="filter-option--Fox-Ivy-4985624" name="filter-option--Fox-Ivy-4985624" type="checkbox"><label class="checkbox-label" for="filter-option--Fox-Ivy-4985624" title="Fox &amp; Ivy"><a class="filter-option--link" href="https://www.tesco.com/groceries/en-GB/shop/drinks/all?brand=Fox%20%26%20Ivy&amp;viewAll=brand"><span class="checkbox-square checkbox-square-linked"></span><span class="checkbox-check icon-tick-white"></span><span class="visually-hidden">Filter by</span><span class="filter-label--line--inline">Fox &amp; Ivy</span><span class="filter-label--line--inline">&nbsp;(6)</span></a></label></div></li><li class="filter-option__container" id="Galaxy" data-auto="filter-option" data-auto-selected="false"><div class="checkbox" data-auto="checkbox"><input id="filter-option--Galaxy-4891129" name="filter-option--Galaxy-4891129" type="checkbox"><label class="checkbox-label" for="filter-option--Galaxy-4891129" title="Galaxy"><a class="filter-option--link" href="https://www.tesco.com/groceries/en-GB/shop/drinks/all?brand=Galaxy&amp;viewAll=brand"><span class="checkbox-square checkbox-square-linked"></span><span class="checkbox-check icon-tick-white"></span><span class="visually-hidden">Filter by</span><span class="filter-label--line--inline">Galaxy</span><span class="filter-label--line--inline">&nbsp;(6)</span></a></label></div></li><li class="filter-option__container" id="Greene King" data-auto="filter-option" data-auto-selected="false"><div class="checkbox" data-auto="checkbox"><input id="filter-option--Greene-King-6752609" name="filter-option--Greene-King-6752609" type="checkbox"><label class="checkbox-label" for="filter-option--Greene-King-6752609" title="Greene King"><a class="filter-option--link" href="https://www.tesco.com/groceries/en-GB/shop/drinks/all?brand=Greene%20King&amp;viewAll=brand"><span class="checkbox-square checkbox-square-linked"></span><span class="checkbox-check icon-tick-white"></span><span class="visually-hidden">Filter by</span><span class="filter-label--line--inline">Greene King</span><span class="filter-label--line--inline">&nbsp;(6)</span></a></label></div></li><li class="filter-option__container" id="Grey Goose" data-auto="filter-option" data-auto-selected="false"><div class="checkbox" data-auto="checkbox"><input id="filter-option--Grey-Goose-9823905" name="filter-option--Grey-Goose-9823905" type="checkbox"><label class="checkbox-label" for="filter-option--Grey-Goose-9823905" title="Grey Goose"><a class="filter-option--link" href="https://www.tesco.com/groceries/en-GB/shop/drinks/all?brand=Grey%20Goose&amp;viewAll=brand"><span class="checkbox-square checkbox-square-linked"></span><span class="checkbox-check icon-tick-white"></span><span class="visually-hidden">Filter by</span><span class="filter-label--line--inline">Grey Goose</span><span class="filter-label--line--inline">&nbsp;(6)</span></a></label></div></li><li class="filter-option__container" id="Happy Monkey" data-auto="filter-option" data-auto-selected="false"><div class="checkbox" data-auto="checkbox"><input id="filter-option--Happy-Monkey-2616181" name="filter-option--Happy-Monkey-2616181" type="checkbox"><label class="checkbox-label" for="filter-option--Happy-Monkey-2616181" title="Happy Monkey"><a class="filter-option--link" href="https://www.tesco.com/groceries/en-GB/shop/drinks/all?brand=Happy%20Monkey&amp;viewAll=brand"><span class="checkbox-square checkbox-square-linked"></span><span class="checkbox-check icon-tick-white"></span><span class="visually-hidden">Filter by</span><span class="filter-label--line--inline">Happy Monkey</span><span class="filter-label--line--inline">&nbsp;(6)</span></a></label></div></li><li class="filter-option__container" id="Johnnie Walker" data-auto="filter-option" data-auto-selected="false"><div class="checkbox" data-auto="checkbox"><input id="filter-option--Johnnie-Walker-7157147" name="filter-option--Johnnie-Walker-7157147" type="checkbox"><label class="checkbox-label" for="filter-option--Johnnie-Walker-7157147" title="Johnnie Walker"><a class="filter-option--link" href="https://www.tesco.com/groceries/en-GB/shop/drinks/all?brand=Johnnie%20Walker&amp;viewAll=brand"><span class="checkbox-square checkbox-square-linked"></span><span class="checkbox-check icon-tick-white"></span><span class="visually-hidden">Filter by</span><span class="filter-label--line--inline">Johnnie Walker</span><span class="filter-label--line--inline">&nbsp;(6)</span></a></label></div></li><li class="filter-option__container" id="Kumala" data-auto="filter-option" data-auto-selected="false"><div class="checkbox" data-auto="checkbox"><input id="filter-option--Kumala-7164705" name="filter-option--Kumala-7164705" type="checkbox"><label class="checkbox-label" for="filter-option--Kumala-7164705" title="Kumala"><a class="filter-option--link" href="https://www.tesco.com/groceries/en-GB/shop/drinks/all?brand=Kumala&amp;viewAll=brand"><span class="checkbox-square checkbox-square-linked"></span><span class="checkbox-check icon-tick-white"></span><span class="visually-hidden">Filter by</span><span class="filter-label--line--inline">Kumala</span><span class="filter-label--line--inline">&nbsp;(6)</span></a></label></div></li><li class="filter-option__container" id="Northern Monk" data-auto="filter-option" data-auto-selected="false"><div class="checkbox" data-auto="checkbox"><input id="filter-option--Northern-Monk-4048684" name="filter-option--Northern-Monk-4048684" type="checkbox"><label class="checkbox-label" for="filter-option--Northern-Monk-4048684" title="Northern Monk"><a class="filter-option--link" href="https://www.tesco.com/groceries/en-GB/shop/drinks/all?brand=Northern%20Monk&amp;viewAll=brand"><span class="checkbox-square checkbox-square-linked"></span><span class="checkbox-check icon-tick-white"></span><span class="visually-hidden">Filter by</span><span class="filter-label--line--inline">Northern Monk</span><span class="filter-label--line--inline">&nbsp;(6)</span></a></label></div></li><li class="filter-option__container" id="Pukka Herbal Ayu" data-auto="filter-option" data-auto-selected="false"><div class="checkbox" data-auto="checkbox"><input id="filter-option--Pukka-Herbal-Ayu-80341" name="filter-option--Pukka-Herbal-Ayu-80341" type="checkbox"><label class="checkbox-label" for="filter-option--Pukka-Herbal-Ayu-80341" title="Pukka Herbal Ayu"><a class="filter-option--link" href="https://www.tesco.com/groceries/en-GB/shop/drinks/all?brand=Pukka%20Herbal%20Ayu&amp;viewAll=brand"><span class="checkbox-square checkbox-square-linked"></span><span class="checkbox-check icon-tick-white"></span><span class="visually-hidden">Filter by</span><span class="filter-label--line--block">Pukka Herbal</span><span class="filter-label--line--inline filter-label--line--truncate">Ayu</span><span class="filter-label--line--inline">&nbsp;(6)</span></a></label></div></li><li class="filter-option__container" id="Purdeys" data-auto="filter-option" data-auto-selected="false"><div class="checkbox" data-auto="checkbox"><input id="filter-option--Purdeys-8774951" name="filter-option--Purdeys-8774951" type="checkbox"><label class="checkbox-label" for="filter-option--Purdeys-8774951" title="Purdeys"><a class="filter-option--link" href="https://www.tesco.com/groceries/en-GB/shop/drinks/all?brand=Purdeys&amp;viewAll=brand"><span class="checkbox-square checkbox-square-linked"></span><span class="checkbox-check icon-tick-white"></span><span class="visually-hidden">Filter by</span><span class="filter-label--line--inline">Purdeys</span><span class="filter-label--line--inline">&nbsp;(6)</span></a></label></div></li><li class="filter-option__container" id="Remedy" data-auto="filter-option" data-auto-selected="false"><div class="checkbox" data-auto="checkbox"><input id="filter-option--Remedy-8783370" name="filter-option--Remedy-8783370" type="checkbox"><label class="checkbox-label" for="filter-option--Remedy-8783370" title="Remedy"><a class="filter-option--link" href="https://www.tesco.com/groceries/en-GB/shop/drinks/all?brand=Remedy&amp;viewAll=brand"><span class="checkbox-square checkbox-square-linked"></span><span class="checkbox-check icon-tick-white"></span><span class="visually-hidden">Filter by</span><span class="filter-label--line--inline">Remedy</span><span class="filter-label--line--inline">&nbsp;(6)</span></a></label></div></li><li class="filter-option__container" id="San Miguel" data-auto="filter-option" data-auto-selected="false"><div class="checkbox" data-auto="checkbox"><input id="filter-option--San-Miguel-3403725" name="filter-option--San-Miguel-3403725" type="checkbox"><label class="checkbox-label" for="filter-option--San-Miguel-3403725" title="San Miguel"><a class="filter-option--link" href="https://www.tesco.com/groceries/en-GB/shop/drinks/all?brand=San%20Miguel&amp;viewAll=brand"><span class="checkbox-square checkbox-square-linked"></span><span class="checkbox-check icon-tick-white"></span><span class="visually-hidden">Filter by</span><span class="filter-label--line--inline">San Miguel</span><span class="filter-label--line--inline">&nbsp;(6)</span></a></label></div></li><li class="filter-option__container" id="Shaken Udder" data-auto="filter-option" data-auto-selected="false"><div class="checkbox" data-auto="checkbox"><input id="filter-option--Shaken-Udder-2293907" name="filter-option--Shaken-Udder-2293907" type="checkbox"><label class="checkbox-label" for="filter-option--Shaken-Udder-2293907" title="Shaken Udder"><a class="filter-option--link" href="https://www.tesco.com/groceries/en-GB/shop/drinks/all?brand=Shaken%20Udder&amp;viewAll=brand"><span class="checkbox-square checkbox-square-linked"></span><span class="checkbox-check icon-tick-white"></span><span class="visually-hidden">Filter by</span><span class="filter-label--line--inline">Shaken Udder</span><span class="filter-label--line--inline">&nbsp;(6)</span></a></label></div></li><li class="filter-option__container" id="Sharps" data-auto="filter-option" data-auto-selected="false"><div class="checkbox" data-auto="checkbox"><input id="filter-option--Sharps-3382602" name="filter-option--Sharps-3382602" type="checkbox"><label class="checkbox-label" for="filter-option--Sharps-3382602" title="Sharps"><a class="filter-option--link" href="https://www.tesco.com/groceries/en-GB/shop/drinks/all?brand=Sharps&amp;viewAll=brand"><span class="checkbox-square checkbox-square-linked"></span><span class="checkbox-check icon-tick-white"></span><span class="visually-hidden">Filter by</span><span class="filter-label--line--inline">Sharps</span><span class="filter-label--line--inline">&nbsp;(6)</span></a></label></div></li><li class="filter-option__container" id="Sprite" data-auto="filter-option" data-auto-selected="false"><div class="checkbox" data-auto="checkbox"><input id="filter-option--Sprite-7604588" name="filter-option--Sprite-7604588" type="checkbox"><label class="checkbox-label" for="filter-option--Sprite-7604588" title="Sprite"><a class="filter-option--link" href="https://www.tesco.com/groceries/en-GB/shop/drinks/all?brand=Sprite&amp;viewAll=brand"><span class="checkbox-square checkbox-square-linked"></span><span class="checkbox-check icon-tick-white"></span><span class="visually-hidden">Filter by</span><span class="filter-label--line--inline">Sprite</span><span class="filter-label--line--inline">&nbsp;(6)</span></a></label></div></li><li class="filter-option__container" id="Torres" data-auto="filter-option" data-auto-selected="false"><div class="checkbox" data-auto="checkbox"><input id="filter-option--Torres-4878651" name="filter-option--Torres-4878651" type="checkbox"><label class="checkbox-label" for="filter-option--Torres-4878651" title="Torres"><a class="filter-option--link" href="https://www.tesco.com/groceries/en-GB/shop/drinks/all?brand=Torres&amp;viewAll=brand"><span class="checkbox-square checkbox-square-linked"></span><span class="checkbox-check icon-tick-white"></span><span class="visually-hidden">Filter by</span><span class="filter-label--line--inline">Torres</span><span class="filter-label--line--inline">&nbsp;(6)</span></a></label></div></li><li class="filter-option__container" id="Vineyards" data-auto="filter-option" data-auto-selected="false"><div class="checkbox" data-auto="checkbox"><input id="filter-option--Vineyards-3830250" name="filter-option--Vineyards-3830250" type="checkbox"><label class="checkbox-label" for="filter-option--Vineyards-3830250" title="Vineyards"><a class="filter-option--link" href="https://www.tesco.com/groceries/en-GB/shop/drinks/all?brand=Vineyards&amp;viewAll=brand"><span class="checkbox-square checkbox-square-linked"></span><span class="checkbox-check icon-tick-white"></span><span class="visually-hidden">Filter by</span><span class="filter-label--line--inline">Vineyards</span><span class="filter-label--line--inline">&nbsp;(6)</span></a></label></div></li><li class="filter-option__container" id="Wkd" data-auto="filter-option" data-auto-selected="false"><div class="checkbox" data-auto="checkbox"><input id="filter-option--Wkd-5347886" name="filter-option--Wkd-5347886" type="checkbox"><label class="checkbox-label" for="filter-option--Wkd-5347886" title="Wkd"><a class="filter-option--link" href="https://www.tesco.com/groceries/en-GB/shop/drinks/all?brand=Wkd&amp;viewAll=brand"><span class="checkbox-square checkbox-square-linked"></span><span class="checkbox-check icon-tick-white"></span><span class="visually-hidden">Filter by</span><span class="filter-label--line--inline">Wkd</span><span class="filter-label--line--inline">&nbsp;(6)</span></a></label></div></li><li class="filter-option__container" id="Badger" data-auto="filter-option" data-auto-selected="false"><div class="checkbox" data-auto="checkbox"><input id="filter-option--Badger-976015" name="filter-option--Badger-976015" type="checkbox"><label class="checkbox-label" for="filter-option--Badger-976015" title="Badger"><a class="filter-option--link" href="https://www.tesco.com/groceries/en-GB/shop/drinks/all?brand=Badger&amp;viewAll=brand"><span class="checkbox-square checkbox-square-linked"></span><span class="checkbox-check icon-tick-white"></span><span class="visually-hidden">Filter by</span><span class="filter-label--line--inline">Badger</span><span class="filter-label--line--inline">&nbsp;(5)</span></a></label></div></li><li class="filter-option__container" id="Bombay Sapphire" data-auto="filter-option" data-auto-selected="false"><div class="checkbox" data-auto="checkbox"><input id="filter-option--Bombay-Sapphire-833979" name="filter-option--Bombay-Sapphire-833979" type="checkbox"><label class="checkbox-label" for="filter-option--Bombay-Sapphire-833979" title="Bombay Sapphire"><a class="filter-option--link" href="https://www.tesco.com/groceries/en-GB/shop/drinks/all?brand=Bombay%20Sapphire&amp;viewAll=brand"><span class="checkbox-square checkbox-square-linked"></span><span class="checkbox-check icon-tick-white"></span><span class="visually-hidden">Filter by</span><span class="filter-label--line--block">Bombay</span><span class="filter-label--line--inline filter-label--line--truncate">Sapphire</span><span class="filter-label--line--inline">&nbsp;(5)</span></a></label></div></li><li class="filter-option__container" id="Caparelli" data-auto="filter-option" data-auto-selected="false"><div class="checkbox" data-auto="checkbox"><input id="filter-option--Caparelli-8392489" name="filter-option--Caparelli-8392489" type="checkbox"><label class="checkbox-label" for="filter-option--Caparelli-8392489" title="Caparelli"><a class="filter-option--link" href="https://www.tesco.com/groceries/en-GB/shop/drinks/all?brand=Caparelli&amp;viewAll=brand"><span class="checkbox-square checkbox-square-linked"></span><span class="checkbox-check icon-tick-white"></span><span class="visually-hidden">Filter by</span><span class="filter-label--line--inline">Caparelli</span><span class="filter-label--line--inline">&nbsp;(5)</span></a></label></div></li><li class="filter-option__container" id="Courvoisier" data-auto="filter-option" data-auto-selected="false"><div class="checkbox" data-auto="checkbox"><input id="filter-option--Courvoisier-2857806" name="filter-option--Courvoisier-2857806" type="checkbox"><label class="checkbox-label" for="filter-option--Courvoisier-2857806" title="Courvoisier"><a class="filter-option--link" href="https://www.tesco.com/groceries/en-GB/shop/drinks/all?brand=Courvoisier&amp;viewAll=brand"><span class="checkbox-square checkbox-square-linked"></span><span class="checkbox-check icon-tick-white"></span><span class="visually-hidden">Filter by</span><span class="filter-label--line--inline">Courvoisier</span><span class="filter-label--line--inline">&nbsp;(5)</span></a></label></div></li><li class="filter-option__container" id="Dark Horse" data-auto="filter-option" data-auto-selected="false"><div class="checkbox" data-auto="checkbox"><input id="filter-option--Dark-Horse-2723893" name="filter-option--Dark-Horse-2723893" type="checkbox"><label class="checkbox-label" for="filter-option--Dark-Horse-2723893" title="Dark Horse"><a class="filter-option--link" href="https://www.tesco.com/groceries/en-GB/shop/drinks/all?brand=Dark%20Horse&amp;viewAll=brand"><span class="checkbox-square checkbox-square-linked"></span><span class="checkbox-check icon-tick-white"></span><span class="visually-hidden">Filter by</span><span class="filter-label--line--inline">Dark Horse</span><span class="filter-label--line--inline">&nbsp;(5)</span></a></label></div></li><li class="filter-option__container" id="Disaronno" data-auto="filter-option" data-auto-selected="false"><div class="checkbox" data-auto="checkbox"><input id="filter-option--Disaronno-8307727" name="filter-option--Disaronno-8307727" type="checkbox"><label class="checkbox-label" for="filter-option--Disaronno-8307727" title="Disaronno"><a class="filter-option--link" href="https://www.tesco.com/groceries/en-GB/shop/drinks/all?brand=Disaronno&amp;viewAll=brand"><span class="checkbox-square checkbox-square-linked"></span><span class="checkbox-check icon-tick-white"></span><span class="visually-hidden">Filter by</span><span class="filter-label--line--inline">Disaronno</span><span class="filter-label--line--inline">&nbsp;(5)</span></a></label></div></li><li class="filter-option__container" id="Don Simon" data-auto="filter-option" data-auto-selected="false"><div class="checkbox" data-auto="checkbox"><input id="filter-option--Don-Simon-1145793" name="filter-option--Don-Simon-1145793" type="checkbox"><label class="checkbox-label" for="filter-option--Don-Simon-1145793" title="Don Simon"><a class="filter-option--link" href="https://www.tesco.com/groceries/en-GB/shop/drinks/all?brand=Don%20Simon&amp;viewAll=brand"><span class="checkbox-square checkbox-square-linked"></span><span class="checkbox-check icon-tick-white"></span><span class="visually-hidden">Filter by</span><span class="filter-label--line--inline">Don Simon</span><span class="filter-label--line--inline">&nbsp;(5)</span></a></label></div></li><li class="filter-option__container" id="Horlicks" data-auto="filter-option" data-auto-selected="false"><div class="checkbox" data-auto="checkbox"><input id="filter-option--Horlicks-9955207" name="filter-option--Horlicks-9955207" type="checkbox"><label class="checkbox-label" for="filter-option--Horlicks-9955207" title="Horlicks"><a class="filter-option--link" href="https://www.tesco.com/groceries/en-GB/shop/drinks/all?brand=Horlicks&amp;viewAll=brand"><span class="checkbox-square checkbox-square-linked"></span><span class="checkbox-check icon-tick-white"></span><span class="visually-hidden">Filter by</span><span class="filter-label--line--inline">Horlicks</span><span class="filter-label--line--inline">&nbsp;(5)</span></a></label></div></li><li class="filter-option__container" id="Irn Bru" data-auto="filter-option" data-auto-selected="false"><div class="checkbox" data-auto="checkbox"><input id="filter-option--Irn-Bru-5717991" name="filter-option--Irn-Bru-5717991" type="checkbox"><label class="checkbox-label" for="filter-option--Irn-Bru-5717991" title="Irn Bru"><a class="filter-option--link" href="https://www.tesco.com/groceries/en-GB/shop/drinks/all?brand=Irn%20Bru&amp;viewAll=brand"><span class="checkbox-square checkbox-square-linked"></span><span class="checkbox-check icon-tick-white"></span><span class="visually-hidden">Filter by</span><span class="filter-label--line--inline">Irn Bru</span><span class="filter-label--line--inline">&nbsp;(5)</span></a></label></div></li><li class="filter-option__container" id="Jam Shed" data-auto="filter-option" data-auto-selected="false"><div class="checkbox" data-auto="checkbox"><input id="filter-option--Jam-Shed-3835146" name="filter-option--Jam-Shed-3835146" type="checkbox"><label class="checkbox-label" for="filter-option--Jam-Shed-3835146" title="Jam Shed"><a class="filter-option--link" href="https://www.tesco.com/groceries/en-GB/shop/drinks/all?brand=Jam%20Shed&amp;viewAll=brand"><span class="checkbox-square checkbox-square-linked"></span><span class="checkbox-check icon-tick-white"></span><span class="visually-hidden">Filter by</span><span class="filter-label--line--inline">Jam Shed</span><span class="filter-label--line--inline">&nbsp;(5)</span></a></label></div></li><li class="filter-option__container" id="Kylie Minogue" data-auto="filter-option" data-auto-selected="false"><div class="checkbox" data-auto="checkbox"><input id="filter-option--Kylie-Minogue-6777488" name="filter-option--Kylie-Minogue-6777488" type="checkbox"><label class="checkbox-label" for="filter-option--Kylie-Minogue-6777488" title="Kylie Minogue"><a class="filter-option--link" href="https://www.tesco.com/groceries/en-GB/shop/drinks/all?brand=Kylie%20Minogue&amp;viewAll=brand"><span class="checkbox-square checkbox-square-linked"></span><span class="checkbox-check icon-tick-white"></span><span class="visually-hidden">Filter by</span><span class="filter-label--line--inline">Kylie Minogue</span><span class="filter-label--line--inline">&nbsp;(5)</span></a></label></div></li><li class="filter-option__container" id="Lanson" data-auto="filter-option" data-auto-selected="false"><div class="checkbox" data-auto="checkbox"><input id="filter-option--Lanson-3245062" name="filter-option--Lanson-3245062" type="checkbox"><label class="checkbox-label" for="filter-option--Lanson-3245062" title="Lanson"><a class="filter-option--link" href="https://www.tesco.com/groceries/en-GB/shop/drinks/all?brand=Lanson&amp;viewAll=brand"><span class="checkbox-square checkbox-square-linked"></span><span class="checkbox-check icon-tick-white"></span><span class="visually-hidden">Filter by</span><span class="filter-label--line--inline">Lanson</span><span class="filter-label--line--inline">&nbsp;(5)</span></a></label></div></li><li class="filter-option__container" id="Lateral" data-auto="filter-option" data-auto-selected="false"><div class="checkbox" data-auto="checkbox"><input id="filter-option--Lateral-609028" name="filter-option--Lateral-609028" type="checkbox"><label class="checkbox-label" for="filter-option--Lateral-609028" title="Lateral"><a class="filter-option--link" href="https://www.tesco.com/groceries/en-GB/shop/drinks/all?brand=Lateral&amp;viewAll=brand"><span class="checkbox-square checkbox-square-linked"></span><span class="checkbox-check icon-tick-white"></span><span class="visually-hidden">Filter by</span><span class="filter-label--line--inline">Lateral</span><span class="filter-label--line--inline">&nbsp;(5)</span></a></label></div></li><li class="filter-option__container" id="Lofbergs" data-auto="filter-option" data-auto-selected="false"><div class="checkbox" data-auto="checkbox"><input id="filter-option--Lofbergs-7840028" name="filter-option--Lofbergs-7840028" type="checkbox"><label class="checkbox-label" for="filter-option--Lofbergs-7840028" title="Lofbergs"><a class="filter-option--link" href="https://www.tesco.com/groceries/en-GB/shop/drinks/all?brand=Lofbergs&amp;viewAll=brand"><span class="checkbox-square checkbox-square-linked"></span><span class="checkbox-check icon-tick-white"></span><span class="visually-hidden">Filter by</span><span class="filter-label--line--inline">Lofbergs</span><span class="filter-label--line--inline">&nbsp;(5)</span></a></label></div></li><li class="filter-option__container" id="Luis Felipe Edwa" data-auto="filter-option" data-auto-selected="false"><div class="checkbox" data-auto="checkbox"><input id="filter-option--Luis-Felipe-Edwa-6084674" name="filter-option--Luis-Felipe-Edwa-6084674" type="checkbox"><label class="checkbox-label" for="filter-option--Luis-Felipe-Edwa-6084674" title="Luis Felipe Edwa"><a class="filter-option--link" href="https://www.tesco.com/groceries/en-GB/shop/drinks/all?brand=Luis%20Felipe%20Edwa&amp;viewAll=brand"><span class="checkbox-square checkbox-square-linked"></span><span class="checkbox-check icon-tick-white"></span><span class="visually-hidden">Filter by</span><span class="filter-label--line--block">Luis Felipe</span><span class="filter-label--line--inline filter-label--line--truncate">Edwa</span><span class="filter-label--line--inline">&nbsp;(5)</span></a></label></div></li><li class="filter-option__container" id="Martini" data-auto="filter-option" data-auto-selected="false"><div class="checkbox" data-auto="checkbox"><input id="filter-option--Martini-7874113" name="filter-option--Martini-7874113" type="checkbox"><label class="checkbox-label" for="filter-option--Martini-7874113" title="Martini"><a class="filter-option--link" href="https://www.tesco.com/groceries/en-GB/shop/drinks/all?brand=Martini&amp;viewAll=brand"><span class="checkbox-square checkbox-square-linked"></span><span class="checkbox-check icon-tick-white"></span><span class="visually-hidden">Filter by</span><span class="filter-label--line--inline">Martini</span><span class="filter-label--line--inline">&nbsp;(5)</span></a></label></div></li><li class="filter-option__container" id="Moth" data-auto="filter-option" data-auto-selected="false"><div class="checkbox" data-auto="checkbox"><input id="filter-option--Moth-2711320" name="filter-option--Moth-2711320" type="checkbox"><label class="checkbox-label" for="filter-option--Moth-2711320" title="Moth"><a class="filter-option--link" href="https://www.tesco.com/groceries/en-GB/shop/drinks/all?brand=Moth&amp;viewAll=brand"><span class="checkbox-square checkbox-square-linked"></span><span class="checkbox-check icon-tick-white"></span><span class="visually-hidden">Filter by</span><span class="filter-label--line--inline">Moth</span><span class="filter-label--line--inline">&nbsp;(5)</span></a></label></div></li><li class="filter-option__container" id="Penfolds" data-auto="filter-option" data-auto-selected="false"><div class="checkbox" data-auto="checkbox"><input id="filter-option--Penfolds-6212181" name="filter-option--Penfolds-6212181" type="checkbox"><label class="checkbox-label" for="filter-option--Penfolds-6212181" title="Penfolds"><a class="filter-option--link" href="https://www.tesco.com/groceries/en-GB/shop/drinks/all?brand=Penfolds&amp;viewAll=brand"><span class="checkbox-square checkbox-square-linked"></span><span class="checkbox-check icon-tick-white"></span><span class="visually-hidden">Filter by</span><span class="filter-label--line--inline">Penfolds</span><span class="filter-label--line--inline">&nbsp;(5)</span></a></label></div></li><li class="filter-option__container" id="Shipyard" data-auto="filter-option" data-auto-selected="false"><div class="checkbox" data-auto="checkbox"><input id="filter-option--Shipyard-149449" name="filter-option--Shipyard-149449" type="checkbox"><label class="checkbox-label" for="filter-option--Shipyard-149449" title="Shipyard"><a class="filter-option--link" href="https://www.tesco.com/groceries/en-GB/shop/drinks/all?brand=Shipyard&amp;viewAll=brand"><span class="checkbox-square checkbox-square-linked"></span><span class="checkbox-check icon-tick-white"></span><span class="visually-hidden">Filter by</span><span class="filter-label--line--inline">Shipyard</span><span class="filter-label--line--inline">&nbsp;(5)</span></a></label></div></li><li class="filter-option__container" id="Villa Maria" data-auto="filter-option" data-auto-selected="false"><div class="checkbox" data-auto="checkbox"><input id="filter-option--Villa-Maria-4808975" name="filter-option--Villa-Maria-4808975" type="checkbox"><label class="checkbox-label" for="filter-option--Villa-Maria-4808975" title="Villa Maria"><a class="filter-option--link" href="https://www.tesco.com/groceries/en-GB/shop/drinks/all?brand=Villa%20Maria&amp;viewAll=brand"><span class="checkbox-square checkbox-square-linked"></span><span class="checkbox-check icon-tick-white"></span><span class="visually-hidden">Filter by</span><span class="filter-label--line--inline">Villa Maria</span><span class="filter-label--line--inline">&nbsp;(5)</span></a></label></div></li><li class="filter-option__container" id="White Claw" data-auto="filter-option" data-auto-selected="false"><div class="checkbox" data-auto="checkbox"><input id="filter-option--White-Claw-1022430" name="filter-option--White-Claw-1022430" type="checkbox"><label class="checkbox-label" for="filter-option--White-Claw-1022430" title="White Claw"><a class="filter-option--link" href="https://www.tesco.com/groceries/en-GB/shop/drinks/all?brand=White%20Claw&amp;viewAll=brand"><span class="checkbox-square checkbox-square-linked"></span><span class="checkbox-check icon-tick-white"></span><span class="visually-hidden">Filter by</span><span class="filter-label--line--inline">White Claw</span><span class="filter-label--line--inline">&nbsp;(5)</span></a></label></div></li><li class="filter-option__container" id="Wine Route" data-auto="filter-option" data-auto-selected="false"><div class="checkbox" data-auto="checkbox"><input id="filter-option--Wine-Route-8103835" name="filter-option--Wine-Route-8103835" type="checkbox"><label class="checkbox-label" for="filter-option--Wine-Route-8103835" title="Wine Route"><a class="filter-option--link" href="https://www.tesco.com/groceries/en-GB/shop/drinks/all?brand=Wine%20Route&amp;viewAll=brand"><span class="checkbox-square checkbox-square-linked"></span><span class="checkbox-check icon-tick-white"></span><span class="visually-hidden">Filter by</span><span class="filter-label--line--inline">Wine Route</span><span class="filter-label--line--inline">&nbsp;(5)</span></a></label></div></li><li class="filter-option__container" id="Arctic Coffee" data-auto="filter-option" data-auto-selected="false"><div class="checkbox" data-auto="checkbox"><input id="filter-option--Arctic-Coffee-1803167" name="filter-option--Arctic-Coffee-1803167" type="checkbox"><label class="checkbox-label" for="filter-option--Arctic-Coffee-1803167" title="Arctic Coffee"><a class="filter-option--link" href="https://www.tesco.com/groceries/en-GB/shop/drinks/all?brand=Arctic%20Coffee&amp;viewAll=brand"><span class="checkbox-square checkbox-square-linked"></span><span class="checkbox-check icon-tick-white"></span><span class="visually-hidden">Filter by</span><span class="filter-label--line--inline">Arctic Coffee</span><span class="filter-label--line--inline">&nbsp;(4)</span></a></label></div></li><li class="filter-option__container" id="Asahi" data-auto="filter-option" data-auto-selected="false"><div class="checkbox" data-auto="checkbox"><input id="filter-option--Asahi-7247904" name="filter-option--Asahi-7247904" type="checkbox"><label class="checkbox-label" for="filter-option--Asahi-7247904" title="Asahi"><a class="filter-option--link" href="https://www.tesco.com/groceries/en-GB/shop/drinks/all?brand=Asahi&amp;viewAll=brand"><span class="checkbox-square checkbox-square-linked"></span><span class="checkbox-check icon-tick-white"></span><span class="visually-hidden">Filter by</span><span class="filter-label--line--inline">Asahi</span><span class="filter-label--line--inline">&nbsp;(4)</span></a></label></div></li><li class="filter-option__container" id="Aspall" data-auto="filter-option" data-auto-selected="false"><div class="checkbox" data-auto="checkbox"><input id="filter-option--Aspall-1590333" name="filter-option--Aspall-1590333" type="checkbox"><label class="checkbox-label" for="filter-option--Aspall-1590333" title="Aspall"><a class="filter-option--link" href="https://www.tesco.com/groceries/en-GB/shop/drinks/all?brand=Aspall&amp;viewAll=brand"><span class="checkbox-square checkbox-square-linked"></span><span class="checkbox-check icon-tick-white"></span><span class="visually-hidden">Filter by</span><span class="filter-label--line--inline">Aspall</span><span class="filter-label--line--inline">&nbsp;(4)</span></a></label></div></li><li class="filter-option__container" id="Bacardi" data-auto="filter-option" data-auto-selected="false"><div class="checkbox" data-auto="checkbox"><input id="filter-option--Bacardi-6141890" name="filter-option--Bacardi-6141890" type="checkbox"><label class="checkbox-label" for="filter-option--Bacardi-6141890" title="Bacardi"><a class="filter-option--link" href="https://www.tesco.com/groceries/en-GB/shop/drinks/all?brand=Bacardi&amp;viewAll=brand"><span class="checkbox-square checkbox-square-linked"></span><span class="checkbox-check icon-tick-white"></span><span class="visually-hidden">Filter by</span><span class="filter-label--line--inline">Bacardi</span><span class="filter-label--line--inline">&nbsp;(4)</span></a></label></div></li><li class="filter-option__container" id="Banrock Station" data-auto="filter-option" data-auto-selected="false"><div class="checkbox" data-auto="checkbox"><input id="filter-option--Banrock-Station-1723029" name="filter-option--Banrock-Station-1723029" type="checkbox"><label class="checkbox-label" for="filter-option--Banrock-Station-1723029" title="Banrock Station"><a class="filter-option--link" href="https://www.tesco.com/groceries/en-GB/shop/drinks/all?brand=Banrock%20Station&amp;viewAll=brand"><span class="checkbox-square checkbox-square-linked"></span><span class="checkbox-check icon-tick-white"></span><span class="visually-hidden">Filter by</span><span class="filter-label--line--block">Banrock</span><span class="filter-label--line--inline filter-label--line--truncate">Station</span><span class="filter-label--line--inline">&nbsp;(4)</span></a></label></div></li><li class="filter-option__container" id="Brooklyn" data-auto="filter-option" data-auto-selected="false"><div class="checkbox" data-auto="checkbox"><input id="filter-option--Brooklyn-3431858" name="filter-option--Brooklyn-3431858" type="checkbox"><label class="checkbox-label" for="filter-option--Brooklyn-3431858" title="Brooklyn"><a class="filter-option--link" href="https://www.tesco.com/groceries/en-GB/shop/drinks/all?brand=Brooklyn&amp;viewAll=brand"><span class="checkbox-square checkbox-square-linked"></span><span class="checkbox-check icon-tick-white"></span><span class="visually-hidden">Filter by</span><span class="filter-label--line--inline">Brooklyn</span><span class="filter-label--line--inline">&nbsp;(4)</span></a></label></div></li><li class="filter-option__container" id="Brothers" data-auto="filter-option" data-auto-selected="false"><div class="checkbox" data-auto="checkbox"><input id="filter-option--Brothers-8150245" name="filter-option--Brothers-8150245" type="checkbox"><label class="checkbox-label" for="filter-option--Brothers-8150245" title="Brothers"><a class="filter-option--link" href="https://www.tesco.com/groceries/en-GB/shop/drinks/all?brand=Brothers&amp;viewAll=brand"><span class="checkbox-square checkbox-square-linked"></span><span class="checkbox-check icon-tick-white"></span><span class="visually-hidden">Filter by</span><span class="filter-label--line--inline">Brothers</span><span class="filter-label--line--inline">&nbsp;(4)</span></a></label></div></li><li class="filter-option__container" id="Bushmills" data-auto="filter-option" data-auto-selected="false"><div class="checkbox" data-auto="checkbox"><input id="filter-option--Bushmills-461268" name="filter-option--Bushmills-461268" type="checkbox"><label class="checkbox-label" for="filter-option--Bushmills-461268" title="Bushmills"><a class="filter-option--link" href="https://www.tesco.com/groceries/en-GB/shop/drinks/all?brand=Bushmills&amp;viewAll=brand"><span class="checkbox-square checkbox-square-linked"></span><span class="checkbox-check icon-tick-white"></span><span class="visually-hidden">Filter by</span><span class="filter-label--line--inline">Bushmills</span><span class="filter-label--line--inline">&nbsp;(4)</span></a></label></div></li><li class="filter-option__container" id="Cafe Direct" data-auto="filter-option" data-auto-selected="false"><div class="checkbox" data-auto="checkbox"><input id="filter-option--Cafe-Direct-4113088" name="filter-option--Cafe-Direct-4113088" type="checkbox"><label class="checkbox-label" for="filter-option--Cafe-Direct-4113088" title="Cafe Direct"><a class="filter-option--link" href="https://www.tesco.com/groceries/en-GB/shop/drinks/all?brand=Cafe%20Direct&amp;viewAll=brand"><span class="checkbox-square checkbox-square-linked"></span><span class="checkbox-check icon-tick-white"></span><span class="visually-hidden">Filter by</span><span class="filter-label--line--inline">Cafe Direct</span><span class="filter-label--line--inline">&nbsp;(4)</span></a></label></div></li><li class="filter-option__container" id="Camden" data-auto="filter-option" data-auto-selected="false"><div class="checkbox" data-auto="checkbox"><input id="filter-option--Camden-5875829" name="filter-option--Camden-5875829" type="checkbox"><label class="checkbox-label" for="filter-option--Camden-5875829" title="Camden"><a class="filter-option--link" href="https://www.tesco.com/groceries/en-GB/shop/drinks/all?brand=Camden&amp;viewAll=brand"><span class="checkbox-square checkbox-square-linked"></span><span class="checkbox-check icon-tick-white"></span><span class="visually-hidden">Filter by</span><span class="filter-label--line--inline">Camden</span><span class="filter-label--line--inline">&nbsp;(4)</span></a></label></div></li><li class="filter-option__container" id="Carlsberg" data-auto="filter-option" data-auto-selected="false"><div class="checkbox" data-auto="checkbox"><input id="filter-option--Carlsberg-901022" name="filter-option--Carlsberg-901022" type="checkbox"><label class="checkbox-label" for="filter-option--Carlsberg-901022" title="Carlsberg"><a class="filter-option--link" href="https://www.tesco.com/groceries/en-GB/shop/drinks/all?brand=Carlsberg&amp;viewAll=brand"><span class="checkbox-square checkbox-square-linked"></span><span class="checkbox-check icon-tick-white"></span><span class="visually-hidden">Filter by</span><span class="filter-label--line--inline">Carlsberg</span><span class="filter-label--line--inline">&nbsp;(4)</span></a></label></div></li><li class="filter-option__container" id="Catena" data-auto="filter-option" data-auto-selected="false"><div class="checkbox" data-auto="checkbox"><input id="filter-option--Catena-863391" name="filter-option--Catena-863391" type="checkbox"><label class="checkbox-label" for="filter-option--Catena-863391" title="Catena"><a class="filter-option--link" href="https://www.tesco.com/groceries/en-GB/shop/drinks/all?brand=Catena&amp;viewAll=brand"><span class="checkbox-square checkbox-square-linked"></span><span class="checkbox-check icon-tick-white"></span><span class="visually-hidden">Filter by</span><span class="filter-label--line--inline">Catena</span><span class="filter-label--line--inline">&nbsp;(4)</span></a></label></div></li><li class="filter-option__container" id="Cave Des Roches" data-auto="filter-option" data-auto-selected="false"><div class="checkbox" data-auto="checkbox"><input id="filter-option--Cave-Des-Roches-2507217" name="filter-option--Cave-Des-Roches-2507217" type="checkbox"><label class="checkbox-label" for="filter-option--Cave-Des-Roches-2507217" title="Cave Des Roches"><a class="filter-option--link" href="https://www.tesco.com/groceries/en-GB/shop/drinks/all?brand=Cave%20Des%20Roches&amp;viewAll=brand"><span class="checkbox-square checkbox-square-linked"></span><span class="checkbox-check icon-tick-white"></span><span class="visually-hidden">Filter by</span><span class="filter-label--line--block">Cave Des</span><span class="filter-label--line--inline filter-label--line--truncate">Roches</span><span class="filter-label--line--inline">&nbsp;(4)</span></a></label></div></li><li class="filter-option__container" id="Cockburns" data-auto="filter-option" data-auto-selected="false"><div class="checkbox" data-auto="checkbox"><input id="filter-option--Cockburns-6547918" name="filter-option--Cockburns-6547918" type="checkbox"><label class="checkbox-label" for="filter-option--Cockburns-6547918" title="Cockburns"><a class="filter-option--link" href="https://www.tesco.com/groceries/en-GB/shop/drinks/all?brand=Cockburns&amp;viewAll=brand"><span class="checkbox-square checkbox-square-linked"></span><span class="checkbox-check icon-tick-white"></span><span class="visually-hidden">Filter by</span><span class="filter-label--line--inline">Cockburns</span><span class="filter-label--line--inline">&nbsp;(4)</span></a></label></div></li><li class="filter-option__container" id="Coors" data-auto="filter-option" data-auto-selected="false"><div class="checkbox" data-auto="checkbox"><input id="filter-option--Coors-4005902" name="filter-option--Coors-4005902" type="checkbox"><label class="checkbox-label" for="filter-option--Coors-4005902" title="Coors"><a class="filter-option--link" href="https://www.tesco.com/groceries/en-GB/shop/drinks/all?brand=Coors&amp;viewAll=brand"><span class="checkbox-square checkbox-square-linked"></span><span class="checkbox-check icon-tick-white"></span><span class="visually-hidden">Filter by</span><span class="filter-label--line--inline">Coors</span><span class="filter-label--line--inline">&nbsp;(4)</span></a></label></div></li><li class="filter-option__container" id="Copella" data-auto="filter-option" data-auto-selected="false"><div class="checkbox" data-auto="checkbox"><input id="filter-option--Copella-80452" name="filter-option--Copella-80452" type="checkbox"><label class="checkbox-label" for="filter-option--Copella-80452" title="Copella"><a class="filter-option--link" href="https://www.tesco.com/groceries/en-GB/shop/drinks/all?brand=Copella&amp;viewAll=brand"><span class="checkbox-square checkbox-square-linked"></span><span class="checkbox-check icon-tick-white"></span><span class="visually-hidden">Filter by</span><span class="filter-label--line--inline">Copella</span><span class="filter-label--line--inline">&nbsp;(4)</span></a></label></div></li><li class="filter-option__container" id="Diablo" data-auto="filter-option" data-auto-selected="false"><div class="checkbox" data-auto="checkbox"><input id="filter-option--Diablo-4584454" name="filter-option--Diablo-4584454" type="checkbox"><label class="checkbox-label" for="filter-option--Diablo-4584454" title="Diablo"><a class="filter-option--link" href="https://www.tesco.com/groceries/en-GB/shop/drinks/all?brand=Diablo&amp;viewAll=brand"><span class="checkbox-square checkbox-square-linked"></span><span class="checkbox-check icon-tick-white"></span><span class="visually-hidden">Filter by</span><span class="filter-label--line--inline">Diablo</span><span class="filter-label--line--inline">&nbsp;(4)</span></a></label></div></li><li class="filter-option__container" id="Dino" data-auto="filter-option" data-auto-selected="false"><div class="checkbox" data-auto="checkbox"><input id="filter-option--Dino-2096925" name="filter-option--Dino-2096925" type="checkbox"><label class="checkbox-label" for="filter-option--Dino-2096925" title="Dino"><a class="filter-option--link" href="https://www.tesco.com/groceries/en-GB/shop/drinks/all?brand=Dino&amp;viewAll=brand"><span class="checkbox-square checkbox-square-linked"></span><span class="checkbox-check icon-tick-white"></span><span class="visually-hidden">Filter by</span><span class="filter-label--line--inline">Dino</span><span class="filter-label--line--inline">&nbsp;(4)</span></a></label></div></li><li class="filter-option__container" id="Douwe Egberts" data-auto="filter-option" data-auto-selected="false"><div class="checkbox" data-auto="checkbox"><input id="filter-option--Douwe-Egberts-9038650" name="filter-option--Douwe-Egberts-9038650" type="checkbox"><label class="checkbox-label" for="filter-option--Douwe-Egberts-9038650" title="Douwe Egberts"><a class="filter-option--link" href="https://www.tesco.com/groceries/en-GB/shop/drinks/all?brand=Douwe%20Egberts&amp;viewAll=brand"><span class="checkbox-square checkbox-square-linked"></span><span class="checkbox-check icon-tick-white"></span><span class="visually-hidden">Filter by</span><span class="filter-label--line--inline">Douwe Egberts</span><span class="filter-label--line--inline">&nbsp;(4)</span></a></label></div></li><li class="filter-option__container" id="Eisberg" data-auto="filter-option" data-auto-selected="false"><div class="checkbox" data-auto="checkbox"><input id="filter-option--Eisberg-1901474" name="filter-option--Eisberg-1901474" type="checkbox"><label class="checkbox-label" for="filter-option--Eisberg-1901474" title="Eisberg"><a class="filter-option--link" href="https://www.tesco.com/groceries/en-GB/shop/drinks/all?brand=Eisberg&amp;viewAll=brand"><span class="checkbox-square checkbox-square-linked"></span><span class="checkbox-check icon-tick-white"></span><span class="visually-hidden">Filter by</span><span class="filter-label--line--inline">Eisberg</span><span class="filter-label--line--inline">&nbsp;(4)</span></a></label></div></li><li class="filter-option__container" id="Erdinger" data-auto="filter-option" data-auto-selected="false"><div class="checkbox" data-auto="checkbox"><input id="filter-option--Erdinger-8102210" name="filter-option--Erdinger-8102210" type="checkbox"><label class="checkbox-label" for="filter-option--Erdinger-8102210" title="Erdinger"><a class="filter-option--link" href="https://www.tesco.com/groceries/en-GB/shop/drinks/all?brand=Erdinger&amp;viewAll=brand"><span class="checkbox-square checkbox-square-linked"></span><span class="checkbox-check icon-tick-white"></span><span class="visually-hidden">Filter by</span><span class="filter-label--line--inline">Erdinger</span><span class="filter-label--line--inline">&nbsp;(4)</span></a></label></div></li><li class="filter-option__container" id="Errazuriz" data-auto="filter-option" data-auto-selected="false"><div class="checkbox" data-auto="checkbox"><input id="filter-option--Errazuriz-274001" name="filter-option--Errazuriz-274001" type="checkbox"><label class="checkbox-label" for="filter-option--Errazuriz-274001" title="Errazuriz"><a class="filter-option--link" href="https://www.tesco.com/groceries/en-GB/shop/drinks/all?brand=Errazuriz&amp;viewAll=brand"><span class="checkbox-square checkbox-square-linked"></span><span class="checkbox-check icon-tick-white"></span><span class="visually-hidden">Filter by</span><span class="filter-label--line--inline">Errazuriz</span><span class="filter-label--line--inline">&nbsp;(4)</span></a></label></div></li><li class="filter-option__container" id="Gallo" data-auto="filter-option" data-auto-selected="false"><div class="checkbox" data-auto="checkbox"><input id="filter-option--Gallo-3057469" name="filter-option--Gallo-3057469" type="checkbox"><label class="checkbox-label" for="filter-option--Gallo-3057469" title="Gallo"><a class="filter-option--link" href="https://www.tesco.com/groceries/en-GB/shop/drinks/all?brand=Gallo&amp;viewAll=brand"><span class="checkbox-square checkbox-square-linked"></span><span class="checkbox-check icon-tick-white"></span><span class="visually-hidden">Filter by</span><span class="filter-label--line--inline">Gallo</span><span class="filter-label--line--inline">&nbsp;(4)</span></a></label></div></li><li class="filter-option__container" id="Glenlivet" data-auto="filter-option" data-auto-selected="false"><div class="checkbox" data-auto="checkbox"><input id="filter-option--Glenlivet-3477621" name="filter-option--Glenlivet-3477621" type="checkbox"><label class="checkbox-label" for="filter-option--Glenlivet-3477621" title="Glenlivet"><a class="filter-option--link" href="https://www.tesco.com/groceries/en-GB/shop/drinks/all?brand=Glenlivet&amp;viewAll=brand"><span class="checkbox-square checkbox-square-linked"></span><span class="checkbox-check icon-tick-white"></span><span class="visually-hidden">Filter by</span><span class="filter-label--line--inline">Glenlivet</span><span class="filter-label--line--inline">&nbsp;(4)</span></a></label></div></li><li class="filter-option__container" id="Grants" data-auto="filter-option" data-auto-selected="false"><div class="checkbox" data-auto="checkbox"><input id="filter-option--Grants-4710652" name="filter-option--Grants-4710652" type="checkbox"><label class="checkbox-label" for="filter-option--Grants-4710652" title="Grants"><a class="filter-option--link" href="https://www.tesco.com/groceries/en-GB/shop/drinks/all?brand=Grants&amp;viewAll=brand"><span class="checkbox-square checkbox-square-linked"></span><span class="checkbox-check icon-tick-white"></span><span class="visually-hidden">Filter by</span><span class="filter-label--line--inline">Grants</span><span class="filter-label--line--inline">&nbsp;(4)</span></a></label></div></li><li class="filter-option__container" id="Heidsieck" data-auto="filter-option" data-auto-selected="false"><div class="checkbox" data-auto="checkbox"><input id="filter-option--Heidsieck-7189753" name="filter-option--Heidsieck-7189753" type="checkbox"><label class="checkbox-label" for="filter-option--Heidsieck-7189753" title="Heidsieck"><a class="filter-option--link" href="https://www.tesco.com/groceries/en-GB/shop/drinks/all?brand=Heidsieck&amp;viewAll=brand"><span class="checkbox-square checkbox-square-linked"></span><span class="checkbox-check icon-tick-white"></span><span class="visually-hidden">Filter by</span><span class="filter-label--line--inline">Heidsieck</span><span class="filter-label--line--inline">&nbsp;(4)</span></a></label></div></li><li class="filter-option__container" id="Henry Westons" data-auto="filter-option" data-auto-selected="false"><div class="checkbox" data-auto="checkbox"><input id="filter-option--Henry-Westons-3460669" name="filter-option--Henry-Westons-3460669" type="checkbox"><label class="checkbox-label" for="filter-option--Henry-Westons-3460669" title="Henry Westons"><a class="filter-option--link" href="https://www.tesco.com/groceries/en-GB/shop/drinks/all?brand=Henry%20Westons&amp;viewAll=brand"><span class="checkbox-square checkbox-square-linked"></span><span class="checkbox-check icon-tick-white"></span><span class="visually-hidden">Filter by</span><span class="filter-label--line--inline">Henry Westons</span><span class="filter-label--line--inline">&nbsp;(4)</span></a></label></div></li><li class="filter-option__container" id="Hobgoblin" data-auto="filter-option" data-auto-selected="false"><div class="checkbox" data-auto="checkbox"><input id="filter-option--Hobgoblin-3579387" name="filter-option--Hobgoblin-3579387" type="checkbox"><label class="checkbox-label" for="filter-option--Hobgoblin-3579387" title="Hobgoblin"><a class="filter-option--link" href="https://www.tesco.com/groceries/en-GB/shop/drinks/all?brand=Hobgoblin&amp;viewAll=brand"><span class="checkbox-square checkbox-square-linked"></span><span class="checkbox-check icon-tick-white"></span><span class="visually-hidden">Filter by</span><span class="filter-label--line--inline">Hobgoblin</span><span class="filter-label--line--inline">&nbsp;(4)</span></a></label></div></li><li class="filter-option__container" id="Juhayna" data-auto="filter-option" data-auto-selected="false"><div class="checkbox" data-auto="checkbox"><input id="filter-option--Juhayna-6620935" name="filter-option--Juhayna-6620935" type="checkbox"><label class="checkbox-label" for="filter-option--Juhayna-6620935" title="Juhayna"><a class="filter-option--link" href="https://www.tesco.com/groceries/en-GB/shop/drinks/all?brand=Juhayna&amp;viewAll=brand"><span class="checkbox-square checkbox-square-linked"></span><span class="checkbox-check icon-tick-white"></span><span class="visually-hidden">Filter by</span><span class="filter-label--line--inline">Juhayna</span><span class="filter-label--line--inline">&nbsp;(4)</span></a></label></div></li><li class="filter-option__container" id="Kib" data-auto="filter-option" data-auto-selected="false"><div class="checkbox" data-auto="checkbox"><input id="filter-option--Kib-1822483" name="filter-option--Kib-1822483" type="checkbox"><label class="checkbox-label" for="filter-option--Kib-1822483" title="Kib"><a class="filter-option--link" href="https://www.tesco.com/groceries/en-GB/shop/drinks/all?brand=Kib&amp;viewAll=brand"><span class="checkbox-square checkbox-square-linked"></span><span class="checkbox-check icon-tick-white"></span><span class="visually-hidden">Filter by</span><span class="filter-label--line--inline">Kib</span><span class="filter-label--line--inline">&nbsp;(4)</span></a></label></div></li><li class="filter-option__container" id="La Vieille Ferme" data-auto="filter-option" data-auto-selected="false"><div class="checkbox" data-auto="checkbox"><input id="filter-option--La-Vieille-Ferme-4643804" name="filter-option--La-Vieille-Ferme-4643804" type="checkbox"><label class="checkbox-label" for="filter-option--La-Vieille-Ferme-4643804" title="La Vieille Ferme"><a class="filter-option--link" href="https://www.tesco.com/groceries/en-GB/shop/drinks/all?brand=La%20Vieille%20Ferme&amp;viewAll=brand"><span class="checkbox-square checkbox-square-linked"></span><span class="checkbox-check icon-tick-white"></span><span class="visually-hidden">Filter by</span><span class="filter-label--line--block">La Vieille</span><span class="filter-label--line--inline filter-label--line--truncate">Ferme</span><span class="filter-label--line--inline">&nbsp;(4)</span></a></label></div></li><li class="filter-option__container" id="Leffe" data-auto="filter-option" data-auto-selected="false"><div class="checkbox" data-auto="checkbox"><input id="filter-option--Leffe-9292941" name="filter-option--Leffe-9292941" type="checkbox"><label class="checkbox-label" for="filter-option--Leffe-9292941" title="Leffe"><a class="filter-option--link" href="https://www.tesco.com/groceries/en-GB/shop/drinks/all?brand=Leffe&amp;viewAll=brand"><span class="checkbox-square checkbox-square-linked"></span><span class="checkbox-check icon-tick-white"></span><span class="visually-hidden">Filter by</span><span class="filter-label--line--inline">Leffe</span><span class="filter-label--line--inline">&nbsp;(4)</span></a></label></div></li><li class="filter-option__container" id="Lipton" data-auto="filter-option" data-auto-selected="false"><div class="checkbox" data-auto="checkbox"><input id="filter-option--Lipton-6988256" name="filter-option--Lipton-6988256" type="checkbox"><label class="checkbox-label" for="filter-option--Lipton-6988256" title="Lipton"><a class="filter-option--link" href="https://www.tesco.com/groceries/en-GB/shop/drinks/all?brand=Lipton&amp;viewAll=brand"><span class="checkbox-square checkbox-square-linked"></span><span class="checkbox-check icon-tick-white"></span><span class="visually-hidden">Filter by</span><span class="filter-label--line--inline">Lipton</span><span class="filter-label--line--inline">&nbsp;(4)</span></a></label></div></li><li class="filter-option__container" id="London Essence" data-auto="filter-option" data-auto-selected="false"><div class="checkbox" data-auto="checkbox"><input id="filter-option--London-Essence-3893361" name="filter-option--London-Essence-3893361" type="checkbox"><label class="checkbox-label" for="filter-option--London-Essence-3893361" title="London Essence"><a class="filter-option--link" href="https://www.tesco.com/groceries/en-GB/shop/drinks/all?brand=London%20Essence&amp;viewAll=brand"><span class="checkbox-square checkbox-square-linked"></span><span class="checkbox-check icon-tick-white"></span><span class="visually-hidden">Filter by</span><span class="filter-label--line--inline">London Essence</span><span class="filter-label--line--inline">&nbsp;(4)</span></a></label></div></li><li class="filter-option__container" id="Mcguigan" data-auto="filter-option" data-auto-selected="false"><div class="checkbox" data-auto="checkbox"><input id="filter-option--Mcguigan-2855799" name="filter-option--Mcguigan-2855799" type="checkbox"><label class="checkbox-label" for="filter-option--Mcguigan-2855799" title="Mcguigan"><a class="filter-option--link" href="https://www.tesco.com/groceries/en-GB/shop/drinks/all?brand=Mcguigan&amp;viewAll=brand"><span class="checkbox-square checkbox-square-linked"></span><span class="checkbox-check icon-tick-white"></span><span class="visually-hidden">Filter by</span><span class="filter-label--line--inline">Mcguigan</span><span class="filter-label--line--inline">&nbsp;(4)</span></a></label></div></li><li class="filter-option__container" id="Moet &amp; Chandon" data-auto="filter-option" data-auto-selected="false"><div class="checkbox" data-auto="checkbox"><input id="filter-option--Moet-Chandon-8066534" name="filter-option--Moet-Chandon-8066534" type="checkbox"><label class="checkbox-label" for="filter-option--Moet-Chandon-8066534" title="Moet &amp; Chandon"><a class="filter-option--link" href="https://www.tesco.com/groceries/en-GB/shop/drinks/all?brand=Moet%20%26%20Chandon&amp;viewAll=brand"><span class="checkbox-square checkbox-square-linked"></span><span class="checkbox-check icon-tick-white"></span><span class="visually-hidden">Filter by</span><span class="filter-label--line--inline">Moet &amp; Chandon</span><span class="filter-label--line--inline">&nbsp;(4)</span></a></label></div></li><li class="filter-option__container" id="Most Wanted" data-auto="filter-option" data-auto-selected="false"><div class="checkbox" data-auto="checkbox"><input id="filter-option--Most-Wanted-7164704" name="filter-option--Most-Wanted-7164704" type="checkbox"><label class="checkbox-label" for="filter-option--Most-Wanted-7164704" title="Most Wanted"><a class="filter-option--link" href="https://www.tesco.com/groceries/en-GB/shop/drinks/all?brand=Most%20Wanted&amp;viewAll=brand"><span class="checkbox-square checkbox-square-linked"></span><span class="checkbox-check icon-tick-white"></span><span class="visually-hidden">Filter by</span><span class="filter-label--line--inline">Most Wanted</span><span class="filter-label--line--inline">&nbsp;(4)</span></a></label></div></li><li class="filter-option__container" id="Oasis" data-auto="filter-option" data-auto-selected="false"><div class="checkbox" data-auto="checkbox"><input id="filter-option--Oasis-1137348" name="filter-option--Oasis-1137348" type="checkbox"><label class="checkbox-label" for="filter-option--Oasis-1137348" title="Oasis"><a class="filter-option--link" href="https://www.tesco.com/groceries/en-GB/shop/drinks/all?brand=Oasis&amp;viewAll=brand"><span class="checkbox-square checkbox-square-linked"></span><span class="checkbox-check icon-tick-white"></span><span class="visually-hidden">Filter by</span><span class="filter-label--line--inline">Oasis</span><span class="filter-label--line--inline">&nbsp;(4)</span></a></label></div></li><li class="filter-option__container" id="Old Mout" data-auto="filter-option" data-auto-selected="false"><div class="checkbox" data-auto="checkbox"><input id="filter-option--Old-Mout-1145230" name="filter-option--Old-Mout-1145230" type="checkbox"><label class="checkbox-label" for="filter-option--Old-Mout-1145230" title="Old Mout"><a class="filter-option--link" href="https://www.tesco.com/groceries/en-GB/shop/drinks/all?brand=Old%20Mout&amp;viewAll=brand"><span class="checkbox-square checkbox-square-linked"></span><span class="checkbox-check icon-tick-white"></span><span class="visually-hidden">Filter by</span><span class="filter-label--line--inline">Old Mout</span><span class="filter-label--line--inline">&nbsp;(4)</span></a></label></div></li><li class="filter-option__container" id="Old Speckled Hen" data-auto="filter-option" data-auto-selected="false"><div class="checkbox" data-auto="checkbox"><input id="filter-option--Old-Speckled-Hen-6546751" name="filter-option--Old-Speckled-Hen-6546751" type="checkbox"><label class="checkbox-label" for="filter-option--Old-Speckled-Hen-6546751" title="Old Speckled Hen"><a class="filter-option--link" href="https://www.tesco.com/groceries/en-GB/shop/drinks/all?brand=Old%20Speckled%20Hen&amp;viewAll=brand"><span class="checkbox-square checkbox-square-linked"></span><span class="checkbox-check icon-tick-white"></span><span class="visually-hidden">Filter by</span><span class="filter-label--line--block">Old Speckled</span><span class="filter-label--line--inline filter-label--line--truncate">Hen</span><span class="filter-label--line--inline">&nbsp;(4)</span></a></label></div></li><li class="filter-option__container" id="Options" data-auto="filter-option" data-auto-selected="false"><div class="checkbox" data-auto="checkbox"><input id="filter-option--Options-1195365" name="filter-option--Options-1195365" type="checkbox"><label class="checkbox-label" for="filter-option--Options-1195365" title="Options"><a class="filter-option--link" href="https://www.tesco.com/groceries/en-GB/shop/drinks/all?brand=Options&amp;viewAll=brand"><span class="checkbox-square checkbox-square-linked"></span><span class="checkbox-check icon-tick-white"></span><span class="visually-hidden">Filter by</span><span class="filter-label--line--inline">Options</span><span class="filter-label--line--inline">&nbsp;(4)</span></a></label></div></li><li class="filter-option__container" id="Pimms" data-auto="filter-option" data-auto-selected="false"><div class="checkbox" data-auto="checkbox"><input id="filter-option--Pimms-5964688" name="filter-option--Pimms-5964688" type="checkbox"><label class="checkbox-label" for="filter-option--Pimms-5964688" title="Pimms"><a class="filter-option--link" href="https://www.tesco.com/groceries/en-GB/shop/drinks/all?brand=Pimms&amp;viewAll=brand"><span class="checkbox-square checkbox-square-linked"></span><span class="checkbox-check icon-tick-white"></span><span class="visually-hidden">Filter by</span><span class="filter-label--line--inline">Pimms</span><span class="filter-label--line--inline">&nbsp;(4)</span></a></label></div></li><li class="filter-option__container" id="Princes" data-auto="filter-option" data-auto-selected="false"><div class="checkbox" data-auto="checkbox"><input id="filter-option--Princes-356384" name="filter-option--Princes-356384" type="checkbox"><label class="checkbox-label" for="filter-option--Princes-356384" title="Princes"><a class="filter-option--link" href="https://www.tesco.com/groceries/en-GB/shop/drinks/all?brand=Princes&amp;viewAll=brand"><span class="checkbox-square checkbox-square-linked"></span><span class="checkbox-check icon-tick-white"></span><span class="visually-hidden">Filter by</span><span class="filter-label--line--inline">Princes</span><span class="filter-label--line--inline">&nbsp;(4)</span></a></label></div></li><li class="filter-option__container" id="Relentless" data-auto="filter-option" data-auto-selected="false"><div class="checkbox" data-auto="checkbox"><input id="filter-option--Relentless-33704" name="filter-option--Relentless-33704" type="checkbox"><label class="checkbox-label" for="filter-option--Relentless-33704" title="Relentless"><a class="filter-option--link" href="https://www.tesco.com/groceries/en-GB/shop/drinks/all?brand=Relentless&amp;viewAll=brand"><span class="checkbox-square checkbox-square-linked"></span><span class="checkbox-check icon-tick-white"></span><span class="visually-hidden">Filter by</span><span class="filter-label--line--inline">Relentless</span><span class="filter-label--line--inline">&nbsp;(4)</span></a></label></div></li><li class="filter-option__container" id="Salt" data-auto="filter-option" data-auto-selected="false"><div class="checkbox" data-auto="checkbox"><input id="filter-option--Salt-763633" name="filter-option--Salt-763633" type="checkbox"><label class="checkbox-label" for="filter-option--Salt-763633" title="Salt"><a class="filter-option--link" href="https://www.tesco.com/groceries/en-GB/shop/drinks/all?brand=Salt&amp;viewAll=brand"><span class="checkbox-square checkbox-square-linked"></span><span class="checkbox-check icon-tick-white"></span><span class="visually-hidden">Filter by</span><span class="filter-label--line--inline">Salt</span><span class="filter-label--line--inline">&nbsp;(4)</span></a></label></div></li><li class="filter-option__container" id="Sipsmith" data-auto="filter-option" data-auto-selected="false"><div class="checkbox" data-auto="checkbox"><input id="filter-option--Sipsmith-9755815" name="filter-option--Sipsmith-9755815" type="checkbox"><label class="checkbox-label" for="filter-option--Sipsmith-9755815" title="Sipsmith"><a class="filter-option--link" href="https://www.tesco.com/groceries/en-GB/shop/drinks/all?brand=Sipsmith&amp;viewAll=brand"><span class="checkbox-square checkbox-square-linked"></span><span class="checkbox-check icon-tick-white"></span><span class="visually-hidden">Filter by</span><span class="filter-label--line--inline">Sipsmith</span><span class="filter-label--line--inline">&nbsp;(4)</span></a></label></div></li><li class="filter-option__container" id="Sourz" data-auto="filter-option" data-auto-selected="false"><div class="checkbox" data-auto="checkbox"><input id="filter-option--Sourz-7749659" name="filter-option--Sourz-7749659" type="checkbox"><label class="checkbox-label" for="filter-option--Sourz-7749659" title="Sourz"><a class="filter-option--link" href="https://www.tesco.com/groceries/en-GB/shop/drinks/all?brand=Sourz&amp;viewAll=brand"><span class="checkbox-square checkbox-square-linked"></span><span class="checkbox-check icon-tick-white"></span><span class="visually-hidden">Filter by</span><span class="filter-label--line--inline">Sourz</span><span class="filter-label--line--inline">&nbsp;(4)</span></a></label></div></li><li class="filter-option__container" id="St Austell" data-auto="filter-option" data-auto-selected="false"><div class="checkbox" data-auto="checkbox"><input id="filter-option--St-Austell-4351639" name="filter-option--St-Austell-4351639" type="checkbox"><label class="checkbox-label" for="filter-option--St-Austell-4351639" title="St Austell"><a class="filter-option--link" href="https://www.tesco.com/groceries/en-GB/shop/drinks/all?brand=St%20Austell&amp;viewAll=brand"><span class="checkbox-square checkbox-square-linked"></span><span class="checkbox-check icon-tick-white"></span><span class="visually-hidden">Filter by</span><span class="filter-label--line--inline">St Austell</span><span class="filter-label--line--inline">&nbsp;(4)</span></a></label></div></li><li class="filter-option__container" id="Stockwell Co" data-auto="filter-option" data-auto-selected="false"><div class="checkbox" data-auto="checkbox"><input id="filter-option--Stockwell-Co-6786821" name="filter-option--Stockwell-Co-6786821" type="checkbox"><label class="checkbox-label" for="filter-option--Stockwell-Co-6786821" title="Stockwell Co"><a class="filter-option--link" href="https://www.tesco.com/groceries/en-GB/shop/drinks/all?brand=Stockwell%20Co&amp;viewAll=brand"><span class="checkbox-square checkbox-square-linked"></span><span class="checkbox-check icon-tick-white"></span><span class="visually-hidden">Filter by</span><span class="filter-label--line--inline">Stockwell Co</span><span class="filter-label--line--inline">&nbsp;(4)</span></a></label></div></li><li class="filter-option__container" id="Taparoo Valley" data-auto="filter-option" data-auto-selected="false"><div class="checkbox" data-auto="checkbox"><input id="filter-option--Taparoo-Valley-3627358" name="filter-option--Taparoo-Valley-3627358" type="checkbox"><label class="checkbox-label" for="filter-option--Taparoo-Valley-3627358" title="Taparoo Valley"><a class="filter-option--link" href="https://www.tesco.com/groceries/en-GB/shop/drinks/all?brand=Taparoo%20Valley&amp;viewAll=brand"><span class="checkbox-square checkbox-square-linked"></span><span class="checkbox-check icon-tick-white"></span><span class="visually-hidden">Filter by</span><span class="filter-label--line--inline">Taparoo Valley</span><span class="filter-label--line--inline">&nbsp;(4)</span></a></label></div></li><li class="filter-option__container" id="Vita Coco" data-auto="filter-option" data-auto-selected="false"><div class="checkbox" data-auto="checkbox"><input id="filter-option--Vita-Coco-1139655" name="filter-option--Vita-Coco-1139655" type="checkbox"><label class="checkbox-label" for="filter-option--Vita-Coco-1139655" title="Vita Coco"><a class="filter-option--link" href="https://www.tesco.com/groceries/en-GB/shop/drinks/all?brand=Vita%20Coco&amp;viewAll=brand"><span class="checkbox-square checkbox-square-linked"></span><span class="checkbox-check icon-tick-white"></span><span class="visually-hidden">Filter by</span><span class="filter-label--line--inline">Vita Coco</span><span class="filter-label--line--inline">&nbsp;(4)</span></a></label></div></li><li class="filter-option__container" id="Wolf Blass" data-auto="filter-option" data-auto-selected="false"><div class="checkbox" data-auto="checkbox"><input id="filter-option--Wolf-Blass-518495" name="filter-option--Wolf-Blass-518495" type="checkbox"><label class="checkbox-label" for="filter-option--Wolf-Blass-518495" title="Wolf Blass"><a class="filter-option--link" href="https://www.tesco.com/groceries/en-GB/shop/drinks/all?brand=Wolf%20Blass&amp;viewAll=brand"><span class="checkbox-square checkbox-square-linked"></span><span class="checkbox-check icon-tick-white"></span><span class="visually-hidden">Filter by</span><span class="filter-label--line--inline">Wolf Blass</span><span class="filter-label--line--inline">&nbsp;(4)</span></a></label></div></li><li class="filter-option__container" id="Wow" data-auto="filter-option" data-auto-selected="false"><div class="checkbox" data-auto="checkbox"><input id="filter-option--Wow-1230129" name="filter-option--Wow-1230129" type="checkbox"><label class="checkbox-label" for="filter-option--Wow-1230129" title="Wow"><a class="filter-option--link" href="https://www.tesco.com/groceries/en-GB/shop/drinks/all?brand=Wow&amp;viewAll=brand"><span class="checkbox-square checkbox-square-linked"></span><span class="checkbox-check icon-tick-white"></span><span class="visually-hidden">Filter by</span><span class="filter-label--line--inline">Wow</span><span class="filter-label--line--inline">&nbsp;(4)</span></a></label></div></li><li class="filter-option__container" id="7 Up" data-auto="filter-option" data-auto-selected="false"><div class="checkbox" data-auto="checkbox"><input id="filter-option--7-Up-9052161" name="filter-option--7-Up-9052161" type="checkbox"><label class="checkbox-label" for="filter-option--7-Up-9052161" title="7 Up"><a class="filter-option--link" href="https://www.tesco.com/groceries/en-GB/shop/drinks/all?brand=7%20Up&amp;viewAll=brand"><span class="checkbox-square checkbox-square-linked"></span><span class="checkbox-check icon-tick-white"></span><span class="visually-hidden">Filter by</span><span class="filter-label--line--inline">7 Up</span><span class="filter-label--line--inline">&nbsp;(3)</span></a></label></div></li><li class="filter-option__container" id="Ag Barr" data-auto="filter-option" data-auto-selected="false"><div class="checkbox" data-auto="checkbox"><input id="filter-option--Ag-Barr-9926186" name="filter-option--Ag-Barr-9926186" type="checkbox"><label class="checkbox-label" for="filter-option--Ag-Barr-9926186" title="Ag Barr"><a class="filter-option--link" href="https://www.tesco.com/groceries/en-GB/shop/drinks/all?brand=Ag%20Barr&amp;viewAll=brand"><span class="checkbox-square checkbox-square-linked"></span><span class="checkbox-check icon-tick-white"></span><span class="visually-hidden">Filter by</span><span class="filter-label--line--inline">Ag Barr</span><span class="filter-label--line--inline">&nbsp;(3)</span></a></label></div></li><li class="filter-option__container" id="Angelo Poretti" data-auto="filter-option" data-auto-selected="false"><div class="checkbox" data-auto="checkbox"><input id="filter-option--Angelo-Poretti-3413170" name="filter-option--Angelo-Poretti-3413170" type="checkbox"><label class="checkbox-label" for="filter-option--Angelo-Poretti-3413170" title="Angelo Poretti"><a class="filter-option--link" href="https://www.tesco.com/groceries/en-GB/shop/drinks/all?brand=Angelo%20Poretti&amp;viewAll=brand"><span class="checkbox-square checkbox-square-linked"></span><span class="checkbox-check icon-tick-white"></span><span class="visually-hidden">Filter by</span><span class="filter-label--line--inline">Angelo Poretti</span><span class="filter-label--line--inline">&nbsp;(3)</span></a></label></div></li><li class="filter-option__container" id="Batch &amp; Bottle" data-auto="filter-option" data-auto-selected="false"><div class="checkbox" data-auto="checkbox"><input id="filter-option--Batch-Bottle-708731" name="filter-option--Batch-Bottle-708731" type="checkbox"><label class="checkbox-label" for="filter-option--Batch-Bottle-708731" title="Batch &amp; Bottle"><a class="filter-option--link" href="https://www.tesco.com/groceries/en-GB/shop/drinks/all?brand=Batch%20%26%20Bottle&amp;viewAll=brand"><span class="checkbox-square checkbox-square-linked"></span><span class="checkbox-check icon-tick-white"></span><span class="visually-hidden">Filter by</span><span class="filter-label--line--inline">Batch &amp; Bottle</span><span class="filter-label--line--inline">&nbsp;(3)</span></a></label></div></li><li class="filter-option__container" id="Beefeater" data-auto="filter-option" data-auto-selected="false"><div class="checkbox" data-auto="checkbox"><input id="filter-option--Beefeater-9300928" name="filter-option--Beefeater-9300928" type="checkbox"><label class="checkbox-label" for="filter-option--Beefeater-9300928" title="Beefeater"><a class="filter-option--link" href="https://www.tesco.com/groceries/en-GB/shop/drinks/all?brand=Beefeater&amp;viewAll=brand"><span class="checkbox-square checkbox-square-linked"></span><span class="checkbox-check icon-tick-white"></span><span class="visually-hidden">Filter by</span><span class="filter-label--line--inline">Beefeater</span><span class="filter-label--line--inline">&nbsp;(3)</span></a></label></div></li><li class="filter-option__container" id="Bella Cucina" data-auto="filter-option" data-auto-selected="false"><div class="checkbox" data-auto="checkbox"><input id="filter-option--Bella-Cucina-2097190" name="filter-option--Bella-Cucina-2097190" type="checkbox"><label class="checkbox-label" for="filter-option--Bella-Cucina-2097190" title="Bella Cucina"><a class="filter-option--link" href="https://www.tesco.com/groceries/en-GB/shop/drinks/all?brand=Bella%20Cucina&amp;viewAll=brand"><span class="checkbox-square checkbox-square-linked"></span><span class="checkbox-check icon-tick-white"></span><span class="visually-hidden">Filter by</span><span class="filter-label--line--inline">Bella Cucina</span><span class="filter-label--line--inline">&nbsp;(3)</span></a></label></div></li><li class="filter-option__container" id="Bells" data-auto="filter-option" data-auto-selected="false"><div class="checkbox" data-auto="checkbox"><input id="filter-option--Bells-4994994" name="filter-option--Bells-4994994" type="checkbox"><label class="checkbox-label" for="filter-option--Bells-4994994" title="Bells"><a class="filter-option--link" href="https://www.tesco.com/groceries/en-GB/shop/drinks/all?brand=Bells&amp;viewAll=brand"><span class="checkbox-square checkbox-square-linked"></span><span class="checkbox-check icon-tick-white"></span><span class="visually-hidden">Filter by</span><span class="filter-label--line--inline">Bells</span><span class="filter-label--line--inline">&nbsp;(3)</span></a></label></div></li><li class="filter-option__container" id="Bird In Hand" data-auto="filter-option" data-auto-selected="false"><div class="checkbox" data-auto="checkbox"><input id="filter-option--Bird-In-Hand-2083543" name="filter-option--Bird-In-Hand-2083543" type="checkbox"><label class="checkbox-label" for="filter-option--Bird-In-Hand-2083543" title="Bird In Hand"><a class="filter-option--link" href="https://www.tesco.com/groceries/en-GB/shop/drinks/all?brand=Bird%20In%20Hand&amp;viewAll=brand"><span class="checkbox-square checkbox-square-linked"></span><span class="checkbox-check icon-tick-white"></span><span class="visually-hidden">Filter by</span><span class="filter-label--line--inline">Bird In Hand</span><span class="filter-label--line--inline">&nbsp;(3)</span></a></label></div></li><li class="filter-option__container" id="Black Sheep" data-auto="filter-option" data-auto-selected="false"><div class="checkbox" data-auto="checkbox"><input id="filter-option--Black-Sheep-2073056" name="filter-option--Black-Sheep-2073056" type="checkbox"><label class="checkbox-label" for="filter-option--Black-Sheep-2073056" title="Black Sheep"><a class="filter-option--link" href="https://www.tesco.com/groceries/en-GB/shop/drinks/all?brand=Black%20Sheep&amp;viewAll=brand"><span class="checkbox-square checkbox-square-linked"></span><span class="checkbox-check icon-tick-white"></span><span class="visually-hidden">Filter by</span><span class="filter-label--line--inline">Black Sheep</span><span class="filter-label--line--inline">&nbsp;(3)</span></a></label></div></li><li class="filter-option__container" id="Blaumeister" data-auto="filter-option" data-auto-selected="false"><div class="checkbox" data-auto="checkbox"><input id="filter-option--Blaumeister-7914680" name="filter-option--Blaumeister-7914680" type="checkbox"><label class="checkbox-label" for="filter-option--Blaumeister-7914680" title="Blaumeister"><a class="filter-option--link" href="https://www.tesco.com/groceries/en-GB/shop/drinks/all?brand=Blaumeister&amp;viewAll=brand"><span class="checkbox-square checkbox-square-linked"></span><span class="checkbox-check icon-tick-white"></span><span class="visually-hidden">Filter by</span><span class="filter-label--line--inline">Blaumeister</span><span class="filter-label--line--inline">&nbsp;(3)</span></a></label></div></li><li class="filter-option__container" id="Blue Moon" data-auto="filter-option" data-auto-selected="false"><div class="checkbox" data-auto="checkbox"><input id="filter-option--Blue-Moon-9476701" name="filter-option--Blue-Moon-9476701" type="checkbox"><label class="checkbox-label" for="filter-option--Blue-Moon-9476701" title="Blue Moon"><a class="filter-option--link" href="https://www.tesco.com/groceries/en-GB/shop/drinks/all?brand=Blue%20Moon&amp;viewAll=brand"><span class="checkbox-square checkbox-square-linked"></span><span class="checkbox-check icon-tick-white"></span><span class="visually-hidden">Filter by</span><span class="filter-label--line--inline">Blue Moon</span><span class="filter-label--line--inline">&nbsp;(3)</span></a></label></div></li><li class="filter-option__container" id="Boschendal" data-auto="filter-option" data-auto-selected="false"><div class="checkbox" data-auto="checkbox"><input id="filter-option--Boschendal-2912034" name="filter-option--Boschendal-2912034" type="checkbox"><label class="checkbox-label" for="filter-option--Boschendal-2912034" title="Boschendal"><a class="filter-option--link" href="https://www.tesco.com/groceries/en-GB/shop/drinks/all?brand=Boschendal&amp;viewAll=brand"><span class="checkbox-square checkbox-square-linked"></span><span class="checkbox-check icon-tick-white"></span><span class="visually-hidden">Filter by</span><span class="filter-label--line--inline">Boschendal</span><span class="filter-label--line--inline">&nbsp;(3)</span></a></label></div></li><li class="filter-option__container" id="Cafepod" data-auto="filter-option" data-auto-selected="false"><div class="checkbox" data-auto="checkbox"><input id="filter-option--Cafepod-933146" name="filter-option--Cafepod-933146" type="checkbox"><label class="checkbox-label" for="filter-option--Cafepod-933146" title="Cafepod"><a class="filter-option--link" href="https://www.tesco.com/groceries/en-GB/shop/drinks/all?brand=Cafepod&amp;viewAll=brand"><span class="checkbox-square checkbox-square-linked"></span><span class="checkbox-check icon-tick-white"></span><span class="visually-hidden">Filter by</span><span class="filter-label--line--inline">Cafepod</span><span class="filter-label--line--inline">&nbsp;(3)</span></a></label></div></li><li class="filter-option__container" id="Cape Kyala" data-auto="filter-option" data-auto-selected="false"><div class="checkbox" data-auto="checkbox"><input id="filter-option--Cape-Kyala-7944055" name="filter-option--Cape-Kyala-7944055" type="checkbox"><label class="checkbox-label" for="filter-option--Cape-Kyala-7944055" title="Cape Kyala"><a class="filter-option--link" href="https://www.tesco.com/groceries/en-GB/shop/drinks/all?brand=Cape%20Kyala&amp;viewAll=brand"><span class="checkbox-square checkbox-square-linked"></span><span class="checkbox-check icon-tick-white"></span><span class="visually-hidden">Filter by</span><span class="filter-label--line--inline">Cape Kyala</span><span class="filter-label--line--inline">&nbsp;(3)</span></a></label></div></li><li class="filter-option__container" id="Carling" data-auto="filter-option" data-auto-selected="false"><div class="checkbox" data-auto="checkbox"><input id="filter-option--Carling-4676120" name="filter-option--Carling-4676120" type="checkbox"><label class="checkbox-label" for="filter-option--Carling-4676120" title="Carling"><a class="filter-option--link" href="https://www.tesco.com/groceries/en-GB/shop/drinks/all?brand=Carling&amp;viewAll=brand"><span class="checkbox-square checkbox-square-linked"></span><span class="checkbox-check icon-tick-white"></span><span class="visually-hidden">Filter by</span><span class="filter-label--line--inline">Carling</span><span class="filter-label--line--inline">&nbsp;(3)</span></a></label></div></li><li class="filter-option__container" id="Clipper" data-auto="filter-option" data-auto-selected="false"><div class="checkbox" data-auto="checkbox"><input id="filter-option--Clipper-9538050" name="filter-option--Clipper-9538050" type="checkbox"><label class="checkbox-label" for="filter-option--Clipper-9538050" title="Clipper"><a class="filter-option--link" href="https://www.tesco.com/groceries/en-GB/shop/drinks/all?brand=Clipper&amp;viewAll=brand"><span class="checkbox-square checkbox-square-linked"></span><span class="checkbox-check icon-tick-white"></span><span class="visually-hidden">Filter by</span><span class="filter-label--line--inline">Clipper</span><span class="filter-label--line--inline">&nbsp;(3)</span></a></label></div></li><li class="filter-option__container" id="Cono Sur" data-auto="filter-option" data-auto-selected="false"><div class="checkbox" data-auto="checkbox"><input id="filter-option--Cono-Sur-7410232" name="filter-option--Cono-Sur-7410232" type="checkbox"><label class="checkbox-label" for="filter-option--Cono-Sur-7410232" title="Cono Sur"><a class="filter-option--link" href="https://www.tesco.com/groceries/en-GB/shop/drinks/all?brand=Cono%20Sur&amp;viewAll=brand"><span class="checkbox-square checkbox-square-linked"></span><span class="checkbox-check icon-tick-white"></span><span class="visually-hidden">Filter by</span><span class="filter-label--line--inline">Cono Sur</span><span class="filter-label--line--inline">&nbsp;(3)</span></a></label></div></li><li class="filter-option__container" id="Crabbies" data-auto="filter-option" data-auto-selected="false"><div class="checkbox" data-auto="checkbox"><input id="filter-option--Crabbies-6664729" name="filter-option--Crabbies-6664729" type="checkbox"><label class="checkbox-label" for="filter-option--Crabbies-6664729" title="Crabbies"><a class="filter-option--link" href="https://www.tesco.com/groceries/en-GB/shop/drinks/all?brand=Crabbies&amp;viewAll=brand"><span class="checkbox-square checkbox-square-linked"></span><span class="checkbox-check icon-tick-white"></span><span class="visually-hidden">Filter by</span><span class="filter-label--line--inline">Crabbies</span><span class="filter-label--line--inline">&nbsp;(3)</span></a></label></div></li><li class="filter-option__container" id="Crusha" data-auto="filter-option" data-auto-selected="false"><div class="checkbox" data-auto="checkbox"><input id="filter-option--Crusha-3203283" name="filter-option--Crusha-3203283" type="checkbox"><label class="checkbox-label" for="filter-option--Crusha-3203283" title="Crusha"><a class="filter-option--link" href="https://www.tesco.com/groceries/en-GB/shop/drinks/all?brand=Crusha&amp;viewAll=brand"><span class="checkbox-square checkbox-square-linked"></span><span class="checkbox-check icon-tick-white"></span><span class="visually-hidden">Filter by</span><span class="filter-label--line--inline">Crusha</span><span class="filter-label--line--inline">&nbsp;(3)</span></a></label></div></li><li class="filter-option__container" id="Dash" data-auto="filter-option" data-auto-selected="false"><div class="checkbox" data-auto="checkbox"><input id="filter-option--Dash-5449191" name="filter-option--Dash-5449191" type="checkbox"><label class="checkbox-label" for="filter-option--Dash-5449191" title="Dash"><a class="filter-option--link" href="https://www.tesco.com/groceries/en-GB/shop/drinks/all?brand=Dash&amp;viewAll=brand"><span class="checkbox-square checkbox-square-linked"></span><span class="checkbox-check icon-tick-white"></span><span class="visually-hidden">Filter by</span><span class="filter-label--line--inline">Dash</span><span class="filter-label--line--inline">&nbsp;(3)</span></a></label></div></li><li class="filter-option__container" id="De Kuyper" data-auto="filter-option" data-auto-selected="false"><div class="checkbox" data-auto="checkbox"><input id="filter-option--De-Kuyper-735078" name="filter-option--De-Kuyper-735078" type="checkbox"><label class="checkbox-label" for="filter-option--De-Kuyper-735078" title="De Kuyper"><a class="filter-option--link" href="https://www.tesco.com/groceries/en-GB/shop/drinks/all?brand=De%20Kuyper&amp;viewAll=brand"><span class="checkbox-square checkbox-square-linked"></span><span class="checkbox-check icon-tick-white"></span><span class="visually-hidden">Filter by</span><span class="filter-label--line--inline">De Kuyper</span><span class="filter-label--line--inline">&nbsp;(3)</span></a></label></div></li><li class="filter-option__container" id="Duvel" data-auto="filter-option" data-auto-selected="false"><div class="checkbox" data-auto="checkbox"><input id="filter-option--Duvel-641708" name="filter-option--Duvel-641708" type="checkbox"><label class="checkbox-label" for="filter-option--Duvel-641708" title="Duvel"><a class="filter-option--link" href="https://www.tesco.com/groceries/en-GB/shop/drinks/all?brand=Duvel&amp;viewAll=brand"><span class="checkbox-square checkbox-square-linked"></span><span class="checkbox-check icon-tick-white"></span><span class="visually-hidden">Filter by</span><span class="filter-label--line--inline">Duvel</span><span class="filter-label--line--inline">&nbsp;(3)</span></a></label></div></li><li class="filter-option__container" id="Famous Grouse" data-auto="filter-option" data-auto-selected="false"><div class="checkbox" data-auto="checkbox"><input id="filter-option--Famous-Grouse-1827826" name="filter-option--Famous-Grouse-1827826" type="checkbox"><label class="checkbox-label" for="filter-option--Famous-Grouse-1827826" title="Famous Grouse"><a class="filter-option--link" href="https://www.tesco.com/groceries/en-GB/shop/drinks/all?brand=Famous%20Grouse&amp;viewAll=brand"><span class="checkbox-square checkbox-square-linked"></span><span class="checkbox-check icon-tick-white"></span><span class="visually-hidden">Filter by</span><span class="filter-label--line--inline">Famous Grouse</span><span class="filter-label--line--inline">&nbsp;(3)</span></a></label></div></li><li class="filter-option__container" id="Flavorz" data-auto="filter-option" data-auto-selected="false"><div class="checkbox" data-auto="checkbox"><input id="filter-option--Flavorz-6629507" name="filter-option--Flavorz-6629507" type="checkbox"><label class="checkbox-label" for="filter-option--Flavorz-6629507" title="Flavorz"><a class="filter-option--link" href="https://www.tesco.com/groceries/en-GB/shop/drinks/all?brand=Flavorz&amp;viewAll=brand"><span class="checkbox-square checkbox-square-linked"></span><span class="checkbox-check icon-tick-white"></span><span class="visually-hidden">Filter by</span><span class="filter-label--line--inline">Flavorz</span><span class="filter-label--line--inline">&nbsp;(3)</span></a></label></div></li><li class="filter-option__container" id="For Goodness Sha" data-auto="filter-option" data-auto-selected="false"><div class="checkbox" data-auto="checkbox"><input id="filter-option--For-Goodness-Sha-8374548" name="filter-option--For-Goodness-Sha-8374548" type="checkbox"><label class="checkbox-label" for="filter-option--For-Goodness-Sha-8374548" title="For Goodness Sha"><a class="filter-option--link" href="https://www.tesco.com/groceries/en-GB/shop/drinks/all?brand=For%20Goodness%20Sha&amp;viewAll=brand"><span class="checkbox-square checkbox-square-linked"></span><span class="checkbox-check icon-tick-white"></span><span class="visually-hidden">Filter by</span><span class="filter-label--line--block">For Goodness</span><span class="filter-label--line--inline filter-label--line--truncate">Sha</span><span class="filter-label--line--inline">&nbsp;(3)</span></a></label></div></li><li class="filter-option__container" id="Fosters" data-auto="filter-option" data-auto-selected="false"><div class="checkbox" data-auto="checkbox"><input id="filter-option--Fosters-5813907" name="filter-option--Fosters-5813907" type="checkbox"><label class="checkbox-label" for="filter-option--Fosters-5813907" title="Fosters"><a class="filter-option--link" href="https://www.tesco.com/groceries/en-GB/shop/drinks/all?brand=Fosters&amp;viewAll=brand"><span class="checkbox-square checkbox-square-linked"></span><span class="checkbox-check icon-tick-white"></span><span class="visually-hidden">Filter by</span><span class="filter-label--line--inline">Fosters</span><span class="filter-label--line--inline">&nbsp;(3)</span></a></label></div></li><li class="filter-option__container" id="Fullers" data-auto="filter-option" data-auto-selected="false"><div class="checkbox" data-auto="checkbox"><input id="filter-option--Fullers-5474506" name="filter-option--Fullers-5474506" type="checkbox"><label class="checkbox-label" for="filter-option--Fullers-5474506" title="Fullers"><a class="filter-option--link" href="https://www.tesco.com/groceries/en-GB/shop/drinks/all?brand=Fullers&amp;viewAll=brand"><span class="checkbox-square checkbox-square-linked"></span><span class="checkbox-check icon-tick-white"></span><span class="visually-hidden">Filter by</span><span class="filter-label--line--inline">Fullers</span><span class="filter-label--line--inline">&nbsp;(3)</span></a></label></div></li><li class="filter-option__container" id="Gerard Bertrand" data-auto="filter-option" data-auto-selected="false"><div class="checkbox" data-auto="checkbox"><input id="filter-option--Gerard-Bertrand-7453389" name="filter-option--Gerard-Bertrand-7453389" type="checkbox"><label class="checkbox-label" for="filter-option--Gerard-Bertrand-7453389" title="Gerard Bertrand"><a class="filter-option--link" href="https://www.tesco.com/groceries/en-GB/shop/drinks/all?brand=Gerard%20Bertrand&amp;viewAll=brand"><span class="checkbox-square checkbox-square-linked"></span><span class="checkbox-check icon-tick-white"></span><span class="visually-hidden">Filter by</span><span class="filter-label--line--block">Gerard</span><span class="filter-label--line--inline filter-label--line--truncate">Bertrand</span><span class="filter-label--line--inline">&nbsp;(3)</span></a></label></div></li><li class="filter-option__container" id="Glenfiddich" data-auto="filter-option" data-auto-selected="false"><div class="checkbox" data-auto="checkbox"><input id="filter-option--Glenfiddich-5368623" name="filter-option--Glenfiddich-5368623" type="checkbox"><label class="checkbox-label" for="filter-option--Glenfiddich-5368623" title="Glenfiddich"><a class="filter-option--link" href="https://www.tesco.com/groceries/en-GB/shop/drinks/all?brand=Glenfiddich&amp;viewAll=brand"><span class="checkbox-square checkbox-square-linked"></span><span class="checkbox-check icon-tick-white"></span><span class="visually-hidden">Filter by</span><span class="filter-label--line--inline">Glenfiddich</span><span class="filter-label--line--inline">&nbsp;(3)</span></a></label></div></li><li class="filter-option__container" id="Glenmorangie" data-auto="filter-option" data-auto-selected="false"><div class="checkbox" data-auto="checkbox"><input id="filter-option--Glenmorangie-6580676" name="filter-option--Glenmorangie-6580676" type="checkbox"><label class="checkbox-label" for="filter-option--Glenmorangie-6580676" title="Glenmorangie"><a class="filter-option--link" href="https://www.tesco.com/groceries/en-GB/shop/drinks/all?brand=Glenmorangie&amp;viewAll=brand"><span class="checkbox-square checkbox-square-linked"></span><span class="checkbox-check icon-tick-white"></span><span class="visually-hidden">Filter by</span><span class="filter-label--line--inline">Glenmorangie</span><span class="filter-label--line--inline">&nbsp;(3)</span></a></label></div></li><li class="filter-option__container" id="Goodrays" data-auto="filter-option" data-auto-selected="false"><div class="checkbox" data-auto="checkbox"><input id="filter-option--Goodrays-6146122" name="filter-option--Goodrays-6146122" type="checkbox"><label class="checkbox-label" for="filter-option--Goodrays-6146122" title="Goodrays"><a class="filter-option--link" href="https://www.tesco.com/groceries/en-GB/shop/drinks/all?brand=Goodrays&amp;viewAll=brand"><span class="checkbox-square checkbox-square-linked"></span><span class="checkbox-check icon-tick-white"></span><span class="visually-hidden">Filter by</span><span class="filter-label--line--inline">Goodrays</span><span class="filter-label--line--inline">&nbsp;(3)</span></a></label></div></li><li class="filter-option__container" id="Gordon Ramsay" data-auto="filter-option" data-auto-selected="false"><div class="checkbox" data-auto="checkbox"><input id="filter-option--Gordon-Ramsay-7294151" name="filter-option--Gordon-Ramsay-7294151" type="checkbox"><label class="checkbox-label" for="filter-option--Gordon-Ramsay-7294151" title="Gordon Ramsay"><a class="filter-option--link" href="https://www.tesco.com/groceries/en-GB/shop/drinks/all?brand=Gordon%20Ramsay&amp;viewAll=brand"><span class="checkbox-square checkbox-square-linked"></span><span class="checkbox-check icon-tick-white"></span><span class="visually-hidden">Filter by</span><span class="filter-label--line--inline">Gordon Ramsay</span><span class="filter-label--line--inline">&nbsp;(3)</span></a></label></div></li><li class="filter-option__container" id="Greenalls" data-auto="filter-option" data-auto-selected="false"><div class="checkbox" data-auto="checkbox"><input id="filter-option--Greenalls-3016044" name="filter-option--Greenalls-3016044" type="checkbox"><label class="checkbox-label" for="filter-option--Greenalls-3016044" title="Greenalls"><a class="filter-option--link" href="https://www.tesco.com/groceries/en-GB/shop/drinks/all?brand=Greenalls&amp;viewAll=brand"><span class="checkbox-square checkbox-square-linked"></span><span class="checkbox-check icon-tick-white"></span><span class="visually-hidden">Filter by</span><span class="filter-label--line--inline">Greenalls</span><span class="filter-label--line--inline">&nbsp;(3)</span></a></label></div></li><li class="filter-option__container" id="Harveys" data-auto="filter-option" data-auto-selected="false"><div class="checkbox" data-auto="checkbox"><input id="filter-option--Harveys-7502426" name="filter-option--Harveys-7502426" type="checkbox"><label class="checkbox-label" for="filter-option--Harveys-7502426" title="Harveys"><a class="filter-option--link" href="https://www.tesco.com/groceries/en-GB/shop/drinks/all?brand=Harveys&amp;viewAll=brand"><span class="checkbox-square checkbox-square-linked"></span><span class="checkbox-check icon-tick-white"></span><span class="visually-hidden">Filter by</span><span class="filter-label--line--inline">Harveys</span><span class="filter-label--line--inline">&nbsp;(3)</span></a></label></div></li><li class="filter-option__container" id="Hooch" data-auto="filter-option" data-auto-selected="false"><div class="checkbox" data-auto="checkbox"><input id="filter-option--Hooch-8827036" name="filter-option--Hooch-8827036" type="checkbox"><label class="checkbox-label" for="filter-option--Hooch-8827036" title="Hooch"><a class="filter-option--link" href="https://www.tesco.com/groceries/en-GB/shop/drinks/all?brand=Hooch&amp;viewAll=brand"><span class="checkbox-square checkbox-square-linked"></span><span class="checkbox-check icon-tick-white"></span><span class="visually-hidden">Filter by</span><span class="filter-label--line--inline">Hooch</span><span class="filter-label--line--inline">&nbsp;(3)</span></a></label></div></li><li class="filter-option__container" id="Illy" data-auto="filter-option" data-auto-selected="false"><div class="checkbox" data-auto="checkbox"><input id="filter-option--Illy-1427153" name="filter-option--Illy-1427153" type="checkbox"><label class="checkbox-label" for="filter-option--Illy-1427153" title="Illy"><a class="filter-option--link" href="https://www.tesco.com/groceries/en-GB/shop/drinks/all?brand=Illy&amp;viewAll=brand"><span class="checkbox-square checkbox-square-linked"></span><span class="checkbox-check icon-tick-white"></span><span class="visually-hidden">Filter by</span><span class="filter-label--line--inline">Illy</span><span class="filter-label--line--inline">&nbsp;(3)</span></a></label></div></li><li class="filter-option__container" id="Inch&#39;s" data-auto="filter-option" data-auto-selected="false"><div class="checkbox" data-auto="checkbox"><input id="filter-option--Inch&#39;s-125063" name="filter-option--Inch&#39;s-125063" type="checkbox"><label class="checkbox-label" for="filter-option--Inch&#39;s-125063" title="Inch&#39;s"><a class="filter-option--link" href="https://www.tesco.com/groceries/en-GB/shop/drinks/all?brand=Inch%27s&amp;viewAll=brand"><span class="checkbox-square checkbox-square-linked"></span><span class="checkbox-check icon-tick-white"></span><span class="visually-hidden">Filter by</span><span class="filter-label--line--inline">Inch's</span><span class="filter-label--line--inline">&nbsp;(3)</span></a></label></div></li><li class="filter-option__container" id="Innis &amp; Gunn" data-auto="filter-option" data-auto-selected="false"><div class="checkbox" data-auto="checkbox"><input id="filter-option--Innis-Gunn-4837892" name="filter-option--Innis-Gunn-4837892" type="checkbox"><label class="checkbox-label" for="filter-option--Innis-Gunn-4837892" title="Innis &amp; Gunn"><a class="filter-option--link" href="https://www.tesco.com/groceries/en-GB/shop/drinks/all?brand=Innis%20%26%20Gunn&amp;viewAll=brand"><span class="checkbox-square checkbox-square-linked"></span><span class="checkbox-check icon-tick-white"></span><span class="visually-hidden">Filter by</span><span class="filter-label--line--inline">Innis &amp; Gunn</span><span class="filter-label--line--inline">&nbsp;(3)</span></a></label></div></li><li class="filter-option__container" id="Jagermeister" data-auto="filter-option" data-auto-selected="false"><div class="checkbox" data-auto="checkbox"><input id="filter-option--Jagermeister-4355073" name="filter-option--Jagermeister-4355073" type="checkbox"><label class="checkbox-label" for="filter-option--Jagermeister-4355073" title="Jagermeister"><a class="filter-option--link" href="https://www.tesco.com/groceries/en-GB/shop/drinks/all?brand=Jagermeister&amp;viewAll=brand"><span class="checkbox-square checkbox-square-linked"></span><span class="checkbox-check icon-tick-white"></span><span class="visually-hidden">Filter by</span><span class="filter-label--line--inline">Jagermeister</span><span class="filter-label--line--inline">&nbsp;(3)</span></a></label></div></li><li class="filter-option__container" id="Jim Beam" data-auto="filter-option" data-auto-selected="false"><div class="checkbox" data-auto="checkbox"><input id="filter-option--Jim-Beam-9755534" name="filter-option--Jim-Beam-9755534" type="checkbox"><label class="checkbox-label" for="filter-option--Jim-Beam-9755534" title="Jim Beam"><a class="filter-option--link" href="https://www.tesco.com/groceries/en-GB/shop/drinks/all?brand=Jim%20Beam&amp;viewAll=brand"><span class="checkbox-square checkbox-square-linked"></span><span class="checkbox-check icon-tick-white"></span><span class="visually-hidden">Filter by</span><span class="filter-label--line--inline">Jim Beam</span><span class="filter-label--line--inline">&nbsp;(3)</span></a></label></div></li><li class="filter-option__container" id="Jj Whitley" data-auto="filter-option" data-auto-selected="false"><div class="checkbox" data-auto="checkbox"><input id="filter-option--Jj-Whitley-2695747" name="filter-option--Jj-Whitley-2695747" type="checkbox"><label class="checkbox-label" for="filter-option--Jj-Whitley-2695747" title="Jj Whitley"><a class="filter-option--link" href="https://www.tesco.com/groceries/en-GB/shop/drinks/all?brand=Jj%20Whitley&amp;viewAll=brand"><span class="checkbox-square checkbox-square-linked"></span><span class="checkbox-check icon-tick-white"></span><span class="visually-hidden">Filter by</span><span class="filter-label--line--inline">Jj Whitley</span><span class="filter-label--line--inline">&nbsp;(3)</span></a></label></div></li><li class="filter-option__container" id="Jose Cuervo" data-auto="filter-option" data-auto-selected="false"><div class="checkbox" data-auto="checkbox"><input id="filter-option--Jose-Cuervo-3140684" name="filter-option--Jose-Cuervo-3140684" type="checkbox"><label class="checkbox-label" for="filter-option--Jose-Cuervo-3140684" title="Jose Cuervo"><a class="filter-option--link" href="https://www.tesco.com/groceries/en-GB/shop/drinks/all?brand=Jose%20Cuervo&amp;viewAll=brand"><span class="checkbox-square checkbox-square-linked"></span><span class="checkbox-check icon-tick-white"></span><span class="visually-hidden">Filter by</span><span class="filter-label--line--inline">Jose Cuervo</span><span class="filter-label--line--inline">&nbsp;(3)</span></a></label></div></li><li class="filter-option__container" id="Little&#39;s Coffee" data-auto="filter-option" data-auto-selected="false"><div class="checkbox" data-auto="checkbox"><input id="filter-option--Little&#39;s-Coffee-5767823" name="filter-option--Little&#39;s-Coffee-5767823" type="checkbox"><label class="checkbox-label" for="filter-option--Little&#39;s-Coffee-5767823" title="Little&#39;s Coffee"><a class="filter-option--link" href="https://www.tesco.com/groceries/en-GB/shop/drinks/all?brand=Little%27s%20Coffee&amp;viewAll=brand"><span class="checkbox-square checkbox-square-linked"></span><span class="checkbox-check icon-tick-white"></span><span class="visually-hidden">Filter by</span><span class="filter-label--line--block">Little's</span><span class="filter-label--line--inline filter-label--line--truncate">Coffee</span><span class="filter-label--line--inline">&nbsp;(3)</span></a></label></div></li><li class="filter-option__container" id="Local Oakham" data-auto="filter-option" data-auto-selected="false"><div class="checkbox" data-auto="checkbox"><input id="filter-option--Local-Oakham-7100699" name="filter-option--Local-Oakham-7100699" type="checkbox"><label class="checkbox-label" for="filter-option--Local-Oakham-7100699" title="Local Oakham"><a class="filter-option--link" href="https://www.tesco.com/groceries/en-GB/shop/drinks/all?brand=Local%20Oakham&amp;viewAll=brand"><span class="checkbox-square checkbox-square-linked"></span><span class="checkbox-check icon-tick-white"></span><span class="visually-hidden">Filter by</span><span class="filter-label--line--inline">Local Oakham</span><span class="filter-label--line--inline">&nbsp;(3)</span></a></label></div></li><li class="filter-option__container" id="Louis Jadot" data-auto="filter-option" data-auto-selected="false"><div class="checkbox" data-auto="checkbox"><input id="filter-option--Louis-Jadot-4304730" name="filter-option--Louis-Jadot-4304730" type="checkbox"><label class="checkbox-label" for="filter-option--Louis-Jadot-4304730" title="Louis Jadot"><a class="filter-option--link" href="https://www.tesco.com/groceries/en-GB/shop/drinks/all?brand=Louis%20Jadot&amp;viewAll=brand"><span class="checkbox-square checkbox-square-linked"></span><span class="checkbox-check icon-tick-white"></span><span class="visually-hidden">Filter by</span><span class="filter-label--line--inline">Louis Jadot</span><span class="filter-label--line--inline">&nbsp;(3)</span></a></label></div></li><li class="filter-option__container" id="Louis Latour" data-auto="filter-option" data-auto-selected="false"><div class="checkbox" data-auto="checkbox"><input id="filter-option--Louis-Latour-8266217" name="filter-option--Louis-Latour-8266217" type="checkbox"><label class="checkbox-label" for="filter-option--Louis-Latour-8266217" title="Louis Latour"><a class="filter-option--link" href="https://www.tesco.com/groceries/en-GB/shop/drinks/all?brand=Louis%20Latour&amp;viewAll=brand"><span class="checkbox-square checkbox-square-linked"></span><span class="checkbox-check icon-tick-white"></span><span class="visually-hidden">Filter by</span><span class="filter-label--line--inline">Louis Latour</span><span class="filter-label--line--inline">&nbsp;(3)</span></a></label></div></li><li class="filter-option__container" id="Madri Excepcional" data-auto="filter-option" data-auto-selected="false"><div class="checkbox" data-auto="checkbox"><input id="filter-option--Madri-Excepcional-6646183" name="filter-option--Madri-Excepcional-6646183" type="checkbox"><label class="checkbox-label" for="filter-option--Madri-Excepcional-6646183" title="Madri Excepcional"><a class="filter-option--link" href="https://www.tesco.com/groceries/en-GB/shop/drinks/all?brand=Madri%20Excepcional&amp;viewAll=brand"><span class="checkbox-square checkbox-square-linked"></span><span class="checkbox-check icon-tick-white"></span><span class="visually-hidden">Filter by</span><span class="filter-label--line--block">Madri</span><span class="filter-label--line--inline filter-label--line--truncate">Excepcional</span><span class="filter-label--line--inline">&nbsp;(3)</span></a></label></div></li><li class="filter-option__container" id="Marqués De Los Zancos" data-auto="filter-option" data-auto-selected="false"><div class="checkbox" data-auto="checkbox"><input id="filter-option--Marqués-De-Los-Zancos-169858" name="filter-option--Marqués-De-Los-Zancos-169858" type="checkbox"><label class="checkbox-label" for="filter-option--Marqués-De-Los-Zancos-169858" title="Marqués De Los Zancos"><a class="filter-option--link" href="https://www.tesco.com/groceries/en-GB/shop/drinks/all?brand=Marqu%C3%A9s%20De%20Los%20Zancos&amp;viewAll=brand"><span class="checkbox-square checkbox-square-linked"></span><span class="checkbox-check icon-tick-white"></span><span class="visually-hidden">Filter by</span><span class="filter-label--line--block">Marqués De Los</span><span class="filter-label--line--inline filter-label--line--truncate">Zancos</span><span class="filter-label--line--inline">&nbsp;(3)</span></a></label></div></li><li class="filter-option__container" id="Marstons" data-auto="filter-option" data-auto-selected="false"><div class="checkbox" data-auto="checkbox"><input id="filter-option--Marstons-8834455" name="filter-option--Marstons-8834455" type="checkbox"><label class="checkbox-label" for="filter-option--Marstons-8834455" title="Marstons"><a class="filter-option--link" href="https://www.tesco.com/groceries/en-GB/shop/drinks/all?brand=Marstons&amp;viewAll=brand"><span class="checkbox-square checkbox-square-linked"></span><span class="checkbox-check icon-tick-white"></span><span class="visually-hidden">Filter by</span><span class="filter-label--line--inline">Marstons</span><span class="filter-label--line--inline">&nbsp;(3)</span></a></label></div></li><li class="filter-option__container" id="Mcewans" data-auto="filter-option" data-auto-selected="false"><div class="checkbox" data-auto="checkbox"><input id="filter-option--Mcewans-2528150" name="filter-option--Mcewans-2528150" type="checkbox"><label class="checkbox-label" for="filter-option--Mcewans-2528150" title="Mcewans"><a class="filter-option--link" href="https://www.tesco.com/groceries/en-GB/shop/drinks/all?brand=Mcewans&amp;viewAll=brand"><span class="checkbox-square checkbox-square-linked"></span><span class="checkbox-check icon-tick-white"></span><span class="visually-hidden">Filter by</span><span class="filter-label--line--inline">Mcewans</span><span class="filter-label--line--inline">&nbsp;(3)</span></a></label></div></li><li class="filter-option__container" id="Mike&#39;s" data-auto="filter-option" data-auto-selected="false"><div class="checkbox" data-auto="checkbox"><input id="filter-option--Mike&#39;s-2888228" name="filter-option--Mike&#39;s-2888228" type="checkbox"><label class="checkbox-label" for="filter-option--Mike&#39;s-2888228" title="Mike&#39;s"><a class="filter-option--link" href="https://www.tesco.com/groceries/en-GB/shop/drinks/all?brand=Mike%27s&amp;viewAll=brand"><span class="checkbox-square checkbox-square-linked"></span><span class="checkbox-check icon-tick-white"></span><span class="visually-hidden">Filter by</span><span class="filter-label--line--inline">Mike's</span><span class="filter-label--line--inline">&nbsp;(3)</span></a></label></div></li><li class="filter-option__container" id="Mud House" data-auto="filter-option" data-auto-selected="false"><div class="checkbox" data-auto="checkbox"><input id="filter-option--Mud-House-6191703" name="filter-option--Mud-House-6191703" type="checkbox"><label class="checkbox-label" for="filter-option--Mud-House-6191703" title="Mud House"><a class="filter-option--link" href="https://www.tesco.com/groceries/en-GB/shop/drinks/all?brand=Mud%20House&amp;viewAll=brand"><span class="checkbox-square checkbox-square-linked"></span><span class="checkbox-check icon-tick-white"></span><span class="visually-hidden">Filter by</span><span class="filter-label--line--inline">Mud House</span><span class="filter-label--line--inline">&nbsp;(3)</span></a></label></div></li><li class="filter-option__container" id="Nexba" data-auto="filter-option" data-auto-selected="false"><div class="checkbox" data-auto="checkbox"><input id="filter-option--Nexba-5992382" name="filter-option--Nexba-5992382" type="checkbox"><label class="checkbox-label" for="filter-option--Nexba-5992382" title="Nexba"><a class="filter-option--link" href="https://www.tesco.com/groceries/en-GB/shop/drinks/all?brand=Nexba&amp;viewAll=brand"><span class="checkbox-square checkbox-square-linked"></span><span class="checkbox-check icon-tick-white"></span><span class="visually-hidden">Filter by</span><span class="filter-label--line--inline">Nexba</span><span class="filter-label--line--inline">&nbsp;(3)</span></a></label></div></li><li class="filter-option__container" id="North Brewing Co" data-auto="filter-option" data-auto-selected="false"><div class="checkbox" data-auto="checkbox"><input id="filter-option--North-Brewing-Co-3446662" name="filter-option--North-Brewing-Co-3446662" type="checkbox"><label class="checkbox-label" for="filter-option--North-Brewing-Co-3446662" title="North Brewing Co"><a class="filter-option--link" href="https://www.tesco.com/groceries/en-GB/shop/drinks/all?brand=North%20Brewing%20Co&amp;viewAll=brand"><span class="checkbox-square checkbox-square-linked"></span><span class="checkbox-check icon-tick-white"></span><span class="visually-hidden">Filter by</span><span class="filter-label--line--block">North</span><span class="filter-label--line--inline filter-label--line--truncate">Brewing Co</span><span class="filter-label--line--inline">&nbsp;(3)</span></a></label></div></li><li class="filter-option__container" id="Paul Mas" data-auto="filter-option" data-auto-selected="false"><div class="checkbox" data-auto="checkbox"><input id="filter-option--Paul-Mas-7255446" name="filter-option--Paul-Mas-7255446" type="checkbox"><label class="checkbox-label" for="filter-option--Paul-Mas-7255446" title="Paul Mas"><a class="filter-option--link" href="https://www.tesco.com/groceries/en-GB/shop/drinks/all?brand=Paul%20Mas&amp;viewAll=brand"><span class="checkbox-square checkbox-square-linked"></span><span class="checkbox-check icon-tick-white"></span><span class="visually-hidden">Filter by</span><span class="filter-label--line--inline">Paul Mas</span><span class="filter-label--line--inline">&nbsp;(3)</span></a></label></div></li><li class="filter-option__container" id="Perfectly Clear" data-auto="filter-option" data-auto-selected="false"><div class="checkbox" data-auto="checkbox"><input id="filter-option--Perfectly-Clear-3415361" name="filter-option--Perfectly-Clear-3415361" type="checkbox"><label class="checkbox-label" for="filter-option--Perfectly-Clear-3415361" title="Perfectly Clear"><a class="filter-option--link" href="https://www.tesco.com/groceries/en-GB/shop/drinks/all?brand=Perfectly%20Clear&amp;viewAll=brand"><span class="checkbox-square checkbox-square-linked"></span><span class="checkbox-check icon-tick-white"></span><span class="visually-hidden">Filter by</span><span class="filter-label--line--block">Perfectly</span><span class="filter-label--line--inline filter-label--line--truncate">Clear</span><span class="filter-label--line--inline">&nbsp;(3)</span></a></label></div></li><li class="filter-option__container" id="Piccodoro" data-auto="filter-option" data-auto-selected="false"><div class="checkbox" data-auto="checkbox"><input id="filter-option--Piccodoro-8673041" name="filter-option--Piccodoro-8673041" type="checkbox"><label class="checkbox-label" for="filter-option--Piccodoro-8673041" title="Piccodoro"><a class="filter-option--link" href="https://www.tesco.com/groceries/en-GB/shop/drinks/all?brand=Piccodoro&amp;viewAll=brand"><span class="checkbox-square checkbox-square-linked"></span><span class="checkbox-check icon-tick-white"></span><span class="visually-hidden">Filter by</span><span class="filter-label--line--inline">Piccodoro</span><span class="filter-label--line--inline">&nbsp;(3)</span></a></label></div></li><li class="filter-option__container" id="Porta" data-auto="filter-option" data-auto-selected="false"><div class="checkbox" data-auto="checkbox"><input id="filter-option--Porta-2535472" name="filter-option--Porta-2535472" type="checkbox"><label class="checkbox-label" for="filter-option--Porta-2535472" title="Porta"><a class="filter-option--link" href="https://www.tesco.com/groceries/en-GB/shop/drinks/all?brand=Porta&amp;viewAll=brand"><span class="checkbox-square checkbox-square-linked"></span><span class="checkbox-check icon-tick-white"></span><span class="visually-hidden">Filter by</span><span class="filter-label--line--inline">Porta</span><span class="filter-label--line--inline">&nbsp;(3)</span></a></label></div></li><li class="filter-option__container" id="Rockstar" data-auto="filter-option" data-auto-selected="false"><div class="checkbox" data-auto="checkbox"><input id="filter-option--Rockstar-2822949" name="filter-option--Rockstar-2822949" type="checkbox"><label class="checkbox-label" for="filter-option--Rockstar-2822949" title="Rockstar"><a class="filter-option--link" href="https://www.tesco.com/groceries/en-GB/shop/drinks/all?brand=Rockstar&amp;viewAll=brand"><span class="checkbox-square checkbox-square-linked"></span><span class="checkbox-check icon-tick-white"></span><span class="visually-hidden">Filter by</span><span class="filter-label--line--inline">Rockstar</span><span class="filter-label--line--inline">&nbsp;(3)</span></a></label></div></li><li class="filter-option__container" id="Silver Bay Point" data-auto="filter-option" data-auto-selected="false"><div class="checkbox" data-auto="checkbox"><input id="filter-option--Silver-Bay-Point-4581261" name="filter-option--Silver-Bay-Point-4581261" type="checkbox"><label class="checkbox-label" for="filter-option--Silver-Bay-Point-4581261" title="Silver Bay Point"><a class="filter-option--link" href="https://www.tesco.com/groceries/en-GB/shop/drinks/all?brand=Silver%20Bay%20Point&amp;viewAll=brand"><span class="checkbox-square checkbox-square-linked"></span><span class="checkbox-check icon-tick-white"></span><span class="visually-hidden">Filter by</span><span class="filter-label--line--block">Silver Bay</span><span class="filter-label--line--inline filter-label--line--truncate">Point</span><span class="filter-label--line--inline">&nbsp;(3)</span></a></label></div></li><li class="filter-option__container" id="Southern Comfort" data-auto="filter-option" data-auto-selected="false"><div class="checkbox" data-auto="checkbox"><input id="filter-option--Southern-Comfort-2938387" name="filter-option--Southern-Comfort-2938387" type="checkbox"><label class="checkbox-label" for="filter-option--Southern-Comfort-2938387" title="Southern Comfort"><a class="filter-option--link" href="https://www.tesco.com/groceries/en-GB/shop/drinks/all?brand=Southern%20Comfort&amp;viewAll=brand"><span class="checkbox-square checkbox-square-linked"></span><span class="checkbox-check icon-tick-white"></span><span class="visually-hidden">Filter by</span><span class="filter-label--line--block">Southern</span><span class="filter-label--line--inline filter-label--line--truncate">Comfort</span><span class="filter-label--line--inline">&nbsp;(3)</span></a></label></div></li><li class="filter-option__container" id="Staropramen" data-auto="filter-option" data-auto-selected="false"><div class="checkbox" data-auto="checkbox"><input id="filter-option--Staropramen-1173113" name="filter-option--Staropramen-1173113" type="checkbox"><label class="checkbox-label" for="filter-option--Staropramen-1173113" title="Staropramen"><a class="filter-option--link" href="https://www.tesco.com/groceries/en-GB/shop/drinks/all?brand=Staropramen&amp;viewAll=brand"><span class="checkbox-square checkbox-square-linked"></span><span class="checkbox-check icon-tick-white"></span><span class="visually-hidden">Filter by</span><span class="filter-label--line--inline">Staropramen</span><span class="filter-label--line--inline">&nbsp;(3)</span></a></label></div></li><li class="filter-option__container" id="Stolichnaya" data-auto="filter-option" data-auto-selected="false"><div class="checkbox" data-auto="checkbox"><input id="filter-option--Stolichnaya-8385181" name="filter-option--Stolichnaya-8385181" type="checkbox"><label class="checkbox-label" for="filter-option--Stolichnaya-8385181" title="Stolichnaya"><a class="filter-option--link" href="https://www.tesco.com/groceries/en-GB/shop/drinks/all?brand=Stolichnaya&amp;viewAll=brand"><span class="checkbox-square checkbox-square-linked"></span><span class="checkbox-check icon-tick-white"></span><span class="visually-hidden">Filter by</span><span class="filter-label--line--inline">Stolichnaya</span><span class="filter-label--line--inline">&nbsp;(3)</span></a></label></div></li><li class="filter-option__container" id="Stowford Press" data-auto="filter-option" data-auto-selected="false"><div class="checkbox" data-auto="checkbox"><input id="filter-option--Stowford-Press-8364204" name="filter-option--Stowford-Press-8364204" type="checkbox"><label class="checkbox-label" for="filter-option--Stowford-Press-8364204" title="Stowford Press"><a class="filter-option--link" href="https://www.tesco.com/groceries/en-GB/shop/drinks/all?brand=Stowford%20Press&amp;viewAll=brand"><span class="checkbox-square checkbox-square-linked"></span><span class="checkbox-check icon-tick-white"></span><span class="visually-hidden">Filter by</span><span class="filter-label--line--inline">Stowford Press</span><span class="filter-label--line--inline">&nbsp;(3)</span></a></label></div></li><li class="filter-option__container" id="Tails" data-auto="filter-option" data-auto-selected="false"><div class="checkbox" data-auto="checkbox"><input id="filter-option--Tails-3065864" name="filter-option--Tails-3065864" type="checkbox"><label class="checkbox-label" for="filter-option--Tails-3065864" title="Tails"><a class="filter-option--link" href="https://www.tesco.com/groceries/en-GB/shop/drinks/all?brand=Tails&amp;viewAll=brand"><span class="checkbox-square checkbox-square-linked"></span><span class="checkbox-check icon-tick-white"></span><span class="visually-hidden">Filter by</span><span class="filter-label--line--inline">Tails</span><span class="filter-label--line--inline">&nbsp;(3)</span></a></label></div></li><li class="filter-option__container" id="Taylors Of Harro" data-auto="filter-option" data-auto-selected="false"><div class="checkbox" data-auto="checkbox"><input id="filter-option--Taylors-Of-Harro-8000982" name="filter-option--Taylors-Of-Harro-8000982" type="checkbox"><label class="checkbox-label" for="filter-option--Taylors-Of-Harro-8000982" title="Taylors Of Harro"><a class="filter-option--link" href="https://www.tesco.com/groceries/en-GB/shop/drinks/all?brand=Taylors%20Of%20Harro&amp;viewAll=brand"><span class="checkbox-square checkbox-square-linked"></span><span class="checkbox-check icon-tick-white"></span><span class="visually-hidden">Filter by</span><span class="filter-label--line--block">Taylors Of</span><span class="filter-label--line--inline filter-label--line--truncate">Harro</span><span class="filter-label--line--inline">&nbsp;(3)</span></a></label></div></li><li class="filter-option__container" id="Tenzing" data-auto="filter-option" data-auto-selected="false"><div class="checkbox" data-auto="checkbox"><input id="filter-option--Tenzing-996296" name="filter-option--Tenzing-996296" type="checkbox"><label class="checkbox-label" for="filter-option--Tenzing-996296" title="Tenzing"><a class="filter-option--link" href="https://www.tesco.com/groceries/en-GB/shop/drinks/all?brand=Tenzing&amp;viewAll=brand"><span class="checkbox-square checkbox-square-linked"></span><span class="checkbox-check icon-tick-white"></span><span class="visually-hidden">Filter by</span><span class="filter-label--line--inline">Tenzing</span><span class="filter-label--line--inline">&nbsp;(3)</span></a></label></div></li><li class="filter-option__container" id="The Famous Grous" data-auto="filter-option" data-auto-selected="false"><div class="checkbox" data-auto="checkbox"><input id="filter-option--The-Famous-Grous-3246972" name="filter-option--The-Famous-Grous-3246972" type="checkbox"><label class="checkbox-label" for="filter-option--The-Famous-Grous-3246972" title="The Famous Grous"><a class="filter-option--link" href="https://www.tesco.com/groceries/en-GB/shop/drinks/all?brand=The%20Famous%20Grous&amp;viewAll=brand"><span class="checkbox-square checkbox-square-linked"></span><span class="checkbox-check icon-tick-white"></span><span class="visually-hidden">Filter by</span><span class="filter-label--line--block">The Famous</span><span class="filter-label--line--inline filter-label--line--truncate">Grous</span><span class="filter-label--line--inline">&nbsp;(3)</span></a></label></div></li><li class="filter-option__container" id="The Straw Hat" data-auto="filter-option" data-auto-selected="false"><div class="checkbox" data-auto="checkbox"><input id="filter-option--The-Straw-Hat-2709825" name="filter-option--The-Straw-Hat-2709825" type="checkbox"><label class="checkbox-label" for="filter-option--The-Straw-Hat-2709825" title="The Straw Hat"><a class="filter-option--link" href="https://www.tesco.com/groceries/en-GB/shop/drinks/all?brand=The%20Straw%20Hat&amp;viewAll=brand"><span class="checkbox-square checkbox-square-linked"></span><span class="checkbox-check icon-tick-white"></span><span class="visually-hidden">Filter by</span><span class="filter-label--line--inline">The Straw Hat</span><span class="filter-label--line--inline">&nbsp;(3)</span></a></label></div></li><li class="filter-option__container" id="Tick Tock" data-auto="filter-option" data-auto-selected="false"><div class="checkbox" data-auto="checkbox"><input id="filter-option--Tick-Tock-1661001" name="filter-option--Tick-Tock-1661001" type="checkbox"><label class="checkbox-label" for="filter-option--Tick-Tock-1661001" title="Tick Tock"><a class="filter-option--link" href="https://www.tesco.com/groceries/en-GB/shop/drinks/all?brand=Tick%20Tock&amp;viewAll=brand"><span class="checkbox-square checkbox-square-linked"></span><span class="checkbox-check icon-tick-white"></span><span class="visually-hidden">Filter by</span><span class="filter-label--line--inline">Tick Tock</span><span class="filter-label--line--inline">&nbsp;(3)</span></a></label></div></li><li class="filter-option__container" id="Topo Chico" data-auto="filter-option" data-auto-selected="false"><div class="checkbox" data-auto="checkbox"><input id="filter-option--Topo-Chico-5202069" name="filter-option--Topo-Chico-5202069" type="checkbox"><label class="checkbox-label" for="filter-option--Topo-Chico-5202069" title="Topo Chico"><a class="filter-option--link" href="https://www.tesco.com/groceries/en-GB/shop/drinks/all?brand=Topo%20Chico&amp;viewAll=brand"><span class="checkbox-square checkbox-square-linked"></span><span class="checkbox-check icon-tick-white"></span><span class="visually-hidden">Filter by</span><span class="filter-label--line--inline">Topo Chico</span><span class="filter-label--line--inline">&nbsp;(3)</span></a></label></div></li><li class="filter-option__container" id="Turner Road" data-auto="filter-option" data-auto-selected="false"><div class="checkbox" data-auto="checkbox"><input id="filter-option--Turner-Road-7727570" name="filter-option--Turner-Road-7727570" type="checkbox"><label class="checkbox-label" for="filter-option--Turner-Road-7727570" title="Turner Road"><a class="filter-option--link" href="https://www.tesco.com/groceries/en-GB/shop/drinks/all?brand=Turner%20Road&amp;viewAll=brand"><span class="checkbox-square checkbox-square-linked"></span><span class="checkbox-check icon-tick-white"></span><span class="visually-hidden">Filter by</span><span class="filter-label--line--inline">Turner Road</span><span class="filter-label--line--inline">&nbsp;(3)</span></a></label></div></li><li class="filter-option__container" id="Tw Kempton" data-auto="filter-option" data-auto-selected="false"><div class="checkbox" data-auto="checkbox"><input id="filter-option--Tw-Kempton-1066764" name="filter-option--Tw-Kempton-1066764" type="checkbox"><label class="checkbox-label" for="filter-option--Tw-Kempton-1066764" title="Tw Kempton"><a class="filter-option--link" href="https://www.tesco.com/groceries/en-GB/shop/drinks/all?brand=Tw%20Kempton&amp;viewAll=brand"><span class="checkbox-square checkbox-square-linked"></span><span class="checkbox-check icon-tick-white"></span><span class="visually-hidden">Filter by</span><span class="filter-label--line--inline">Tw Kempton</span><span class="filter-label--line--inline">&nbsp;(3)</span></a></label></div></li><li class="filter-option__container" id="U Fit" data-auto="filter-option" data-auto-selected="false"><div class="checkbox" data-auto="checkbox"><input id="filter-option--U-Fit-8147483" name="filter-option--U-Fit-8147483" type="checkbox"><label class="checkbox-label" for="filter-option--U-Fit-8147483" title="U Fit"><a class="filter-option--link" href="https://www.tesco.com/groceries/en-GB/shop/drinks/all?brand=U%20Fit&amp;viewAll=brand"><span class="checkbox-square checkbox-square-linked"></span><span class="checkbox-check icon-tick-white"></span><span class="visually-hidden">Filter by</span><span class="filter-label--line--inline">U Fit</span><span class="filter-label--line--inline">&nbsp;(3)</span></a></label></div></li><li class="filter-option__container" id="Veuve Clicquot" data-auto="filter-option" data-auto-selected="false"><div class="checkbox" data-auto="checkbox"><input id="filter-option--Veuve-Clicquot-7482681" name="filter-option--Veuve-Clicquot-7482681" type="checkbox"><label class="checkbox-label" for="filter-option--Veuve-Clicquot-7482681" title="Veuve Clicquot"><a class="filter-option--link" href="https://www.tesco.com/groceries/en-GB/shop/drinks/all?brand=Veuve%20Clicquot&amp;viewAll=brand"><span class="checkbox-square checkbox-square-linked"></span><span class="checkbox-check icon-tick-white"></span><span class="visually-hidden">Filter by</span><span class="filter-label--line--inline">Veuve Clicquot</span><span class="filter-label--line--inline">&nbsp;(3)</span></a></label></div></li><li class="filter-option__container" id="Vinalba" data-auto="filter-option" data-auto-selected="false"><div class="checkbox" data-auto="checkbox"><input id="filter-option--Vinalba-7734962" name="filter-option--Vinalba-7734962" type="checkbox"><label class="checkbox-label" for="filter-option--Vinalba-7734962" title="Vinalba"><a class="filter-option--link" href="https://www.tesco.com/groceries/en-GB/shop/drinks/all?brand=Vinalba&amp;viewAll=brand"><span class="checkbox-square checkbox-square-linked"></span><span class="checkbox-check icon-tick-white"></span><span class="visually-hidden">Filter by</span><span class="filter-label--line--inline">Vinalba</span><span class="filter-label--line--inline">&nbsp;(3)</span></a></label></div></li><li class="filter-option__container" id="Vk" data-auto="filter-option" data-auto-selected="false"><div class="checkbox" data-auto="checkbox"><input id="filter-option--Vk-2491892" name="filter-option--Vk-2491892" type="checkbox"><label class="checkbox-label" for="filter-option--Vk-2491892" title="Vk"><a class="filter-option--link" href="https://www.tesco.com/groceries/en-GB/shop/drinks/all?brand=Vk&amp;viewAll=brand"><span class="checkbox-square checkbox-square-linked"></span><span class="checkbox-check icon-tick-white"></span><span class="visually-hidden">Filter by</span><span class="filter-label--line--inline">Vk</span><span class="filter-label--line--inline">&nbsp;(3)</span></a></label></div></li><li class="filter-option__container" id="Wicked Kitchen" data-auto="filter-option" data-auto-selected="false"><div class="checkbox" data-auto="checkbox"><input id="filter-option--Wicked-Kitchen-9648800" name="filter-option--Wicked-Kitchen-9648800" type="checkbox"><label class="checkbox-label" for="filter-option--Wicked-Kitchen-9648800" title="Wicked Kitchen"><a class="filter-option--link" href="https://www.tesco.com/groceries/en-GB/shop/drinks/all?brand=Wicked%20Kitchen&amp;viewAll=brand"><span class="checkbox-square checkbox-square-linked"></span><span class="checkbox-check icon-tick-white"></span><span class="visually-hidden">Filter by</span><span class="filter-label--line--inline">Wicked Kitchen</span><span class="filter-label--line--inline">&nbsp;(3)</span></a></label></div></li><li class="filter-option__container" id="&amp; Soda" data-auto="filter-option" data-auto-selected="false"><div class="checkbox" data-auto="checkbox"><input id="filter-option--&amp;-Soda-8099895" name="filter-option--&amp;-Soda-8099895" type="checkbox"><label class="checkbox-label" for="filter-option--&amp;-Soda-8099895" title="&amp; Soda"><a class="filter-option--link" href="https://www.tesco.com/groceries/en-GB/shop/drinks/all?brand=%26%20Soda&amp;viewAll=brand"><span class="checkbox-square checkbox-square-linked"></span><span class="checkbox-check icon-tick-white"></span><span class="visually-hidden">Filter by</span><span class="filter-label--line--inline">&amp; Soda</span><span class="filter-label--line--inline">&nbsp;(2)</span></a></label></div></li><li class="filter-option__container" id="1000 Stories" data-auto="filter-option" data-auto-selected="false"><div class="checkbox" data-auto="checkbox"><input id="filter-option--1000-Stories-9572879" name="filter-option--1000-Stories-9572879" type="checkbox"><label class="checkbox-label" for="filter-option--1000-Stories-9572879" title="1000 Stories"><a class="filter-option--link" href="https://www.tesco.com/groceries/en-GB/shop/drinks/all?brand=1000%20Stories&amp;viewAll=brand"><span class="checkbox-square checkbox-square-linked"></span><span class="checkbox-check icon-tick-white"></span><span class="visually-hidden">Filter by</span><span class="filter-label--line--inline">1000 Stories</span><span class="filter-label--line--inline">&nbsp;(2)</span></a></label></div></li><li class="filter-option__container" id="Aberlour" data-auto="filter-option" data-auto-selected="false"><div class="checkbox" data-auto="checkbox"><input id="filter-option--Aberlour-4075694" name="filter-option--Aberlour-4075694" type="checkbox"><label class="checkbox-label" for="filter-option--Aberlour-4075694" title="Aberlour"><a class="filter-option--link" href="https://www.tesco.com/groceries/en-GB/shop/drinks/all?brand=Aberlour&amp;viewAll=brand"><span class="checkbox-square checkbox-square-linked"></span><span class="checkbox-check icon-tick-white"></span><span class="visually-hidden">Filter by</span><span class="filter-label--line--inline">Aberlour</span><span class="filter-label--line--inline">&nbsp;(2)</span></a></label></div></li><li class="filter-option__container" id="Amstel" data-auto="filter-option" data-auto-selected="false"><div class="checkbox" data-auto="checkbox"><input id="filter-option--Amstel-9457408" name="filter-option--Amstel-9457408" type="checkbox"><label class="checkbox-label" for="filter-option--Amstel-9457408" title="Amstel"><a class="filter-option--link" href="https://www.tesco.com/groceries/en-GB/shop/drinks/all?brand=Amstel&amp;viewAll=brand"><span class="checkbox-square checkbox-square-linked"></span><span class="checkbox-check icon-tick-white"></span><span class="visually-hidden">Filter by</span><span class="filter-label--line--inline">Amstel</span><span class="filter-label--line--inline">&nbsp;(2)</span></a></label></div></li><li class="filter-option__container" id="Aperol" data-auto="filter-option" data-auto-selected="false"><div class="checkbox" data-auto="checkbox"><input id="filter-option--Aperol-9897693" name="filter-option--Aperol-9897693" type="checkbox"><label class="checkbox-label" for="filter-option--Aperol-9897693" title="Aperol"><a class="filter-option--link" href="https://www.tesco.com/groceries/en-GB/shop/drinks/all?brand=Aperol&amp;viewAll=brand"><span class="checkbox-square checkbox-square-linked"></span><span class="checkbox-check icon-tick-white"></span><span class="visually-hidden">Filter by</span><span class="filter-label--line--inline">Aperol</span><span class="filter-label--line--inline">&nbsp;(2)</span></a></label></div></li><li class="filter-option__container" id="Apothic" data-auto="filter-option" data-auto-selected="false"><div class="checkbox" data-auto="checkbox"><input id="filter-option--Apothic-8724719" name="filter-option--Apothic-8724719" type="checkbox"><label class="checkbox-label" for="filter-option--Apothic-8724719" title="Apothic"><a class="filter-option--link" href="https://www.tesco.com/groceries/en-GB/shop/drinks/all?brand=Apothic&amp;viewAll=brand"><span class="checkbox-square checkbox-square-linked"></span><span class="checkbox-check icon-tick-white"></span><span class="visually-hidden">Filter by</span><span class="filter-label--line--inline">Apothic</span><span class="filter-label--line--inline">&nbsp;(2)</span></a></label></div></li><li class="filter-option__container" id="Appletiser" data-auto="filter-option" data-auto-selected="false"><div class="checkbox" data-auto="checkbox"><input id="filter-option--Appletiser-3188360" name="filter-option--Appletiser-3188360" type="checkbox"><label class="checkbox-label" for="filter-option--Appletiser-3188360" title="Appletiser"><a class="filter-option--link" href="https://www.tesco.com/groceries/en-GB/shop/drinks/all?brand=Appletiser&amp;viewAll=brand"><span class="checkbox-square checkbox-square-linked"></span><span class="checkbox-check icon-tick-white"></span><span class="visually-hidden">Filter by</span><span class="filter-label--line--inline">Appletiser</span><span class="filter-label--line--inline">&nbsp;(2)</span></a></label></div></li><li class="filter-option__container" id="Aqua Carpartica" data-auto="filter-option" data-auto-selected="false"><div class="checkbox" data-auto="checkbox"><input id="filter-option--Aqua-Carpartica-1873052" name="filter-option--Aqua-Carpartica-1873052" type="checkbox"><label class="checkbox-label" for="filter-option--Aqua-Carpartica-1873052" title="Aqua Carpartica"><a class="filter-option--link" href="https://www.tesco.com/groceries/en-GB/shop/drinks/all?brand=Aqua%20Carpartica&amp;viewAll=brand"><span class="checkbox-square checkbox-square-linked"></span><span class="checkbox-check icon-tick-white"></span><span class="visually-hidden">Filter by</span><span class="filter-label--line--block">Aqua</span><span class="filter-label--line--inline filter-label--line--truncate">Carpartica</span><span class="filter-label--line--inline">&nbsp;(2)</span></a></label></div></li><li class="filter-option__container" id="Aqua Libra" data-auto="filter-option" data-auto-selected="false"><div class="checkbox" data-auto="checkbox"><input id="filter-option--Aqua-Libra-4647951" name="filter-option--Aqua-Libra-4647951" type="checkbox"><label class="checkbox-label" for="filter-option--Aqua-Libra-4647951" title="Aqua Libra"><a class="filter-option--link" href="https://www.tesco.com/groceries/en-GB/shop/drinks/all?brand=Aqua%20Libra&amp;viewAll=brand"><span class="checkbox-square checkbox-square-linked"></span><span class="checkbox-check icon-tick-white"></span><span class="visually-hidden">Filter by</span><span class="filter-label--line--inline">Aqua Libra</span><span class="filter-label--line--inline">&nbsp;(2)</span></a></label></div></li><li class="filter-option__container" id="Aqua Pura" data-auto="filter-option" data-auto-selected="false"><div class="checkbox" data-auto="checkbox"><input id="filter-option--Aqua-Pura-3889021" name="filter-option--Aqua-Pura-3889021" type="checkbox"><label class="checkbox-label" for="filter-option--Aqua-Pura-3889021" title="Aqua Pura"><a class="filter-option--link" href="https://www.tesco.com/groceries/en-GB/shop/drinks/all?brand=Aqua%20Pura&amp;viewAll=brand"><span class="checkbox-square checkbox-square-linked"></span><span class="checkbox-check icon-tick-white"></span><span class="visually-hidden">Filter by</span><span class="filter-label--line--inline">Aqua Pura</span><span class="filter-label--line--inline">&nbsp;(2)</span></a></label></div></li><li class="filter-option__container" id="Ara" data-auto="filter-option" data-auto-selected="false"><div class="checkbox" data-auto="checkbox"><input id="filter-option--Ara-1833748" name="filter-option--Ara-1833748" type="checkbox"><label class="checkbox-label" for="filter-option--Ara-1833748" title="Ara"><a class="filter-option--link" href="https://www.tesco.com/groceries/en-GB/shop/drinks/all?brand=Ara&amp;viewAll=brand"><span class="checkbox-square checkbox-square-linked"></span><span class="checkbox-check icon-tick-white"></span><span class="visually-hidden">Filter by</span><span class="filter-label--line--inline">Ara</span><span class="filter-label--line--inline">&nbsp;(2)</span></a></label></div></li><li class="filter-option__container" id="Arbousset" data-auto="filter-option" data-auto-selected="false"><div class="checkbox" data-auto="checkbox"><input id="filter-option--Arbousset-1568559" name="filter-option--Arbousset-1568559" type="checkbox"><label class="checkbox-label" for="filter-option--Arbousset-1568559" title="Arbousset"><a class="filter-option--link" href="https://www.tesco.com/groceries/en-GB/shop/drinks/all?brand=Arbousset&amp;viewAll=brand"><span class="checkbox-square checkbox-square-linked"></span><span class="checkbox-check icon-tick-white"></span><span class="visually-hidden">Filter by</span><span class="filter-label--line--inline">Arbousset</span><span class="filter-label--line--inline">&nbsp;(2)</span></a></label></div></li><li class="filter-option__container" id="Ardbeg" data-auto="filter-option" data-auto-selected="false"><div class="checkbox" data-auto="checkbox"><input id="filter-option--Ardbeg-3355117" name="filter-option--Ardbeg-3355117" type="checkbox"><label class="checkbox-label" for="filter-option--Ardbeg-3355117" title="Ardbeg"><a class="filter-option--link" href="https://www.tesco.com/groceries/en-GB/shop/drinks/all?brand=Ardbeg&amp;viewAll=brand"><span class="checkbox-square checkbox-square-linked"></span><span class="checkbox-check icon-tick-white"></span><span class="visually-hidden">Filter by</span><span class="filter-label--line--inline">Ardbeg</span><span class="filter-label--line--inline">&nbsp;(2)</span></a></label></div></li><li class="filter-option__container" id="Athletic Brewing Co." data-auto="filter-option" data-auto-selected="false"><div class="checkbox" data-auto="checkbox"><input id="filter-option--Athletic-Brewing-Co.-2035616" name="filter-option--Athletic-Brewing-Co.-2035616" type="checkbox"><label class="checkbox-label" for="filter-option--Athletic-Brewing-Co.-2035616" title="Athletic Brewing Co."><a class="filter-option--link" href="https://www.tesco.com/groceries/en-GB/shop/drinks/all?brand=Athletic%20Brewing%20Co.&amp;viewAll=brand"><span class="checkbox-square checkbox-square-linked"></span><span class="checkbox-check icon-tick-white"></span><span class="visually-hidden">Filter by</span><span class="filter-label--line--block">Athletic</span><span class="filter-label--line--inline filter-label--line--truncate">Brewing Co.</span><span class="filter-label--line--inline">&nbsp;(2)</span></a></label></div></li><li class="filter-option__container" id="Auchentoshan" data-auto="filter-option" data-auto-selected="false"><div class="checkbox" data-auto="checkbox"><input id="filter-option--Auchentoshan-8864184" name="filter-option--Auchentoshan-8864184" type="checkbox"><label class="checkbox-label" for="filter-option--Auchentoshan-8864184" title="Auchentoshan"><a class="filter-option--link" href="https://www.tesco.com/groceries/en-GB/shop/drinks/all?brand=Auchentoshan&amp;viewAll=brand"><span class="checkbox-square checkbox-square-linked"></span><span class="checkbox-check icon-tick-white"></span><span class="visually-hidden">Filter by</span><span class="filter-label--line--inline">Auchentoshan</span><span class="filter-label--line--inline">&nbsp;(2)</span></a></label></div></li><li class="filter-option__container" id="Babycham" data-auto="filter-option" data-auto-selected="false"><div class="checkbox" data-auto="checkbox"><input id="filter-option--Babycham-3584633" name="filter-option--Babycham-3584633" type="checkbox"><label class="checkbox-label" for="filter-option--Babycham-3584633" title="Babycham"><a class="filter-option--link" href="https://www.tesco.com/groceries/en-GB/shop/drinks/all?brand=Babycham&amp;viewAll=brand"><span class="checkbox-square checkbox-square-linked"></span><span class="checkbox-check icon-tick-white"></span><span class="visually-hidden">Filter by</span><span class="filter-label--line--inline">Babycham</span><span class="filter-label--line--inline">&nbsp;(2)</span></a></label></div></li><li class="filter-option__container" id="Barr" data-auto="filter-option" data-auto-selected="false"><div class="checkbox" data-auto="checkbox"><input id="filter-option--Barr-9527205" name="filter-option--Barr-9527205" type="checkbox"><label class="checkbox-label" for="filter-option--Barr-9527205" title="Barr"><a class="filter-option--link" href="https://www.tesco.com/groceries/en-GB/shop/drinks/all?brand=Barr&amp;viewAll=brand"><span class="checkbox-square checkbox-square-linked"></span><span class="checkbox-check icon-tick-white"></span><span class="visually-hidden">Filter by</span><span class="filter-label--line--inline">Barr</span><span class="filter-label--line--inline">&nbsp;(2)</span></a></label></div></li><li class="filter-option__container" id="Bavaria" data-auto="filter-option" data-auto-selected="false"><div class="checkbox" data-auto="checkbox"><input id="filter-option--Bavaria-5319612" name="filter-option--Bavaria-5319612" type="checkbox"><label class="checkbox-label" for="filter-option--Bavaria-5319612" title="Bavaria"><a class="filter-option--link" href="https://www.tesco.com/groceries/en-GB/shop/drinks/all?brand=Bavaria&amp;viewAll=brand"><span class="checkbox-square checkbox-square-linked"></span><span class="checkbox-check icon-tick-white"></span><span class="visually-hidden">Filter by</span><span class="filter-label--line--inline">Bavaria</span><span class="filter-label--line--inline">&nbsp;(2)</span></a></label></div></li><li class="filter-option__container" id="Beams Internatio" data-auto="filter-option" data-auto-selected="false"><div class="checkbox" data-auto="checkbox"><input id="filter-option--Beams-Internatio-3446871" name="filter-option--Beams-Internatio-3446871" type="checkbox"><label class="checkbox-label" for="filter-option--Beams-Internatio-3446871" title="Beams Internatio"><a class="filter-option--link" href="https://www.tesco.com/groceries/en-GB/shop/drinks/all?brand=Beams%20Internatio&amp;viewAll=brand"><span class="checkbox-square checkbox-square-linked"></span><span class="checkbox-check icon-tick-white"></span><span class="visually-hidden">Filter by</span><span class="filter-label--line--block">Beams</span><span class="filter-label--line--inline filter-label--line--truncate">Internatio</span><span class="filter-label--line--inline">&nbsp;(2)</span></a></label></div></li><li class="filter-option__container" id="Becks" data-auto="filter-option" data-auto-selected="false"><div class="checkbox" data-auto="checkbox"><input id="filter-option--Becks-8052362" name="filter-option--Becks-8052362" type="checkbox"><label class="checkbox-label" for="filter-option--Becks-8052362" title="Becks"><a class="filter-option--link" href="https://www.tesco.com/groceries/en-GB/shop/drinks/all?brand=Becks&amp;viewAll=brand"><span class="checkbox-square checkbox-square-linked"></span><span class="checkbox-check icon-tick-white"></span><span class="visually-hidden">Filter by</span><span class="filter-label--line--inline">Becks</span><span class="filter-label--line--inline">&nbsp;(2)</span></a></label></div></li><li class="filter-option__container" id="Bellingham" data-auto="filter-option" data-auto-selected="false"><div class="checkbox" data-auto="checkbox"><input id="filter-option--Bellingham-5469726" name="filter-option--Bellingham-5469726" type="checkbox"><label class="checkbox-label" for="filter-option--Bellingham-5469726" title="Bellingham"><a class="filter-option--link" href="https://www.tesco.com/groceries/en-GB/shop/drinks/all?brand=Bellingham&amp;viewAll=brand"><span class="checkbox-square checkbox-square-linked"></span><span class="checkbox-check icon-tick-white"></span><span class="visually-hidden">Filter by</span><span class="filter-label--line--inline">Bellingham</span><span class="filter-label--line--inline">&nbsp;(2)</span></a></label></div></li><li class="filter-option__container" id="Belvoir Farm" data-auto="filter-option" data-auto-selected="false"><div class="checkbox" data-auto="checkbox"><input id="filter-option--Belvoir-Farm-1531207" name="filter-option--Belvoir-Farm-1531207" type="checkbox"><label class="checkbox-label" for="filter-option--Belvoir-Farm-1531207" title="Belvoir Farm"><a class="filter-option--link" href="https://www.tesco.com/groceries/en-GB/shop/drinks/all?brand=Belvoir%20Farm&amp;viewAll=brand"><span class="checkbox-square checkbox-square-linked"></span><span class="checkbox-check icon-tick-white"></span><span class="visually-hidden">Filter by</span><span class="filter-label--line--inline">Belvoir Farm</span><span class="filter-label--line--inline">&nbsp;(2)</span></a></label></div></li><li class="filter-option__container" id="Bio-Tiful Dairy" data-auto="filter-option" data-auto-selected="false"><div class="checkbox" data-auto="checkbox"><input id="filter-option--Bio-Tiful-Dairy-2765840" name="filter-option--Bio-Tiful-Dairy-2765840" type="checkbox"><label class="checkbox-label" for="filter-option--Bio-Tiful-Dairy-2765840" title="Bio-Tiful Dairy"><a class="filter-option--link" href="https://www.tesco.com/groceries/en-GB/shop/drinks/all?brand=Bio-Tiful%20Dairy&amp;viewAll=brand"><span class="checkbox-square checkbox-square-linked"></span><span class="checkbox-check icon-tick-white"></span><span class="visually-hidden">Filter by</span><span class="filter-label--line--block">Bio-Tiful</span><span class="filter-label--line--inline filter-label--line--truncate">Dairy</span><span class="filter-label--line--inline">&nbsp;(2)</span></a></label></div></li><li class="filter-option__container" id="Black Tower" data-auto="filter-option" data-auto-selected="false"><div class="checkbox" data-auto="checkbox"><input id="filter-option--Black-Tower-6341802" name="filter-option--Black-Tower-6341802" type="checkbox"><label class="checkbox-label" for="filter-option--Black-Tower-6341802" title="Black Tower"><a class="filter-option--link" href="https://www.tesco.com/groceries/en-GB/shop/drinks/all?brand=Black%20Tower&amp;viewAll=brand"><span class="checkbox-square checkbox-square-linked"></span><span class="checkbox-check icon-tick-white"></span><span class="visually-hidden">Filter by</span><span class="filter-label--line--inline">Black Tower</span><span class="filter-label--line--inline">&nbsp;(2)</span></a></label></div></li><li class="filter-option__container" id="Blaxland" data-auto="filter-option" data-auto-selected="false"><div class="checkbox" data-auto="checkbox"><input id="filter-option--Blaxland-4991455" name="filter-option--Blaxland-4991455" type="checkbox"><label class="checkbox-label" for="filter-option--Blaxland-4991455" title="Blaxland"><a class="filter-option--link" href="https://www.tesco.com/groceries/en-GB/shop/drinks/all?brand=Blaxland&amp;viewAll=brand"><span class="checkbox-square checkbox-square-linked"></span><span class="checkbox-check icon-tick-white"></span><span class="visually-hidden">Filter by</span><span class="filter-label--line--inline">Blaxland</span><span class="filter-label--line--inline">&nbsp;(2)</span></a></label></div></li><li class="filter-option__container" id="Bonny Doon" data-auto="filter-option" data-auto-selected="false"><div class="checkbox" data-auto="checkbox"><input id="filter-option--Bonny-Doon-5236550" name="filter-option--Bonny-Doon-5236550" type="checkbox"><label class="checkbox-label" for="filter-option--Bonny-Doon-5236550" title="Bonny Doon"><a class="filter-option--link" href="https://www.tesco.com/groceries/en-GB/shop/drinks/all?brand=Bonny%20Doon&amp;viewAll=brand"><span class="checkbox-square checkbox-square-linked"></span><span class="checkbox-check icon-tick-white"></span><span class="visually-hidden">Filter by</span><span class="filter-label--line--inline">Bonny Doon</span><span class="filter-label--line--inline">&nbsp;(2)</span></a></label></div></li><li class="filter-option__container" id="Bonterra" data-auto="filter-option" data-auto-selected="false"><div class="checkbox" data-auto="checkbox"><input id="filter-option--Bonterra-1376107" name="filter-option--Bonterra-1376107" type="checkbox"><label class="checkbox-label" for="filter-option--Bonterra-1376107" title="Bonterra"><a class="filter-option--link" href="https://www.tesco.com/groceries/en-GB/shop/drinks/all?brand=Bonterra&amp;viewAll=brand"><span class="checkbox-square checkbox-square-linked"></span><span class="checkbox-check icon-tick-white"></span><span class="visually-hidden">Filter by</span><span class="filter-label--line--inline">Bonterra</span><span class="filter-label--line--inline">&nbsp;(2)</span></a></label></div></li><li class="filter-option__container" id="Bosun&#39;s Bay" data-auto="filter-option" data-auto-selected="false"><div class="checkbox" data-auto="checkbox"><input id="filter-option--Bosun&#39;s-Bay-2612197" name="filter-option--Bosun&#39;s-Bay-2612197" type="checkbox"><label class="checkbox-label" for="filter-option--Bosun&#39;s-Bay-2612197" title="Bosun&#39;s Bay"><a class="filter-option--link" href="https://www.tesco.com/groceries/en-GB/shop/drinks/all?brand=Bosun%27s%20Bay&amp;viewAll=brand"><span class="checkbox-square checkbox-square-linked"></span><span class="checkbox-check icon-tick-white"></span><span class="visually-hidden">Filter by</span><span class="filter-label--line--inline">Bosun's Bay</span><span class="filter-label--line--inline">&nbsp;(2)</span></a></label></div></li><li class="filter-option__container" id="Bottega" data-auto="filter-option" data-auto-selected="false"><div class="checkbox" data-auto="checkbox"><input id="filter-option--Bottega-7743128" name="filter-option--Bottega-7743128" type="checkbox"><label class="checkbox-label" for="filter-option--Bottega-7743128" title="Bottega"><a class="filter-option--link" href="https://www.tesco.com/groceries/en-GB/shop/drinks/all?brand=Bottega&amp;viewAll=brand"><span class="checkbox-square checkbox-square-linked"></span><span class="checkbox-check icon-tick-white"></span><span class="visually-hidden">Filter by</span><span class="filter-label--line--inline">Bottega</span><span class="filter-label--line--inline">&nbsp;(2)</span></a></label></div></li><li class="filter-option__container" id="Bouchard" data-auto="filter-option" data-auto-selected="false"><div class="checkbox" data-auto="checkbox"><input id="filter-option--Bouchard-6720495" name="filter-option--Bouchard-6720495" type="checkbox"><label class="checkbox-label" for="filter-option--Bouchard-6720495" title="Bouchard"><a class="filter-option--link" href="https://www.tesco.com/groceries/en-GB/shop/drinks/all?brand=Bouchard&amp;viewAll=brand"><span class="checkbox-square checkbox-square-linked"></span><span class="checkbox-check icon-tick-white"></span><span class="visually-hidden">Filter by</span><span class="filter-label--line--inline">Bouchard</span><span class="filter-label--line--inline">&nbsp;(2)</span></a></label></div></li><li class="filter-option__container" id="Brancott Estate" data-auto="filter-option" data-auto-selected="false"><div class="checkbox" data-auto="checkbox"><input id="filter-option--Brancott-Estate-3390167" name="filter-option--Brancott-Estate-3390167" type="checkbox"><label class="checkbox-label" for="filter-option--Brancott-Estate-3390167" title="Brancott Estate"><a class="filter-option--link" href="https://www.tesco.com/groceries/en-GB/shop/drinks/all?brand=Brancott%20Estate&amp;viewAll=brand"><span class="checkbox-square checkbox-square-linked"></span><span class="checkbox-check icon-tick-white"></span><span class="visually-hidden">Filter by</span><span class="filter-label--line--block">Brancott</span><span class="filter-label--line--inline filter-label--line--truncate">Estate</span><span class="filter-label--line--inline">&nbsp;(2)</span></a></label></div></li><li class="filter-option__container" id="Britvic" data-auto="filter-option" data-auto-selected="false"><div class="checkbox" data-auto="checkbox"><input id="filter-option--Britvic-4355487" name="filter-option--Britvic-4355487" type="checkbox"><label class="checkbox-label" for="filter-option--Britvic-4355487" title="Britvic"><a class="filter-option--link" href="https://www.tesco.com/groceries/en-GB/shop/drinks/all?brand=Britvic&amp;viewAll=brand"><span class="checkbox-square checkbox-square-linked"></span><span class="checkbox-check icon-tick-white"></span><span class="visually-hidden">Filter by</span><span class="filter-label--line--inline">Britvic</span><span class="filter-label--line--inline">&nbsp;(2)</span></a></label></div></li><li class="filter-option__container" id="Bundaberg" data-auto="filter-option" data-auto-selected="false"><div class="checkbox" data-auto="checkbox"><input id="filter-option--Bundaberg-6351240" name="filter-option--Bundaberg-6351240" type="checkbox"><label class="checkbox-label" for="filter-option--Bundaberg-6351240" title="Bundaberg"><a class="filter-option--link" href="https://www.tesco.com/groceries/en-GB/shop/drinks/all?brand=Bundaberg&amp;viewAll=brand"><span class="checkbox-square checkbox-square-linked"></span><span class="checkbox-check icon-tick-white"></span><span class="visually-hidden">Filter by</span><span class="filter-label--line--inline">Bundaberg</span><span class="filter-label--line--inline">&nbsp;(2)</span></a></label></div></li><li class="filter-option__container" id="Califia Farms" data-auto="filter-option" data-auto-selected="false"><div class="checkbox" data-auto="checkbox"><input id="filter-option--Califia-Farms-8293672" name="filter-option--Califia-Farms-8293672" type="checkbox"><label class="checkbox-label" for="filter-option--Califia-Farms-8293672" title="Califia Farms"><a class="filter-option--link" href="https://www.tesco.com/groceries/en-GB/shop/drinks/all?brand=Califia%20Farms&amp;viewAll=brand"><span class="checkbox-square checkbox-square-linked"></span><span class="checkbox-check icon-tick-white"></span><span class="visually-hidden">Filter by</span><span class="filter-label--line--inline">Califia Farms</span><span class="filter-label--line--inline">&nbsp;(2)</span></a></label></div></li><li class="filter-option__container" id="Campaneo" data-auto="filter-option" data-auto-selected="false"><div class="checkbox" data-auto="checkbox"><input id="filter-option--Campaneo-5684172" name="filter-option--Campaneo-5684172" type="checkbox"><label class="checkbox-label" for="filter-option--Campaneo-5684172" title="Campaneo"><a class="filter-option--link" href="https://www.tesco.com/groceries/en-GB/shop/drinks/all?brand=Campaneo&amp;viewAll=brand"><span class="checkbox-square checkbox-square-linked"></span><span class="checkbox-check icon-tick-white"></span><span class="visually-hidden">Filter by</span><span class="filter-label--line--inline">Campaneo</span><span class="filter-label--line--inline">&nbsp;(2)</span></a></label></div></li><li class="filter-option__container" id="Camponac" data-auto="filter-option" data-auto-selected="false"><div class="checkbox" data-auto="checkbox"><input id="filter-option--Camponac-9295042" name="filter-option--Camponac-9295042" type="checkbox"><label class="checkbox-label" for="filter-option--Camponac-9295042" title="Camponac"><a class="filter-option--link" href="https://www.tesco.com/groceries/en-GB/shop/drinks/all?brand=Camponac&amp;viewAll=brand"><span class="checkbox-square checkbox-square-linked"></span><span class="checkbox-check icon-tick-white"></span><span class="visually-hidden">Filter by</span><span class="filter-label--line--inline">Camponac</span><span class="filter-label--line--inline">&nbsp;(2)</span></a></label></div></li><li class="filter-option__container" id="Canvino" data-auto="filter-option" data-auto-selected="false"><div class="checkbox" data-auto="checkbox"><input id="filter-option--Canvino-6868102" name="filter-option--Canvino-6868102" type="checkbox"><label class="checkbox-label" for="filter-option--Canvino-6868102" title="Canvino"><a class="filter-option--link" href="https://www.tesco.com/groceries/en-GB/shop/drinks/all?brand=Canvino&amp;viewAll=brand"><span class="checkbox-square checkbox-square-linked"></span><span class="checkbox-check icon-tick-white"></span><span class="visually-hidden">Filter by</span><span class="filter-label--line--inline">Canvino</span><span class="filter-label--line--inline">&nbsp;(2)</span></a></label></div></li><li class="filter-option__container" id="Casa Roscoli" data-auto="filter-option" data-auto-selected="false"><div class="checkbox" data-auto="checkbox"><input id="filter-option--Casa-Roscoli-2368891" name="filter-option--Casa-Roscoli-2368891" type="checkbox"><label class="checkbox-label" for="filter-option--Casa-Roscoli-2368891" title="Casa Roscoli"><a class="filter-option--link" href="https://www.tesco.com/groceries/en-GB/shop/drinks/all?brand=Casa%20Roscoli&amp;viewAll=brand"><span class="checkbox-square checkbox-square-linked"></span><span class="checkbox-check icon-tick-white"></span><span class="visually-hidden">Filter by</span><span class="filter-label--line--inline">Casa Roscoli</span><span class="filter-label--line--inline">&nbsp;(2)</span></a></label></div></li><li class="filter-option__container" id="Catalyst" data-auto="filter-option" data-auto-selected="false"><div class="checkbox" data-auto="checkbox"><input id="filter-option--Catalyst-260615" name="filter-option--Catalyst-260615" type="checkbox"><label class="checkbox-label" for="filter-option--Catalyst-260615" title="Catalyst"><a class="filter-option--link" href="https://www.tesco.com/groceries/en-GB/shop/drinks/all?brand=Catalyst&amp;viewAll=brand"><span class="checkbox-square checkbox-square-linked"></span><span class="checkbox-check icon-tick-white"></span><span class="visually-hidden">Filter by</span><span class="filter-label--line--inline">Catalyst</span><span class="filter-label--line--inline">&nbsp;(2)</span></a></label></div></li><li class="filter-option__container" id="Cellier Dauphins" data-auto="filter-option" data-auto-selected="false"><div class="checkbox" data-auto="checkbox"><input id="filter-option--Cellier-Dauphins-2948952" name="filter-option--Cellier-Dauphins-2948952" type="checkbox"><label class="checkbox-label" for="filter-option--Cellier-Dauphins-2948952" title="Cellier Dauphins"><a class="filter-option--link" href="https://www.tesco.com/groceries/en-GB/shop/drinks/all?brand=Cellier%20Dauphins&amp;viewAll=brand"><span class="checkbox-square checkbox-square-linked"></span><span class="checkbox-check icon-tick-white"></span><span class="visually-hidden">Filter by</span><span class="filter-label--line--block">Cellier</span><span class="filter-label--line--inline filter-label--line--truncate">Dauphins</span><span class="filter-label--line--inline">&nbsp;(2)</span></a></label></div></li><li class="filter-option__container" id="Chivas Regal" data-auto="filter-option" data-auto-selected="false"><div class="checkbox" data-auto="checkbox"><input id="filter-option--Chivas-Regal-361678" name="filter-option--Chivas-Regal-361678" type="checkbox"><label class="checkbox-label" for="filter-option--Chivas-Regal-361678" title="Chivas Regal"><a class="filter-option--link" href="https://www.tesco.com/groceries/en-GB/shop/drinks/all?brand=Chivas%20Regal&amp;viewAll=brand"><span class="checkbox-square checkbox-square-linked"></span><span class="checkbox-check icon-tick-white"></span><span class="visually-hidden">Filter by</span><span class="filter-label--line--inline">Chivas Regal</span><span class="filter-label--line--inline">&nbsp;(2)</span></a></label></div></li><li class="filter-option__container" id="Chocomel" data-auto="filter-option" data-auto-selected="false"><div class="checkbox" data-auto="checkbox"><input id="filter-option--Chocomel-3960846" name="filter-option--Chocomel-3960846" type="checkbox"><label class="checkbox-label" for="filter-option--Chocomel-3960846" title="Chocomel"><a class="filter-option--link" href="https://www.tesco.com/groceries/en-GB/shop/drinks/all?brand=Chocomel&amp;viewAll=brand"><span class="checkbox-square checkbox-square-linked"></span><span class="checkbox-check icon-tick-white"></span><span class="visually-hidden">Filter by</span><span class="filter-label--line--inline">Chocomel</span><span class="filter-label--line--inline">&nbsp;(2)</span></a></label></div></li><li class="filter-option__container" id="Cleanco" data-auto="filter-option" data-auto-selected="false"><div class="checkbox" data-auto="checkbox"><input id="filter-option--Cleanco-1768002" name="filter-option--Cleanco-1768002" type="checkbox"><label class="checkbox-label" for="filter-option--Cleanco-1768002" title="Cleanco"><a class="filter-option--link" href="https://www.tesco.com/groceries/en-GB/shop/drinks/all?brand=Cleanco&amp;viewAll=brand"><span class="checkbox-square checkbox-square-linked"></span><span class="checkbox-check icon-tick-white"></span><span class="visually-hidden">Filter by</span><span class="filter-label--line--inline">Cleanco</span><span class="filter-label--line--inline">&nbsp;(2)</span></a></label></div></li><li class="filter-option__container" id="Cobra" data-auto="filter-option" data-auto-selected="false"><div class="checkbox" data-auto="checkbox"><input id="filter-option--Cobra-4023105" name="filter-option--Cobra-4023105" type="checkbox"><label class="checkbox-label" for="filter-option--Cobra-4023105" title="Cobra"><a class="filter-option--link" href="https://www.tesco.com/groceries/en-GB/shop/drinks/all?brand=Cobra&amp;viewAll=brand"><span class="checkbox-square checkbox-square-linked"></span><span class="checkbox-check icon-tick-white"></span><span class="visually-hidden">Filter by</span><span class="filter-label--line--inline">Cobra</span><span class="filter-label--line--inline">&nbsp;(2)</span></a></label></div></li><li class="filter-option__container" id="Coffee &amp; Milk" data-auto="filter-option" data-auto-selected="false"><div class="checkbox" data-auto="checkbox"><input id="filter-option--Coffee-Milk-6669278" name="filter-option--Coffee-Milk-6669278" type="checkbox"><label class="checkbox-label" for="filter-option--Coffee-Milk-6669278" title="Coffee &amp; Milk"><a class="filter-option--link" href="https://www.tesco.com/groceries/en-GB/shop/drinks/all?brand=Coffee%20%26%20Milk&amp;viewAll=brand"><span class="checkbox-square checkbox-square-linked"></span><span class="checkbox-check icon-tick-white"></span><span class="visually-hidden">Filter by</span><span class="filter-label--line--inline">Coffee &amp; Milk</span><span class="filter-label--line--inline">&nbsp;(2)</span></a></label></div></li><li class="filter-option__container" id="Constitution Road" data-auto="filter-option" data-auto-selected="false"><div class="checkbox" data-auto="checkbox"><input id="filter-option--Constitution-Road-5907538" name="filter-option--Constitution-Road-5907538" type="checkbox"><label class="checkbox-label" for="filter-option--Constitution-Road-5907538" title="Constitution Road"><a class="filter-option--link" href="https://www.tesco.com/groceries/en-GB/shop/drinks/all?brand=Constitution%20Road&amp;viewAll=brand"><span class="checkbox-square checkbox-square-linked"></span><span class="checkbox-check icon-tick-white"></span><span class="visually-hidden">Filter by</span><span class="filter-label--line--block">Constitution</span><span class="filter-label--line--inline filter-label--line--truncate">Road</span><span class="filter-label--line--inline">&nbsp;(2)</span></a></label></div></li><li class="filter-option__container" id="Crediton Dairy" data-auto="filter-option" data-auto-selected="false"><div class="checkbox" data-auto="checkbox"><input id="filter-option--Crediton-Dairy-3901718" name="filter-option--Crediton-Dairy-3901718" type="checkbox"><label class="checkbox-label" for="filter-option--Crediton-Dairy-3901718" title="Crediton Dairy"><a class="filter-option--link" href="https://www.tesco.com/groceries/en-GB/shop/drinks/all?brand=Crediton%20Dairy&amp;viewAll=brand"><span class="checkbox-square checkbox-square-linked"></span><span class="checkbox-check icon-tick-white"></span><span class="visually-hidden">Filter by</span><span class="filter-label--line--inline">Crediton Dairy</span><span class="filter-label--line--inline">&nbsp;(2)</span></a></label></div></li><li class="filter-option__container" id="D&#39;arenberg" data-auto="filter-option" data-auto-selected="false"><div class="checkbox" data-auto="checkbox"><input id="filter-option--D&#39;arenberg-7786504" name="filter-option--D&#39;arenberg-7786504" type="checkbox"><label class="checkbox-label" for="filter-option--D&#39;arenberg-7786504" title="D&#39;arenberg"><a class="filter-option--link" href="https://www.tesco.com/groceries/en-GB/shop/drinks/all?brand=D%27arenberg&amp;viewAll=brand"><span class="checkbox-square checkbox-square-linked"></span><span class="checkbox-check icon-tick-white"></span><span class="visually-hidden">Filter by</span><span class="filter-label--line--inline">D'arenberg</span><span class="filter-label--line--inline">&nbsp;(2)</span></a></label></div></li><li class="filter-option__container" id="Des Tourelles" data-auto="filter-option" data-auto-selected="false"><div class="checkbox" data-auto="checkbox"><input id="filter-option--Des-Tourelles-4790634" name="filter-option--Des-Tourelles-4790634" type="checkbox"><label class="checkbox-label" for="filter-option--Des-Tourelles-4790634" title="Des Tourelles"><a class="filter-option--link" href="https://www.tesco.com/groceries/en-GB/shop/drinks/all?brand=Des%20Tourelles&amp;viewAll=brand"><span class="checkbox-square checkbox-square-linked"></span><span class="checkbox-check icon-tick-white"></span><span class="visually-hidden">Filter by</span><span class="filter-label--line--inline">Des Tourelles</span><span class="filter-label--line--inline">&nbsp;(2)</span></a></label></div></li><li class="filter-option__container" id="Desperados" data-auto="filter-option" data-auto-selected="false"><div class="checkbox" data-auto="checkbox"><input id="filter-option--Desperados-1312944" name="filter-option--Desperados-1312944" type="checkbox"><label class="checkbox-label" for="filter-option--Desperados-1312944" title="Desperados"><a class="filter-option--link" href="https://www.tesco.com/groceries/en-GB/shop/drinks/all?brand=Desperados&amp;viewAll=brand"><span class="checkbox-square checkbox-square-linked"></span><span class="checkbox-check icon-tick-white"></span><span class="visually-hidden">Filter by</span><span class="filter-label--line--inline">Desperados</span><span class="filter-label--line--inline">&nbsp;(2)</span></a></label></div></li><li class="filter-option__container" id="Drinks By The Dr" data-auto="filter-option" data-auto-selected="false"><div class="checkbox" data-auto="checkbox"><input id="filter-option--Drinks-By-The-Dr-120752" name="filter-option--Drinks-By-The-Dr-120752" type="checkbox"><label class="checkbox-label" for="filter-option--Drinks-By-The-Dr-120752" title="Drinks By The Dr"><a class="filter-option--link" href="https://www.tesco.com/groceries/en-GB/shop/drinks/all?brand=Drinks%20By%20The%20Dr&amp;viewAll=brand"><span class="checkbox-square checkbox-square-linked"></span><span class="checkbox-check icon-tick-white"></span><span class="visually-hidden">Filter by</span><span class="filter-label--line--block">Drinks By</span><span class="filter-label--line--inline filter-label--line--truncate">The Dr</span><span class="filter-label--line--inline">&nbsp;(2)</span></a></label></div></li><li class="filter-option__container" id="Estancia" data-auto="filter-option" data-auto-selected="false"><div class="checkbox" data-auto="checkbox"><input id="filter-option--Estancia-9111192" name="filter-option--Estancia-9111192" type="checkbox"><label class="checkbox-label" for="filter-option--Estancia-9111192" title="Estancia"><a class="filter-option--link" href="https://www.tesco.com/groceries/en-GB/shop/drinks/all?brand=Estancia&amp;viewAll=brand"><span class="checkbox-square checkbox-square-linked"></span><span class="checkbox-check icon-tick-white"></span><span class="visually-hidden">Filter by</span><span class="filter-label--line--inline">Estancia</span><span class="filter-label--line--inline">&nbsp;(2)</span></a></label></div></li><li class="filter-option__container" id="Famille Skalli" data-auto="filter-option" data-auto-selected="false"><div class="checkbox" data-auto="checkbox"><input id="filter-option--Famille-Skalli-266315" name="filter-option--Famille-Skalli-266315" type="checkbox"><label class="checkbox-label" for="filter-option--Famille-Skalli-266315" title="Famille Skalli"><a class="filter-option--link" href="https://www.tesco.com/groceries/en-GB/shop/drinks/all?brand=Famille%20Skalli&amp;viewAll=brand"><span class="checkbox-square checkbox-square-linked"></span><span class="checkbox-check icon-tick-white"></span><span class="visually-hidden">Filter by</span><span class="filter-label--line--inline">Famille Skalli</span><span class="filter-label--line--inline">&nbsp;(2)</span></a></label></div></li><li class="filter-option__container" id="Faustino" data-auto="filter-option" data-auto-selected="false"><div class="checkbox" data-auto="checkbox"><input id="filter-option--Faustino-4276819" name="filter-option--Faustino-4276819" type="checkbox"><label class="checkbox-label" for="filter-option--Faustino-4276819" title="Faustino"><a class="filter-option--link" href="https://www.tesco.com/groceries/en-GB/shop/drinks/all?brand=Faustino&amp;viewAll=brand"><span class="checkbox-square checkbox-square-linked"></span><span class="checkbox-check icon-tick-white"></span><span class="visually-hidden">Filter by</span><span class="filter-label--line--inline">Faustino</span><span class="filter-label--line--inline">&nbsp;(2)</span></a></label></div></li><li class="filter-option__container" id="First Cape" data-auto="filter-option" data-auto-selected="false"><div class="checkbox" data-auto="checkbox"><input id="filter-option--First-Cape-5396223" name="filter-option--First-Cape-5396223" type="checkbox"><label class="checkbox-label" for="filter-option--First-Cape-5396223" title="First Cape"><a class="filter-option--link" href="https://www.tesco.com/groceries/en-GB/shop/drinks/all?brand=First%20Cape&amp;viewAll=brand"><span class="checkbox-square checkbox-square-linked"></span><span class="checkbox-check icon-tick-white"></span><span class="visually-hidden">Filter by</span><span class="filter-label--line--inline">First Cape</span><span class="filter-label--line--inline">&nbsp;(2)</span></a></label></div></li><li class="filter-option__container" id="Frijj" data-auto="filter-option" data-auto-selected="false"><div class="checkbox" data-auto="checkbox"><input id="filter-option--Frijj-6033193" name="filter-option--Frijj-6033193" type="checkbox"><label class="checkbox-label" for="filter-option--Frijj-6033193" title="Frijj"><a class="filter-option--link" href="https://www.tesco.com/groceries/en-GB/shop/drinks/all?brand=Frijj&amp;viewAll=brand"><span class="checkbox-square checkbox-square-linked"></span><span class="checkbox-check icon-tick-white"></span><span class="visually-hidden">Filter by</span><span class="filter-label--line--inline">Frijj</span><span class="filter-label--line--inline">&nbsp;(2)</span></a></label></div></li><li class="filter-option__container" id="Gatorade" data-auto="filter-option" data-auto-selected="false"><div class="checkbox" data-auto="checkbox"><input id="filter-option--Gatorade-5895973" name="filter-option--Gatorade-5895973" type="checkbox"><label class="checkbox-label" for="filter-option--Gatorade-5895973" title="Gatorade"><a class="filter-option--link" href="https://www.tesco.com/groceries/en-GB/shop/drinks/all?brand=Gatorade&amp;viewAll=brand"><span class="checkbox-square checkbox-square-linked"></span><span class="checkbox-check icon-tick-white"></span><span class="visually-hidden">Filter by</span><span class="filter-label--line--inline">Gatorade</span><span class="filter-label--line--inline">&nbsp;(2)</span></a></label></div></li><li class="filter-option__container" id="Gerber" data-auto="filter-option" data-auto-selected="false"><div class="checkbox" data-auto="checkbox"><input id="filter-option--Gerber-449760" name="filter-option--Gerber-449760" type="checkbox"><label class="checkbox-label" for="filter-option--Gerber-449760" title="Gerber"><a class="filter-option--link" href="https://www.tesco.com/groceries/en-GB/shop/drinks/all?brand=Gerber&amp;viewAll=brand"><span class="checkbox-square checkbox-square-linked"></span><span class="checkbox-check icon-tick-white"></span><span class="visually-hidden">Filter by</span><span class="filter-label--line--inline">Gerber</span><span class="filter-label--line--inline">&nbsp;(2)</span></a></label></div></li><li class="filter-option__container" id="Gift Creation" data-auto="filter-option" data-auto-selected="false"><div class="checkbox" data-auto="checkbox"><input id="filter-option--Gift-Creation-6559092" name="filter-option--Gift-Creation-6559092" type="checkbox"><label class="checkbox-label" for="filter-option--Gift-Creation-6559092" title="Gift Creation"><a class="filter-option--link" href="https://www.tesco.com/groceries/en-GB/shop/drinks/all?brand=Gift%20Creation&amp;viewAll=brand"><span class="checkbox-square checkbox-square-linked"></span><span class="checkbox-check icon-tick-white"></span><span class="visually-hidden">Filter by</span><span class="filter-label--line--inline">Gift Creation</span><span class="filter-label--line--inline">&nbsp;(2)</span></a></label></div></li><li class="filter-option__container" id="Glaceau" data-auto="filter-option" data-auto-selected="false"><div class="checkbox" data-auto="checkbox"><input id="filter-option--Glaceau-9297006" name="filter-option--Glaceau-9297006" type="checkbox"><label class="checkbox-label" for="filter-option--Glaceau-9297006" title="Glaceau"><a class="filter-option--link" href="https://www.tesco.com/groceries/en-GB/shop/drinks/all?brand=Glaceau&amp;viewAll=brand"><span class="checkbox-square checkbox-square-linked"></span><span class="checkbox-check icon-tick-white"></span><span class="visually-hidden">Filter by</span><span class="filter-label--line--inline">Glaceau</span><span class="filter-label--line--inline">&nbsp;(2)</span></a></label></div></li><li class="filter-option__container" id="Grahams" data-auto="filter-option" data-auto-selected="false"><div class="checkbox" data-auto="checkbox"><input id="filter-option--Grahams-8162934" name="filter-option--Grahams-8162934" type="checkbox"><label class="checkbox-label" for="filter-option--Grahams-8162934" title="Grahams"><a class="filter-option--link" href="https://www.tesco.com/groceries/en-GB/shop/drinks/all?brand=Grahams&amp;viewAll=brand"><span class="checkbox-square checkbox-square-linked"></span><span class="checkbox-check icon-tick-white"></span><span class="visually-hidden">Filter by</span><span class="filter-label--line--inline">Grahams</span><span class="filter-label--line--inline">&nbsp;(2)</span></a></label></div></li><li class="filter-option__container" id="Gratien &amp; Meyer" data-auto="filter-option" data-auto-selected="false"><div class="checkbox" data-auto="checkbox"><input id="filter-option--Gratien-Meyer-8506061" name="filter-option--Gratien-Meyer-8506061" type="checkbox"><label class="checkbox-label" for="filter-option--Gratien-Meyer-8506061" title="Gratien &amp; Meyer"><a class="filter-option--link" href="https://www.tesco.com/groceries/en-GB/shop/drinks/all?brand=Gratien%20%26%20Meyer&amp;viewAll=brand"><span class="checkbox-square checkbox-square-linked"></span><span class="checkbox-check icon-tick-white"></span><span class="visually-hidden">Filter by</span><span class="filter-label--line--block">Gratien &amp;</span><span class="filter-label--line--inline filter-label--line--truncate">Meyer</span><span class="filter-label--line--inline">&nbsp;(2)</span></a></label></div></li><li class="filter-option__container" id="Grolsch" data-auto="filter-option" data-auto-selected="false"><div class="checkbox" data-auto="checkbox"><input id="filter-option--Grolsch-9697791" name="filter-option--Grolsch-9697791" type="checkbox"><label class="checkbox-label" for="filter-option--Grolsch-9697791" title="Grolsch"><a class="filter-option--link" href="https://www.tesco.com/groceries/en-GB/shop/drinks/all?brand=Grolsch&amp;viewAll=brand"><span class="checkbox-square checkbox-square-linked"></span><span class="checkbox-check icon-tick-white"></span><span class="visually-hidden">Filter by</span><span class="filter-label--line--inline">Grolsch</span><span class="filter-label--line--inline">&nbsp;(2)</span></a></label></div></li><li class="filter-option__container" id="Haig" data-auto="filter-option" data-auto-selected="false"><div class="checkbox" data-auto="checkbox"><input id="filter-option--Haig-3975084" name="filter-option--Haig-3975084" type="checkbox"><label class="checkbox-label" for="filter-option--Haig-3975084" title="Haig"><a class="filter-option--link" href="https://www.tesco.com/groceries/en-GB/shop/drinks/all?brand=Haig&amp;viewAll=brand"><span class="checkbox-square checkbox-square-linked"></span><span class="checkbox-check icon-tick-white"></span><span class="visually-hidden">Filter by</span><span class="filter-label--line--inline">Haig</span><span class="filter-label--line--inline">&nbsp;(2)</span></a></label></div></li><li class="filter-option__container" id="Havana Club" data-auto="filter-option" data-auto-selected="false"><div class="checkbox" data-auto="checkbox"><input id="filter-option--Havana-Club-1010017" name="filter-option--Havana-Club-1010017" type="checkbox"><label class="checkbox-label" for="filter-option--Havana-Club-1010017" title="Havana Club"><a class="filter-option--link" href="https://www.tesco.com/groceries/en-GB/shop/drinks/all?brand=Havana%20Club&amp;viewAll=brand"><span class="checkbox-square checkbox-square-linked"></span><span class="checkbox-check icon-tick-white"></span><span class="visually-hidden">Filter by</span><span class="filter-label--line--inline">Havana Club</span><span class="filter-label--line--inline">&nbsp;(2)</span></a></label></div></li><li class="filter-option__container" id="Hoegaarden" data-auto="filter-option" data-auto-selected="false"><div class="checkbox" data-auto="checkbox"><input id="filter-option--Hoegaarden-4391923" name="filter-option--Hoegaarden-4391923" type="checkbox"><label class="checkbox-label" for="filter-option--Hoegaarden-4391923" title="Hoegaarden"><a class="filter-option--link" href="https://www.tesco.com/groceries/en-GB/shop/drinks/all?brand=Hoegaarden&amp;viewAll=brand"><span class="checkbox-square checkbox-square-linked"></span><span class="checkbox-check icon-tick-white"></span><span class="visually-hidden">Filter by</span><span class="filter-label--line--inline">Hoegaarden</span><span class="filter-label--line--inline">&nbsp;(2)</span></a></label></div></li><li class="filter-option__container" id="Houseofcocktails" data-auto="filter-option" data-auto-selected="false"><div class="checkbox" data-auto="checkbox"><input id="filter-option--Houseofcocktails-2571317" name="filter-option--Houseofcocktails-2571317" type="checkbox"><label class="checkbox-label" for="filter-option--Houseofcocktails-2571317" title="Houseofcocktails"><a class="filter-option--link" href="https://www.tesco.com/groceries/en-GB/shop/drinks/all?brand=Houseofcocktails&amp;viewAll=brand"><span class="checkbox-square checkbox-square-linked"></span><span class="checkbox-check icon-tick-white"></span><span class="visually-hidden">Filter by</span><span class="filter-label--line--inline filter-label--line--truncate">Houseofcocktai</span><span class="filter-label--line--inline">&nbsp;(2)</span></a></label></div></li><li class="filter-option__container" id="Huel" data-auto="filter-option" data-auto-selected="false"><div class="checkbox" data-auto="checkbox"><input id="filter-option--Huel-5556514" name="filter-option--Huel-5556514" type="checkbox"><label class="checkbox-label" for="filter-option--Huel-5556514" title="Huel"><a class="filter-option--link" href="https://www.tesco.com/groceries/en-GB/shop/drinks/all?brand=Huel&amp;viewAll=brand"><span class="checkbox-square checkbox-square-linked"></span><span class="checkbox-check icon-tick-white"></span><span class="visually-hidden">Filter by</span><span class="filter-label--line--inline">Huel</span><span class="filter-label--line--inline">&nbsp;(2)</span></a></label></div></li><li class="filter-option__container" id="Hun" data-auto="filter-option" data-auto-selected="false"><div class="checkbox" data-auto="checkbox"><input id="filter-option--Hun-4408959" name="filter-option--Hun-4408959" type="checkbox"><label class="checkbox-label" for="filter-option--Hun-4408959" title="Hun"><a class="filter-option--link" href="https://www.tesco.com/groceries/en-GB/shop/drinks/all?brand=Hun&amp;viewAll=brand"><span class="checkbox-square checkbox-square-linked"></span><span class="checkbox-check icon-tick-white"></span><span class="visually-hidden">Filter by</span><span class="filter-label--line--inline">Hun</span><span class="filter-label--line--inline">&nbsp;(2)</span></a></label></div></li><li class="filter-option__container" id="Isle Of Jura" data-auto="filter-option" data-auto-selected="false"><div class="checkbox" data-auto="checkbox"><input id="filter-option--Isle-Of-Jura-875364" name="filter-option--Isle-Of-Jura-875364" type="checkbox"><label class="checkbox-label" for="filter-option--Isle-Of-Jura-875364" title="Isle Of Jura"><a class="filter-option--link" href="https://www.tesco.com/groceries/en-GB/shop/drinks/all?brand=Isle%20Of%20Jura&amp;viewAll=brand"><span class="checkbox-square checkbox-square-linked"></span><span class="checkbox-check icon-tick-white"></span><span class="visually-hidden">Filter by</span><span class="filter-label--line--inline">Isle Of Jura</span><span class="filter-label--line--inline">&nbsp;(2)</span></a></label></div></li><li class="filter-option__container" id="Jimmy&#39;s" data-auto="filter-option" data-auto-selected="false"><div class="checkbox" data-auto="checkbox"><input id="filter-option--Jimmy&#39;s-6478253" name="filter-option--Jimmy&#39;s-6478253" type="checkbox"><label class="checkbox-label" for="filter-option--Jimmy&#39;s-6478253" title="Jimmy&#39;s"><a class="filter-option--link" href="https://www.tesco.com/groceries/en-GB/shop/drinks/all?brand=Jimmy%27s&amp;viewAll=brand"><span class="checkbox-square checkbox-square-linked"></span><span class="checkbox-check icon-tick-white"></span><span class="visually-hidden">Filter by</span><span class="filter-label--line--inline">Jimmy's</span><span class="filter-label--line--inline">&nbsp;(2)</span></a></label></div></li><li class="filter-option__container" id="John Smiths" data-auto="filter-option" data-auto-selected="false"><div class="checkbox" data-auto="checkbox"><input id="filter-option--John-Smiths-2383978" name="filter-option--John-Smiths-2383978" type="checkbox"><label class="checkbox-label" for="filter-option--John-Smiths-2383978" title="John Smiths"><a class="filter-option--link" href="https://www.tesco.com/groceries/en-GB/shop/drinks/all?brand=John%20Smiths&amp;viewAll=brand"><span class="checkbox-square checkbox-square-linked"></span><span class="checkbox-check icon-tick-white"></span><span class="visually-hidden">Filter by</span><span class="filter-label--line--inline">John Smiths</span><span class="filter-label--line--inline">&nbsp;(2)</span></a></label></div></li><li class="filter-option__container" id="Jp Chenet" data-auto="filter-option" data-auto-selected="false"><div class="checkbox" data-auto="checkbox"><input id="filter-option--Jp-Chenet-1728936" name="filter-option--Jp-Chenet-1728936" type="checkbox"><label class="checkbox-label" for="filter-option--Jp-Chenet-1728936" title="Jp Chenet"><a class="filter-option--link" href="https://www.tesco.com/groceries/en-GB/shop/drinks/all?brand=Jp%20Chenet&amp;viewAll=brand"><span class="checkbox-square checkbox-square-linked"></span><span class="checkbox-check icon-tick-white"></span><span class="visually-hidden">Filter by</span><span class="filter-label--line--inline">Jp Chenet</span><span class="filter-label--line--inline">&nbsp;(2)</span></a></label></div></li><li class="filter-option__container" id="Juice Burst" data-auto="filter-option" data-auto-selected="false"><div class="checkbox" data-auto="checkbox"><input id="filter-option--Juice-Burst-2648521" name="filter-option--Juice-Burst-2648521" type="checkbox"><label class="checkbox-label" for="filter-option--Juice-Burst-2648521" title="Juice Burst"><a class="filter-option--link" href="https://www.tesco.com/groceries/en-GB/shop/drinks/all?brand=Juice%20Burst&amp;viewAll=brand"><span class="checkbox-square checkbox-square-linked"></span><span class="checkbox-check icon-tick-white"></span><span class="visually-hidden">Filter by</span><span class="filter-label--line--inline">Juice Burst</span><span class="filter-label--line--inline">&nbsp;(2)</span></a></label></div></li><li class="filter-option__container" id="Kimm And Miller" data-auto="filter-option" data-auto-selected="false"><div class="checkbox" data-auto="checkbox"><input id="filter-option--Kimm-And-Miller-4881972" name="filter-option--Kimm-And-Miller-4881972" type="checkbox"><label class="checkbox-label" for="filter-option--Kimm-And-Miller-4881972" title="Kimm And Miller"><a class="filter-option--link" href="https://www.tesco.com/groceries/en-GB/shop/drinks/all?brand=Kimm%20And%20Miller&amp;viewAll=brand"><span class="checkbox-square checkbox-square-linked"></span><span class="checkbox-check icon-tick-white"></span><span class="visually-hidden">Filter by</span><span class="filter-label--line--block">Kimm And</span><span class="filter-label--line--inline filter-label--line--truncate">Miller</span><span class="filter-label--line--inline">&nbsp;(2)</span></a></label></div></li><li class="filter-option__container" id="Kingsland Wines" data-auto="filter-option" data-auto-selected="false"><div class="checkbox" data-auto="checkbox"><input id="filter-option--Kingsland-Wines-5908750" name="filter-option--Kingsland-Wines-5908750" type="checkbox"><label class="checkbox-label" for="filter-option--Kingsland-Wines-5908750" title="Kingsland Wines"><a class="filter-option--link" href="https://www.tesco.com/groceries/en-GB/shop/drinks/all?brand=Kingsland%20Wines&amp;viewAll=brand"><span class="checkbox-square checkbox-square-linked"></span><span class="checkbox-check icon-tick-white"></span><span class="visually-hidden">Filter by</span><span class="filter-label--line--block">Kingsland</span><span class="filter-label--line--inline filter-label--line--truncate">Wines</span><span class="filter-label--line--inline">&nbsp;(2)</span></a></label></div></li><li class="filter-option__container" id="Kix" data-auto="filter-option" data-auto-selected="false"><div class="checkbox" data-auto="checkbox"><input id="filter-option--Kix-1863968" name="filter-option--Kix-1863968" type="checkbox"><label class="checkbox-label" for="filter-option--Kix-1863968" title="Kix"><a class="filter-option--link" href="https://www.tesco.com/groceries/en-GB/shop/drinks/all?brand=Kix&amp;viewAll=brand"><span class="checkbox-square checkbox-square-linked"></span><span class="checkbox-check icon-tick-white"></span><span class="visually-hidden">Filter by</span><span class="filter-label--line--inline">Kix</span><span class="filter-label--line--inline">&nbsp;(2)</span></a></label></div></li><li class="filter-option__container" id="Kleine Zalze" data-auto="filter-option" data-auto-selected="false"><div class="checkbox" data-auto="checkbox"><input id="filter-option--Kleine-Zalze-3438859" name="filter-option--Kleine-Zalze-3438859" type="checkbox"><label class="checkbox-label" for="filter-option--Kleine-Zalze-3438859" title="Kleine Zalze"><a class="filter-option--link" href="https://www.tesco.com/groceries/en-GB/shop/drinks/all?brand=Kleine%20Zalze&amp;viewAll=brand"><span class="checkbox-square checkbox-square-linked"></span><span class="checkbox-check icon-tick-white"></span><span class="visually-hidden">Filter by</span><span class="filter-label--line--inline">Kleine Zalze</span><span class="filter-label--line--inline">&nbsp;(2)</span></a></label></div></li><li class="filter-option__container" id="Kraken" data-auto="filter-option" data-auto-selected="false"><div class="checkbox" data-auto="checkbox"><input id="filter-option--Kraken-9627287" name="filter-option--Kraken-9627287" type="checkbox"><label class="checkbox-label" for="filter-option--Kraken-9627287" title="Kraken"><a class="filter-option--link" href="https://www.tesco.com/groceries/en-GB/shop/drinks/all?brand=Kraken&amp;viewAll=brand"><span class="checkbox-square checkbox-square-linked"></span><span class="checkbox-check icon-tick-white"></span><span class="visually-hidden">Filter by</span><span class="filter-label--line--inline">Kraken</span><span class="filter-label--line--inline">&nbsp;(2)</span></a></label></div></li><li class="filter-option__container" id="La Burgondie" data-auto="filter-option" data-auto-selected="false"><div class="checkbox" data-auto="checkbox"><input id="filter-option--La-Burgondie-8823891" name="filter-option--La-Burgondie-8823891" type="checkbox"><label class="checkbox-label" for="filter-option--La-Burgondie-8823891" title="La Burgondie"><a class="filter-option--link" href="https://www.tesco.com/groceries/en-GB/shop/drinks/all?brand=La%20Burgondie&amp;viewAll=brand"><span class="checkbox-square checkbox-square-linked"></span><span class="checkbox-check icon-tick-white"></span><span class="visually-hidden">Filter by</span><span class="filter-label--line--inline">La Burgondie</span><span class="filter-label--line--inline">&nbsp;(2)</span></a></label></div></li><li class="filter-option__container" id="La Gioiosa" data-auto="filter-option" data-auto-selected="false"><div class="checkbox" data-auto="checkbox"><input id="filter-option--La-Gioiosa-4240964" name="filter-option--La-Gioiosa-4240964" type="checkbox"><label class="checkbox-label" for="filter-option--La-Gioiosa-4240964" title="La Gioiosa"><a class="filter-option--link" href="https://www.tesco.com/groceries/en-GB/shop/drinks/all?brand=La%20Gioiosa&amp;viewAll=brand"><span class="checkbox-square checkbox-square-linked"></span><span class="checkbox-check icon-tick-white"></span><span class="visually-hidden">Filter by</span><span class="filter-label--line--inline">La Gioiosa</span><span class="filter-label--line--inline">&nbsp;(2)</span></a></label></div></li><li class="filter-option__container" id="Lambrini" data-auto="filter-option" data-auto-selected="false"><div class="checkbox" data-auto="checkbox"><input id="filter-option--Lambrini-1787306" name="filter-option--Lambrini-1787306" type="checkbox"><label class="checkbox-label" for="filter-option--Lambrini-1787306" title="Lambrini"><a class="filter-option--link" href="https://www.tesco.com/groceries/en-GB/shop/drinks/all?brand=Lambrini&amp;viewAll=brand"><span class="checkbox-square checkbox-square-linked"></span><span class="checkbox-check icon-tick-white"></span><span class="visually-hidden">Filter by</span><span class="filter-label--line--inline">Lambrini</span><span class="filter-label--line--inline">&nbsp;(2)</span></a></label></div></li><li class="filter-option__container" id="Lambs" data-auto="filter-option" data-auto-selected="false"><div class="checkbox" data-auto="checkbox"><input id="filter-option--Lambs-9499942" name="filter-option--Lambs-9499942" type="checkbox"><label class="checkbox-label" for="filter-option--Lambs-9499942" title="Lambs"><a class="filter-option--link" href="https://www.tesco.com/groceries/en-GB/shop/drinks/all?brand=Lambs&amp;viewAll=brand"><span class="checkbox-square checkbox-square-linked"></span><span class="checkbox-check icon-tick-white"></span><span class="visually-hidden">Filter by</span><span class="filter-label--line--inline">Lambs</span><span class="filter-label--line--inline">&nbsp;(2)</span></a></label></div></li><li class="filter-option__container" id="Laphroaig" data-auto="filter-option" data-auto-selected="false"><div class="checkbox" data-auto="checkbox"><input id="filter-option--Laphroaig-1960601" name="filter-option--Laphroaig-1960601" type="checkbox"><label class="checkbox-label" for="filter-option--Laphroaig-1960601" title="Laphroaig"><a class="filter-option--link" href="https://www.tesco.com/groceries/en-GB/shop/drinks/all?brand=Laphroaig&amp;viewAll=brand"><span class="checkbox-square checkbox-square-linked"></span><span class="checkbox-check icon-tick-white"></span><span class="visually-hidden">Filter by</span><span class="filter-label--line--inline">Laphroaig</span><span class="filter-label--line--inline">&nbsp;(2)</span></a></label></div></li><li class="filter-option__container" id="Las Moras" data-auto="filter-option" data-auto-selected="false"><div class="checkbox" data-auto="checkbox"><input id="filter-option--Las-Moras-318523" name="filter-option--Las-Moras-318523" type="checkbox"><label class="checkbox-label" for="filter-option--Las-Moras-318523" title="Las Moras"><a class="filter-option--link" href="https://www.tesco.com/groceries/en-GB/shop/drinks/all?brand=Las%20Moras&amp;viewAll=brand"><span class="checkbox-square checkbox-square-linked"></span><span class="checkbox-check icon-tick-white"></span><span class="visually-hidden">Filter by</span><span class="filter-label--line--inline">Las Moras</span><span class="filter-label--line--inline">&nbsp;(2)</span></a></label></div></li><li class="filter-option__container" id="Lift" data-auto="filter-option" data-auto-selected="false"><div class="checkbox" data-auto="checkbox"><input id="filter-option--Lift-8077484" name="filter-option--Lift-8077484" type="checkbox"><label class="checkbox-label" for="filter-option--Lift-8077484" title="Lift"><a class="filter-option--link" href="https://www.tesco.com/groceries/en-GB/shop/drinks/all?brand=Lift&amp;viewAll=brand"><span class="checkbox-square checkbox-square-linked"></span><span class="checkbox-check icon-tick-white"></span><span class="visually-hidden">Filter by</span><span class="filter-label--line--inline">Lift</span><span class="filter-label--line--inline">&nbsp;(2)</span></a></label></div></li><li class="filter-option__container" id="Limehouse" data-auto="filter-option" data-auto-selected="false"><div class="checkbox" data-auto="checkbox"><input id="filter-option--Limehouse-7022616" name="filter-option--Limehouse-7022616" type="checkbox"><label class="checkbox-label" for="filter-option--Limehouse-7022616" title="Limehouse"><a class="filter-option--link" href="https://www.tesco.com/groceries/en-GB/shop/drinks/all?brand=Limehouse&amp;viewAll=brand"><span class="checkbox-square checkbox-square-linked"></span><span class="checkbox-check icon-tick-white"></span><span class="visually-hidden">Filter by</span><span class="filter-label--line--inline">Limehouse</span><span class="filter-label--line--inline">&nbsp;(2)</span></a></label></div></li><li class="filter-option__container" id="Local Abbot Ale" data-auto="filter-option" data-auto-selected="false"><div class="checkbox" data-auto="checkbox"><input id="filter-option--Local-Abbot-Ale-6562140" name="filter-option--Local-Abbot-Ale-6562140" type="checkbox"><label class="checkbox-label" for="filter-option--Local-Abbot-Ale-6562140" title="Local Abbot Ale"><a class="filter-option--link" href="https://www.tesco.com/groceries/en-GB/shop/drinks/all?brand=Local%20Abbot%20Ale&amp;viewAll=brand"><span class="checkbox-square checkbox-square-linked"></span><span class="checkbox-check icon-tick-white"></span><span class="visually-hidden">Filter by</span><span class="filter-label--line--block">Local Abbot</span><span class="filter-label--line--inline filter-label--line--truncate">Ale</span><span class="filter-label--line--inline">&nbsp;(2)</span></a></label></div></li><li class="filter-option__container" id="London Beer Fact" data-auto="filter-option" data-auto-selected="false"><div class="checkbox" data-auto="checkbox"><input id="filter-option--London-Beer-Fact-1091029" name="filter-option--London-Beer-Fact-1091029" type="checkbox"><label class="checkbox-label" for="filter-option--London-Beer-Fact-1091029" title="London Beer Fact"><a class="filter-option--link" href="https://www.tesco.com/groceries/en-GB/shop/drinks/all?brand=London%20Beer%20Fact&amp;viewAll=brand"><span class="checkbox-square checkbox-square-linked"></span><span class="checkbox-check icon-tick-white"></span><span class="visually-hidden">Filter by</span><span class="filter-label--line--block">London Beer</span><span class="filter-label--line--inline filter-label--line--truncate">Fact</span><span class="filter-label--line--inline">&nbsp;(2)</span></a></label></div></li><li class="filter-option__container" id="Lucky Saint" data-auto="filter-option" data-auto-selected="false"><div class="checkbox" data-auto="checkbox"><input id="filter-option--Lucky-Saint-8130224" name="filter-option--Lucky-Saint-8130224" type="checkbox"><label class="checkbox-label" for="filter-option--Lucky-Saint-8130224" title="Lucky Saint"><a class="filter-option--link" href="https://www.tesco.com/groceries/en-GB/shop/drinks/all?brand=Lucky%20Saint&amp;viewAll=brand"><span class="checkbox-square checkbox-square-linked"></span><span class="checkbox-check icon-tick-white"></span><span class="visually-hidden">Filter by</span><span class="filter-label--line--inline">Lucky Saint</span><span class="filter-label--line--inline">&nbsp;(2)</span></a></label></div></li><li class="filter-option__container" id="M" data-auto="filter-option" data-auto-selected="false"><div class="checkbox" data-auto="checkbox"><input id="filter-option--M-2149918" name="filter-option--M-2149918" type="checkbox"><label class="checkbox-label" for="filter-option--M-2149918" title="M"><a class="filter-option--link" href="https://www.tesco.com/groceries/en-GB/shop/drinks/all?brand=M&amp;viewAll=brand"><span class="checkbox-square checkbox-square-linked"></span><span class="checkbox-check icon-tick-white"></span><span class="visually-hidden">Filter by</span><span class="filter-label--line--inline">M</span><span class="filter-label--line--inline">&nbsp;(2)</span></a></label></div></li><li class="filter-option__container" id="Mad Fish" data-auto="filter-option" data-auto-selected="false"><div class="checkbox" data-auto="checkbox"><input id="filter-option--Mad-Fish-4626855" name="filter-option--Mad-Fish-4626855" type="checkbox"><label class="checkbox-label" for="filter-option--Mad-Fish-4626855" title="Mad Fish"><a class="filter-option--link" href="https://www.tesco.com/groceries/en-GB/shop/drinks/all?brand=Mad%20Fish&amp;viewAll=brand"><span class="checkbox-square checkbox-square-linked"></span><span class="checkbox-check icon-tick-white"></span><span class="visually-hidden">Filter by</span><span class="filter-label--line--inline">Mad Fish</span><span class="filter-label--line--inline">&nbsp;(2)</span></a></label></div></li><li class="filter-option__container" id="Malfy" data-auto="filter-option" data-auto-selected="false"><div class="checkbox" data-auto="checkbox"><input id="filter-option--Malfy-3132610" name="filter-option--Malfy-3132610" type="checkbox"><label class="checkbox-label" for="filter-option--Malfy-3132610" title="Malfy"><a class="filter-option--link" href="https://www.tesco.com/groceries/en-GB/shop/drinks/all?brand=Malfy&amp;viewAll=brand"><span class="checkbox-square checkbox-square-linked"></span><span class="checkbox-check icon-tick-white"></span><span class="visually-hidden">Filter by</span><span class="filter-label--line--inline">Malfy</span><span class="filter-label--line--inline">&nbsp;(2)</span></a></label></div></li><li class="filter-option__container" id="Melini" data-auto="filter-option" data-auto-selected="false"><div class="checkbox" data-auto="checkbox"><input id="filter-option--Melini-4272958" name="filter-option--Melini-4272958" type="checkbox"><label class="checkbox-label" for="filter-option--Melini-4272958" title="Melini"><a class="filter-option--link" href="https://www.tesco.com/groceries/en-GB/shop/drinks/all?brand=Melini&amp;viewAll=brand"><span class="checkbox-square checkbox-square-linked"></span><span class="checkbox-check icon-tick-white"></span><span class="visually-hidden">Filter by</span><span class="filter-label--line--inline">Melini</span><span class="filter-label--line--inline">&nbsp;(2)</span></a></label></div></li><li class="filter-option__container" id="Mermaid Gin" data-auto="filter-option" data-auto-selected="false"><div class="checkbox" data-auto="checkbox"><input id="filter-option--Mermaid-Gin-6875052" name="filter-option--Mermaid-Gin-6875052" type="checkbox"><label class="checkbox-label" for="filter-option--Mermaid-Gin-6875052" title="Mermaid Gin"><a class="filter-option--link" href="https://www.tesco.com/groceries/en-GB/shop/drinks/all?brand=Mermaid%20Gin&amp;viewAll=brand"><span class="checkbox-square checkbox-square-linked"></span><span class="checkbox-check icon-tick-white"></span><span class="visually-hidden">Filter by</span><span class="filter-label--line--inline">Mermaid Gin</span><span class="filter-label--line--inline">&nbsp;(2)</span></a></label></div></li><li class="filter-option__container" id="Miami Cocktail Co." data-auto="filter-option" data-auto-selected="false"><div class="checkbox" data-auto="checkbox"><input id="filter-option--Miami-Cocktail-Co.-8152180" name="filter-option--Miami-Cocktail-Co.-8152180" type="checkbox"><label class="checkbox-label" for="filter-option--Miami-Cocktail-Co.-8152180" title="Miami Cocktail Co."><a class="filter-option--link" href="https://www.tesco.com/groceries/en-GB/shop/drinks/all?brand=Miami%20Cocktail%20Co.&amp;viewAll=brand"><span class="checkbox-square checkbox-square-linked"></span><span class="checkbox-check icon-tick-white"></span><span class="visually-hidden">Filter by</span><span class="filter-label--line--block">Miami Cocktail</span><span class="filter-label--line--inline filter-label--line--truncate">Co.</span><span class="filter-label--line--inline">&nbsp;(2)</span></a></label></div></li><li class="filter-option__container" id="Mionetto" data-auto="filter-option" data-auto-selected="false"><div class="checkbox" data-auto="checkbox"><input id="filter-option--Mionetto-3642831" name="filter-option--Mionetto-3642831" type="checkbox"><label class="checkbox-label" for="filter-option--Mionetto-3642831" title="Mionetto"><a class="filter-option--link" href="https://www.tesco.com/groceries/en-GB/shop/drinks/all?brand=Mionetto&amp;viewAll=brand"><span class="checkbox-square checkbox-square-linked"></span><span class="checkbox-check icon-tick-white"></span><span class="visually-hidden">Filter by</span><span class="filter-label--line--inline">Mionetto</span><span class="filter-label--line--inline">&nbsp;(2)</span></a></label></div></li><li class="filter-option__container" id="Mirabeau" data-auto="filter-option" data-auto-selected="false"><div class="checkbox" data-auto="checkbox"><input id="filter-option--Mirabeau-6170452" name="filter-option--Mirabeau-6170452" type="checkbox"><label class="checkbox-label" for="filter-option--Mirabeau-6170452" title="Mirabeau"><a class="filter-option--link" href="https://www.tesco.com/groceries/en-GB/shop/drinks/all?brand=Mirabeau&amp;viewAll=brand"><span class="checkbox-square checkbox-square-linked"></span><span class="checkbox-check icon-tick-white"></span><span class="visually-hidden">Filter by</span><span class="filter-label--line--inline">Mirabeau</span><span class="filter-label--line--inline">&nbsp;(2)</span></a></label></div></li><li class="filter-option__container" id="Miraval" data-auto="filter-option" data-auto-selected="false"><div class="checkbox" data-auto="checkbox"><input id="filter-option--Miraval-1639627" name="filter-option--Miraval-1639627" type="checkbox"><label class="checkbox-label" for="filter-option--Miraval-1639627" title="Miraval"><a class="filter-option--link" href="https://www.tesco.com/groceries/en-GB/shop/drinks/all?brand=Miraval&amp;viewAll=brand"><span class="checkbox-square checkbox-square-linked"></span><span class="checkbox-check icon-tick-white"></span><span class="visually-hidden">Filter by</span><span class="filter-label--line--inline">Miraval</span><span class="filter-label--line--inline">&nbsp;(2)</span></a></label></div></li><li class="filter-option__container" id="Monin" data-auto="filter-option" data-auto-selected="false"><div class="checkbox" data-auto="checkbox"><input id="filter-option--Monin-3680631" name="filter-option--Monin-3680631" type="checkbox"><label class="checkbox-label" for="filter-option--Monin-3680631" title="Monin"><a class="filter-option--link" href="https://www.tesco.com/groceries/en-GB/shop/drinks/all?brand=Monin&amp;viewAll=brand"><span class="checkbox-square checkbox-square-linked"></span><span class="checkbox-check icon-tick-white"></span><span class="visually-hidden">Filter by</span><span class="filter-label--line--inline">Monin</span><span class="filter-label--line--inline">&nbsp;(2)</span></a></label></div></li><li class="filter-option__container" id="Montes" data-auto="filter-option" data-auto-selected="false"><div class="checkbox" data-auto="checkbox"><input id="filter-option--Montes-3135841" name="filter-option--Montes-3135841" type="checkbox"><label class="checkbox-label" for="filter-option--Montes-3135841" title="Montes"><a class="filter-option--link" href="https://www.tesco.com/groceries/en-GB/shop/drinks/all?brand=Montes&amp;viewAll=brand"><span class="checkbox-square checkbox-square-linked"></span><span class="checkbox-check icon-tick-white"></span><span class="visually-hidden">Filter by</span><span class="filter-label--line--inline">Montes</span><span class="filter-label--line--inline">&nbsp;(2)</span></a></label></div></li><li class="filter-option__container" id="Mountain Vineyar" data-auto="filter-option" data-auto-selected="false"><div class="checkbox" data-auto="checkbox"><input id="filter-option--Mountain-Vineyar-3159088" name="filter-option--Mountain-Vineyar-3159088" type="checkbox"><label class="checkbox-label" for="filter-option--Mountain-Vineyar-3159088" title="Mountain Vineyar"><a class="filter-option--link" href="https://www.tesco.com/groceries/en-GB/shop/drinks/all?brand=Mountain%20Vineyar&amp;viewAll=brand"><span class="checkbox-square checkbox-square-linked"></span><span class="checkbox-check icon-tick-white"></span><span class="visually-hidden">Filter by</span><span class="filter-label--line--block">Mountain</span><span class="filter-label--line--inline filter-label--line--truncate">Vineyar</span><span class="filter-label--line--inline">&nbsp;(2)</span></a></label></div></li><li class="filter-option__container" id="Mucho Mas" data-auto="filter-option" data-auto-selected="false"><div class="checkbox" data-auto="checkbox"><input id="filter-option--Mucho-Mas-6796991" name="filter-option--Mucho-Mas-6796991" type="checkbox"><label class="checkbox-label" for="filter-option--Mucho-Mas-6796991" title="Mucho Mas"><a class="filter-option--link" href="https://www.tesco.com/groceries/en-GB/shop/drinks/all?brand=Mucho%20Mas&amp;viewAll=brand"><span class="checkbox-square checkbox-square-linked"></span><span class="checkbox-check icon-tick-white"></span><span class="visually-hidden">Filter by</span><span class="filter-label--line--inline">Mucho Mas</span><span class="filter-label--line--inline">&nbsp;(2)</span></a></label></div></li><li class="filter-option__container" id="Newcastle Brown" data-auto="filter-option" data-auto-selected="false"><div class="checkbox" data-auto="checkbox"><input id="filter-option--Newcastle-Brown-9061822" name="filter-option--Newcastle-Brown-9061822" type="checkbox"><label class="checkbox-label" for="filter-option--Newcastle-Brown-9061822" title="Newcastle Brown"><a class="filter-option--link" href="https://www.tesco.com/groceries/en-GB/shop/drinks/all?brand=Newcastle%20Brown&amp;viewAll=brand"><span class="checkbox-square checkbox-square-linked"></span><span class="checkbox-check icon-tick-white"></span><span class="visually-hidden">Filter by</span><span class="filter-label--line--block">Newcastle</span><span class="filter-label--line--inline filter-label--line--truncate">Brown</span><span class="filter-label--line--inline">&nbsp;(2)</span></a></label></div></li><li class="filter-option__container" id="Nozeco" data-auto="filter-option" data-auto-selected="false"><div class="checkbox" data-auto="checkbox"><input id="filter-option--Nozeco-6627664" name="filter-option--Nozeco-6627664" type="checkbox"><label class="checkbox-label" for="filter-option--Nozeco-6627664" title="Nozeco"><a class="filter-option--link" href="https://www.tesco.com/groceries/en-GB/shop/drinks/all?brand=Nozeco&amp;viewAll=brand"><span class="checkbox-square checkbox-square-linked"></span><span class="checkbox-check icon-tick-white"></span><span class="visually-hidden">Filter by</span><span class="filter-label--line--inline">Nozeco</span><span class="filter-label--line--inline">&nbsp;(2)</span></a></label></div></li><li class="filter-option__container" id="Olmeca" data-auto="filter-option" data-auto-selected="false"><div class="checkbox" data-auto="checkbox"><input id="filter-option--Olmeca-6832777" name="filter-option--Olmeca-6832777" type="checkbox"><label class="checkbox-label" for="filter-option--Olmeca-6832777" title="Olmeca"><a class="filter-option--link" href="https://www.tesco.com/groceries/en-GB/shop/drinks/all?brand=Olmeca&amp;viewAll=brand"><span class="checkbox-square checkbox-square-linked"></span><span class="checkbox-check icon-tick-white"></span><span class="visually-hidden">Filter by</span><span class="filter-label--line--inline">Olmeca</span><span class="filter-label--line--inline">&nbsp;(2)</span></a></label></div></li><li class="filter-option__container" id="Opihr" data-auto="filter-option" data-auto-selected="false"><div class="checkbox" data-auto="checkbox"><input id="filter-option--Opihr-7286763" name="filter-option--Opihr-7286763" type="checkbox"><label class="checkbox-label" for="filter-option--Opihr-7286763" title="Opihr"><a class="filter-option--link" href="https://www.tesco.com/groceries/en-GB/shop/drinks/all?brand=Opihr&amp;viewAll=brand"><span class="checkbox-square checkbox-square-linked"></span><span class="checkbox-check icon-tick-white"></span><span class="visually-hidden">Filter by</span><span class="filter-label--line--inline">Opihr</span><span class="filter-label--line--inline">&nbsp;(2)</span></a></label></div></li><li class="filter-option__container" id="Ovaltine" data-auto="filter-option" data-auto-selected="false"><div class="checkbox" data-auto="checkbox"><input id="filter-option--Ovaltine-2729884" name="filter-option--Ovaltine-2729884" type="checkbox"><label class="checkbox-label" for="filter-option--Ovaltine-2729884" title="Ovaltine"><a class="filter-option--link" href="https://www.tesco.com/groceries/en-GB/shop/drinks/all?brand=Ovaltine&amp;viewAll=brand"><span class="checkbox-square checkbox-square-linked"></span><span class="checkbox-check icon-tick-white"></span><span class="visually-hidden">Filter by</span><span class="filter-label--line--inline">Ovaltine</span><span class="filter-label--line--inline">&nbsp;(2)</span></a></label></div></li><li class="filter-option__container" id="Oyster Bay" data-auto="filter-option" data-auto-selected="false"><div class="checkbox" data-auto="checkbox"><input id="filter-option--Oyster-Bay-448983" name="filter-option--Oyster-Bay-448983" type="checkbox"><label class="checkbox-label" for="filter-option--Oyster-Bay-448983" title="Oyster Bay"><a class="filter-option--link" href="https://www.tesco.com/groceries/en-GB/shop/drinks/all?brand=Oyster%20Bay&amp;viewAll=brand"><span class="checkbox-square checkbox-square-linked"></span><span class="checkbox-check icon-tick-white"></span><span class="visually-hidden">Filter by</span><span class="filter-label--line--inline">Oyster Bay</span><span class="filter-label--line--inline">&nbsp;(2)</span></a></label></div></li><li class="filter-option__container" id="Palais St Vigni" data-auto="filter-option" data-auto-selected="false"><div class="checkbox" data-auto="checkbox"><input id="filter-option--Palais-St-Vigni-2817118" name="filter-option--Palais-St-Vigni-2817118" type="checkbox"><label class="checkbox-label" for="filter-option--Palais-St-Vigni-2817118" title="Palais St Vigni"><a class="filter-option--link" href="https://www.tesco.com/groceries/en-GB/shop/drinks/all?brand=Palais%20St%20Vigni&amp;viewAll=brand"><span class="checkbox-square checkbox-square-linked"></span><span class="checkbox-check icon-tick-white"></span><span class="visually-hidden">Filter by</span><span class="filter-label--line--block">Palais St</span><span class="filter-label--line--inline filter-label--line--truncate">Vigni</span><span class="filter-label--line--inline">&nbsp;(2)</span></a></label></div></li><li class="filter-option__container" id="Pepperbox" data-auto="filter-option" data-auto-selected="false"><div class="checkbox" data-auto="checkbox"><input id="filter-option--Pepperbox-435002" name="filter-option--Pepperbox-435002" type="checkbox"><label class="checkbox-label" for="filter-option--Pepperbox-435002" title="Pepperbox"><a class="filter-option--link" href="https://www.tesco.com/groceries/en-GB/shop/drinks/all?brand=Pepperbox&amp;viewAll=brand"><span class="checkbox-square checkbox-square-linked"></span><span class="checkbox-check icon-tick-white"></span><span class="visually-hidden">Filter by</span><span class="filter-label--line--inline">Pepperbox</span><span class="filter-label--line--inline">&nbsp;(2)</span></a></label></div></li><li class="filter-option__container" id="Por Do Soleil" data-auto="filter-option" data-auto-selected="false"><div class="checkbox" data-auto="checkbox"><input id="filter-option--Por-Do-Soleil-7742258" name="filter-option--Por-Do-Soleil-7742258" type="checkbox"><label class="checkbox-label" for="filter-option--Por-Do-Soleil-7742258" title="Por Do Soleil"><a class="filter-option--link" href="https://www.tesco.com/groceries/en-GB/shop/drinks/all?brand=Por%20Do%20Soleil&amp;viewAll=brand"><span class="checkbox-square checkbox-square-linked"></span><span class="checkbox-check icon-tick-white"></span><span class="visually-hidden">Filter by</span><span class="filter-label--line--inline">Por Do Soleil</span><span class="filter-label--line--inline">&nbsp;(2)</span></a></label></div></li><li class="filter-option__container" id="Porcupine Ridge" data-auto="filter-option" data-auto-selected="false"><div class="checkbox" data-auto="checkbox"><input id="filter-option--Porcupine-Ridge-8181646" name="filter-option--Porcupine-Ridge-8181646" type="checkbox"><label class="checkbox-label" for="filter-option--Porcupine-Ridge-8181646" title="Porcupine Ridge"><a class="filter-option--link" href="https://www.tesco.com/groceries/en-GB/shop/drinks/all?brand=Porcupine%20Ridge&amp;viewAll=brand"><span class="checkbox-square checkbox-square-linked"></span><span class="checkbox-check icon-tick-white"></span><span class="visually-hidden">Filter by</span><span class="filter-label--line--block">Porcupine</span><span class="filter-label--line--inline filter-label--line--truncate">Ridge</span><span class="filter-label--line--inline">&nbsp;(2)</span></a></label></div></li><li class="filter-option__container" id="Prospero" data-auto="filter-option" data-auto-selected="false"><div class="checkbox" data-auto="checkbox"><input id="filter-option--Prospero-8388128" name="filter-option--Prospero-8388128" type="checkbox"><label class="checkbox-label" for="filter-option--Prospero-8388128" title="Prospero"><a class="filter-option--link" href="https://www.tesco.com/groceries/en-GB/shop/drinks/all?brand=Prospero&amp;viewAll=brand"><span class="checkbox-square checkbox-square-linked"></span><span class="checkbox-check icon-tick-white"></span><span class="visually-hidden">Filter by</span><span class="filter-label--line--inline">Prospero</span><span class="filter-label--line--inline">&nbsp;(2)</span></a></label></div></li><li class="filter-option__container" id="Purevia" data-auto="filter-option" data-auto-selected="false"><div class="checkbox" data-auto="checkbox"><input id="filter-option--Purevia-9493800" name="filter-option--Purevia-9493800" type="checkbox"><label class="checkbox-label" for="filter-option--Purevia-9493800" title="Purevia"><a class="filter-option--link" href="https://www.tesco.com/groceries/en-GB/shop/drinks/all?brand=Purevia&amp;viewAll=brand"><span class="checkbox-square checkbox-square-linked"></span><span class="checkbox-check icon-tick-white"></span><span class="visually-hidden">Filter by</span><span class="filter-label--line--inline">Purevia</span><span class="filter-label--line--inline">&nbsp;(2)</span></a></label></div></li><li class="filter-option__container" id="Quarterpast" data-auto="filter-option" data-auto-selected="false"><div class="checkbox" data-auto="checkbox"><input id="filter-option--Quarterpast-5932301" name="filter-option--Quarterpast-5932301" type="checkbox"><label class="checkbox-label" for="filter-option--Quarterpast-5932301" title="Quarterpast"><a class="filter-option--link" href="https://www.tesco.com/groceries/en-GB/shop/drinks/all?brand=Quarterpast&amp;viewAll=brand"><span class="checkbox-square checkbox-square-linked"></span><span class="checkbox-check icon-tick-white"></span><span class="visually-hidden">Filter by</span><span class="filter-label--line--inline">Quarterpast</span><span class="filter-label--line--inline">&nbsp;(2)</span></a></label></div></li><li class="filter-option__container" id="Ramon Bilbao" data-auto="filter-option" data-auto-selected="false"><div class="checkbox" data-auto="checkbox"><input id="filter-option--Ramon-Bilbao-5253794" name="filter-option--Ramon-Bilbao-5253794" type="checkbox"><label class="checkbox-label" for="filter-option--Ramon-Bilbao-5253794" title="Ramon Bilbao"><a class="filter-option--link" href="https://www.tesco.com/groceries/en-GB/shop/drinks/all?brand=Ramon%20Bilbao&amp;viewAll=brand"><span class="checkbox-square checkbox-square-linked"></span><span class="checkbox-check icon-tick-white"></span><span class="visually-hidden">Filter by</span><span class="filter-label--line--inline">Ramon Bilbao</span><span class="filter-label--line--inline">&nbsp;(2)</span></a></label></div></li><li class="filter-option__container" id="Redleg" data-auto="filter-option" data-auto-selected="false"><div class="checkbox" data-auto="checkbox"><input id="filter-option--Redleg-3580374" name="filter-option--Redleg-3580374" type="checkbox"><label class="checkbox-label" for="filter-option--Redleg-3580374" title="Redleg"><a class="filter-option--link" href="https://www.tesco.com/groceries/en-GB/shop/drinks/all?brand=Redleg&amp;viewAll=brand"><span class="checkbox-square checkbox-square-linked"></span><span class="checkbox-check icon-tick-white"></span><span class="visually-hidden">Filter by</span><span class="filter-label--line--inline">Redleg</span><span class="filter-label--line--inline">&nbsp;(2)</span></a></label></div></li><li class="filter-option__container" id="Rocca Alata" data-auto="filter-option" data-auto-selected="false"><div class="checkbox" data-auto="checkbox"><input id="filter-option--Rocca-Alata-52705" name="filter-option--Rocca-Alata-52705" type="checkbox"><label class="checkbox-label" for="filter-option--Rocca-Alata-52705" title="Rocca Alata"><a class="filter-option--link" href="https://www.tesco.com/groceries/en-GB/shop/drinks/all?brand=Rocca%20Alata&amp;viewAll=brand"><span class="checkbox-square checkbox-square-linked"></span><span class="checkbox-check icon-tick-white"></span><span class="visually-hidden">Filter by</span><span class="filter-label--line--inline">Rocca Alata</span><span class="filter-label--line--inline">&nbsp;(2)</span></a></label></div></li><li class="filter-option__container" id="Rocks" data-auto="filter-option" data-auto-selected="false"><div class="checkbox" data-auto="checkbox"><input id="filter-option--Rocks-8499418" name="filter-option--Rocks-8499418" type="checkbox"><label class="checkbox-label" for="filter-option--Rocks-8499418" title="Rocks"><a class="filter-option--link" href="https://www.tesco.com/groceries/en-GB/shop/drinks/all?brand=Rocks&amp;viewAll=brand"><span class="checkbox-square checkbox-square-linked"></span><span class="checkbox-check icon-tick-white"></span><span class="visually-hidden">Filter by</span><span class="filter-label--line--inline">Rocks</span><span class="filter-label--line--inline">&nbsp;(2)</span></a></label></div></li><li class="filter-option__container" id="Santiago De Cuba" data-auto="filter-option" data-auto-selected="false"><div class="checkbox" data-auto="checkbox"><input id="filter-option--Santiago-De-Cuba-4001661" name="filter-option--Santiago-De-Cuba-4001661" type="checkbox"><label class="checkbox-label" for="filter-option--Santiago-De-Cuba-4001661" title="Santiago De Cuba"><a class="filter-option--link" href="https://www.tesco.com/groceries/en-GB/shop/drinks/all?brand=Santiago%20De%20Cuba&amp;viewAll=brand"><span class="checkbox-square checkbox-square-linked"></span><span class="checkbox-check icon-tick-white"></span><span class="visually-hidden">Filter by</span><span class="filter-label--line--block">Santiago De</span><span class="filter-label--line--inline filter-label--line--truncate">Cuba</span><span class="filter-label--line--inline">&nbsp;(2)</span></a></label></div></li><li class="filter-option__container" id="Shallow Bay" data-auto="filter-option" data-auto-selected="false"><div class="checkbox" data-auto="checkbox"><input id="filter-option--Shallow-Bay-5348861" name="filter-option--Shallow-Bay-5348861" type="checkbox"><label class="checkbox-label" for="filter-option--Shallow-Bay-5348861" title="Shallow Bay"><a class="filter-option--link" href="https://www.tesco.com/groceries/en-GB/shop/drinks/all?brand=Shallow%20Bay&amp;viewAll=brand"><span class="checkbox-square checkbox-square-linked"></span><span class="checkbox-check icon-tick-white"></span><span class="visually-hidden">Filter by</span><span class="filter-label--line--inline">Shallow Bay</span><span class="filter-label--line--inline">&nbsp;(2)</span></a></label></div></li><li class="filter-option__container" id="Sierra Nevada" data-auto="filter-option" data-auto-selected="false"><div class="checkbox" data-auto="checkbox"><input id="filter-option--Sierra-Nevada-9878652" name="filter-option--Sierra-Nevada-9878652" type="checkbox"><label class="checkbox-label" for="filter-option--Sierra-Nevada-9878652" title="Sierra Nevada"><a class="filter-option--link" href="https://www.tesco.com/groceries/en-GB/shop/drinks/all?brand=Sierra%20Nevada&amp;viewAll=brand"><span class="checkbox-square checkbox-square-linked"></span><span class="checkbox-check icon-tick-white"></span><span class="visually-hidden">Filter by</span><span class="filter-label--line--inline">Sierra Nevada</span><span class="filter-label--line--inline">&nbsp;(2)</span></a></label></div></li><li class="filter-option__container" id="Soffio" data-auto="filter-option" data-auto-selected="false"><div class="checkbox" data-auto="checkbox"><input id="filter-option--Soffio-2965219" name="filter-option--Soffio-2965219" type="checkbox"><label class="checkbox-label" for="filter-option--Soffio-2965219" title="Soffio"><a class="filter-option--link" href="https://www.tesco.com/groceries/en-GB/shop/drinks/all?brand=Soffio&amp;viewAll=brand"><span class="checkbox-square checkbox-square-linked"></span><span class="checkbox-check icon-tick-white"></span><span class="visually-hidden">Filter by</span><span class="filter-label--line--inline">Soffio</span><span class="filter-label--line--inline">&nbsp;(2)</span></a></label></div></li><li class="filter-option__container" id="Splenda" data-auto="filter-option" data-auto-selected="false"><div class="checkbox" data-auto="checkbox"><input id="filter-option--Splenda-2779319" name="filter-option--Splenda-2779319" type="checkbox"><label class="checkbox-label" for="filter-option--Splenda-2779319" title="Splenda"><a class="filter-option--link" href="https://www.tesco.com/groceries/en-GB/shop/drinks/all?brand=Splenda&amp;viewAll=brand"><span class="checkbox-square checkbox-square-linked"></span><span class="checkbox-check icon-tick-white"></span><span class="visually-hidden">Filter by</span><span class="filter-label--line--inline">Splenda</span><span class="filter-label--line--inline">&nbsp;(2)</span></a></label></div></li><li class="filter-option__container" id="Strykk" data-auto="filter-option" data-auto-selected="false"><div class="checkbox" data-auto="checkbox"><input id="filter-option--Strykk-4689577" name="filter-option--Strykk-4689577" type="checkbox"><label class="checkbox-label" for="filter-option--Strykk-4689577" title="Strykk"><a class="filter-option--link" href="https://www.tesco.com/groceries/en-GB/shop/drinks/all?brand=Strykk&amp;viewAll=brand"><span class="checkbox-square checkbox-square-linked"></span><span class="checkbox-check icon-tick-white"></span><span class="visually-hidden">Filter by</span><span class="filter-label--line--inline">Strykk</span><span class="filter-label--line--inline">&nbsp;(2)</span></a></label></div></li><li class="filter-option__container" id="Taittinger" data-auto="filter-option" data-auto-selected="false"><div class="checkbox" data-auto="checkbox"><input id="filter-option--Taittinger-4281220" name="filter-option--Taittinger-4281220" type="checkbox"><label class="checkbox-label" for="filter-option--Taittinger-4281220" title="Taittinger"><a class="filter-option--link" href="https://www.tesco.com/groceries/en-GB/shop/drinks/all?brand=Taittinger&amp;viewAll=brand"><span class="checkbox-square checkbox-square-linked"></span><span class="checkbox-check icon-tick-white"></span><span class="visually-hidden">Filter by</span><span class="filter-label--line--inline">Taittinger</span><span class="filter-label--line--inline">&nbsp;(2)</span></a></label></div></li><li class="filter-option__container" id="Talisker" data-auto="filter-option" data-auto-selected="false"><div class="checkbox" data-auto="checkbox"><input id="filter-option--Talisker-1150718" name="filter-option--Talisker-1150718" type="checkbox"><label class="checkbox-label" for="filter-option--Talisker-1150718" title="Talisker"><a class="filter-option--link" href="https://www.tesco.com/groceries/en-GB/shop/drinks/all?brand=Talisker&amp;viewAll=brand"><span class="checkbox-square checkbox-square-linked"></span><span class="checkbox-check icon-tick-white"></span><span class="visually-hidden">Filter by</span><span class="filter-label--line--inline">Talisker</span><span class="filter-label--line--inline">&nbsp;(2)</span></a></label></div></li><li class="filter-option__container" id="Tempus Two" data-auto="filter-option" data-auto-selected="false"><div class="checkbox" data-auto="checkbox"><input id="filter-option--Tempus-Two-4755303" name="filter-option--Tempus-Two-4755303" type="checkbox"><label class="checkbox-label" for="filter-option--Tempus-Two-4755303" title="Tempus Two"><a class="filter-option--link" href="https://www.tesco.com/groceries/en-GB/shop/drinks/all?brand=Tempus%20Two&amp;viewAll=brand"><span class="checkbox-square checkbox-square-linked"></span><span class="checkbox-check icon-tick-white"></span><span class="visually-hidden">Filter by</span><span class="filter-label--line--inline">Tempus Two</span><span class="filter-label--line--inline">&nbsp;(2)</span></a></label></div></li><li class="filter-option__container" id="The Duppy Share" data-auto="filter-option" data-auto-selected="false"><div class="checkbox" data-auto="checkbox"><input id="filter-option--The-Duppy-Share-8984767" name="filter-option--The-Duppy-Share-8984767" type="checkbox"><label class="checkbox-label" for="filter-option--The-Duppy-Share-8984767" title="The Duppy Share"><a class="filter-option--link" href="https://www.tesco.com/groceries/en-GB/shop/drinks/all?brand=The%20Duppy%20Share&amp;viewAll=brand"><span class="checkbox-square checkbox-square-linked"></span><span class="checkbox-check icon-tick-white"></span><span class="visually-hidden">Filter by</span><span class="filter-label--line--block">The Duppy</span><span class="filter-label--line--inline filter-label--line--truncate">Share</span><span class="filter-label--line--inline">&nbsp;(2)</span></a></label></div></li><li class="filter-option__container" id="The Fair Mile" data-auto="filter-option" data-auto-selected="false"><div class="checkbox" data-auto="checkbox"><input id="filter-option--The-Fair-Mile-1096930" name="filter-option--The-Fair-Mile-1096930" type="checkbox"><label class="checkbox-label" for="filter-option--The-Fair-Mile-1096930" title="The Fair Mile"><a class="filter-option--link" href="https://www.tesco.com/groceries/en-GB/shop/drinks/all?brand=The%20Fair%20Mile&amp;viewAll=brand"><span class="checkbox-square checkbox-square-linked"></span><span class="checkbox-check icon-tick-white"></span><span class="visually-hidden">Filter by</span><span class="filter-label--line--inline">The Fair Mile</span><span class="filter-label--line--inline">&nbsp;(2)</span></a></label></div></li><li class="filter-option__container" id="Three Barrels" data-auto="filter-option" data-auto-selected="false"><div class="checkbox" data-auto="checkbox"><input id="filter-option--Three-Barrels-5750285" name="filter-option--Three-Barrels-5750285" type="checkbox"><label class="checkbox-label" for="filter-option--Three-Barrels-5750285" title="Three Barrels"><a class="filter-option--link" href="https://www.tesco.com/groceries/en-GB/shop/drinks/all?brand=Three%20Barrels&amp;viewAll=brand"><span class="checkbox-square checkbox-square-linked"></span><span class="checkbox-check icon-tick-white"></span><span class="visually-hidden">Filter by</span><span class="filter-label--line--inline">Three Barrels</span><span class="filter-label--line--inline">&nbsp;(2)</span></a></label></div></li><li class="filter-option__container" id="Tia Maria" data-auto="filter-option" data-auto-selected="false"><div class="checkbox" data-auto="checkbox"><input id="filter-option--Tia-Maria-5171624" name="filter-option--Tia-Maria-5171624" type="checkbox"><label class="checkbox-label" for="filter-option--Tia-Maria-5171624" title="Tia Maria"><a class="filter-option--link" href="https://www.tesco.com/groceries/en-GB/shop/drinks/all?brand=Tia%20Maria&amp;viewAll=brand"><span class="checkbox-square checkbox-square-linked"></span><span class="checkbox-check icon-tick-white"></span><span class="visually-hidden">Filter by</span><span class="filter-label--line--inline">Tia Maria</span><span class="filter-label--line--inline">&nbsp;(2)</span></a></label></div></li><li class="filter-option__container" id="Tim Adams" data-auto="filter-option" data-auto-selected="false"><div class="checkbox" data-auto="checkbox"><input id="filter-option--Tim-Adams-8829572" name="filter-option--Tim-Adams-8829572" type="checkbox"><label class="checkbox-label" for="filter-option--Tim-Adams-8829572" title="Tim Adams"><a class="filter-option--link" href="https://www.tesco.com/groceries/en-GB/shop/drinks/all?brand=Tim%20Adams&amp;viewAll=brand"><span class="checkbox-square checkbox-square-linked"></span><span class="checkbox-check icon-tick-white"></span><span class="visually-hidden">Filter by</span><span class="filter-label--line--inline">Tim Adams</span><span class="filter-label--line--inline">&nbsp;(2)</span></a></label></div></li><li class="filter-option__container" id="Tiny Rebel" data-auto="filter-option" data-auto-selected="false"><div class="checkbox" data-auto="checkbox"><input id="filter-option--Tiny-Rebel-5250660" name="filter-option--Tiny-Rebel-5250660" type="checkbox"><label class="checkbox-label" for="filter-option--Tiny-Rebel-5250660" title="Tiny Rebel"><a class="filter-option--link" href="https://www.tesco.com/groceries/en-GB/shop/drinks/all?brand=Tiny%20Rebel&amp;viewAll=brand"><span class="checkbox-square checkbox-square-linked"></span><span class="checkbox-check icon-tick-white"></span><span class="visually-hidden">Filter by</span><span class="filter-label--line--inline">Tiny Rebel</span><span class="filter-label--line--inline">&nbsp;(2)</span></a></label></div></li><li class="filter-option__container" id="Trapiche" data-auto="filter-option" data-auto-selected="false"><div class="checkbox" data-auto="checkbox"><input id="filter-option--Trapiche-4541431" name="filter-option--Trapiche-4541431" type="checkbox"><label class="checkbox-label" for="filter-option--Trapiche-4541431" title="Trapiche"><a class="filter-option--link" href="https://www.tesco.com/groceries/en-GB/shop/drinks/all?brand=Trapiche&amp;viewAll=brand"><span class="checkbox-square checkbox-square-linked"></span><span class="checkbox-check icon-tick-white"></span><span class="visually-hidden">Filter by</span><span class="filter-label--line--inline">Trapiche</span><span class="filter-label--line--inline">&nbsp;(2)</span></a></label></div></li><li class="filter-option__container" id="Truvia" data-auto="filter-option" data-auto-selected="false"><div class="checkbox" data-auto="checkbox"><input id="filter-option--Truvia-7380246" name="filter-option--Truvia-7380246" type="checkbox"><label class="checkbox-label" for="filter-option--Truvia-7380246" title="Truvia"><a class="filter-option--link" href="https://www.tesco.com/groceries/en-GB/shop/drinks/all?brand=Truvia&amp;viewAll=brand"><span class="checkbox-square checkbox-square-linked"></span><span class="checkbox-check icon-tick-white"></span><span class="visually-hidden">Filter by</span><span class="filter-label--line--inline">Truvia</span><span class="filter-label--line--inline">&nbsp;(2)</span></a></label></div></li><li class="filter-option__container" id="Tyskie" data-auto="filter-option" data-auto-selected="false"><div class="checkbox" data-auto="checkbox"><input id="filter-option--Tyskie-9593540" name="filter-option--Tyskie-9593540" type="checkbox"><label class="checkbox-label" for="filter-option--Tyskie-9593540" title="Tyskie"><a class="filter-option--link" href="https://www.tesco.com/groceries/en-GB/shop/drinks/all?brand=Tyskie&amp;viewAll=brand"><span class="checkbox-square checkbox-square-linked"></span><span class="checkbox-check icon-tick-white"></span><span class="visually-hidden">Filter by</span><span class="filter-label--line--inline">Tyskie</span><span class="filter-label--line--inline">&nbsp;(2)</span></a></label></div></li><li class="filter-option__container" id="Uvc" data-auto="filter-option" data-auto-selected="false"><div class="checkbox" data-auto="checkbox"><input id="filter-option--Uvc-7201186" name="filter-option--Uvc-7201186" type="checkbox"><label class="checkbox-label" for="filter-option--Uvc-7201186" title="Uvc"><a class="filter-option--link" href="https://www.tesco.com/groceries/en-GB/shop/drinks/all?brand=Uvc&amp;viewAll=brand"><span class="checkbox-square checkbox-square-linked"></span><span class="checkbox-check icon-tick-white"></span><span class="visually-hidden">Filter by</span><span class="filter-label--line--inline">Uvc</span><span class="filter-label--line--inline">&nbsp;(2)</span></a></label></div></li><li class="filter-option__container" id="Vasse Felix" data-auto="filter-option" data-auto-selected="false"><div class="checkbox" data-auto="checkbox"><input id="filter-option--Vasse-Felix-7222332" name="filter-option--Vasse-Felix-7222332" type="checkbox"><label class="checkbox-label" for="filter-option--Vasse-Felix-7222332" title="Vasse Felix"><a class="filter-option--link" href="https://www.tesco.com/groceries/en-GB/shop/drinks/all?brand=Vasse%20Felix&amp;viewAll=brand"><span class="checkbox-square checkbox-square-linked"></span><span class="checkbox-check icon-tick-white"></span><span class="visually-hidden">Filter by</span><span class="filter-label--line--inline">Vasse Felix</span><span class="filter-label--line--inline">&nbsp;(2)</span></a></label></div></li><li class="filter-option__container" id="Vault City" data-auto="filter-option" data-auto-selected="false"><div class="checkbox" data-auto="checkbox"><input id="filter-option--Vault-City-9030998" name="filter-option--Vault-City-9030998" type="checkbox"><label class="checkbox-label" for="filter-option--Vault-City-9030998" title="Vault City"><a class="filter-option--link" href="https://www.tesco.com/groceries/en-GB/shop/drinks/all?brand=Vault%20City&amp;viewAll=brand"><span class="checkbox-square checkbox-square-linked"></span><span class="checkbox-check icon-tick-white"></span><span class="visually-hidden">Filter by</span><span class="filter-label--line--inline">Vault City</span><span class="filter-label--line--inline">&nbsp;(2)</span></a></label></div></li><li class="filter-option__container" id="Vergelegen" data-auto="filter-option" data-auto-selected="false"><div class="checkbox" data-auto="checkbox"><input id="filter-option--Vergelegen-3139224" name="filter-option--Vergelegen-3139224" type="checkbox"><label class="checkbox-label" for="filter-option--Vergelegen-3139224" title="Vergelegen"><a class="filter-option--link" href="https://www.tesco.com/groceries/en-GB/shop/drinks/all?brand=Vergelegen&amp;viewAll=brand"><span class="checkbox-square checkbox-square-linked"></span><span class="checkbox-check icon-tick-white"></span><span class="visually-hidden">Filter by</span><span class="filter-label--line--inline">Vergelegen</span><span class="filter-label--line--inline">&nbsp;(2)</span></a></label></div></li><li class="filter-option__container" id="Victoria" data-auto="filter-option" data-auto-selected="false"><div class="checkbox" data-auto="checkbox"><input id="filter-option--Victoria-4285616" name="filter-option--Victoria-4285616" type="checkbox"><label class="checkbox-label" for="filter-option--Victoria-4285616" title="Victoria"><a class="filter-option--link" href="https://www.tesco.com/groceries/en-GB/shop/drinks/all?brand=Victoria&amp;viewAll=brand"><span class="checkbox-square checkbox-square-linked"></span><span class="checkbox-check icon-tick-white"></span><span class="visually-hidden">Filter by</span><span class="filter-label--line--inline">Victoria</span><span class="filter-label--line--inline">&nbsp;(2)</span></a></label></div></li><li class="filter-option__container" id="Vieux Papes" data-auto="filter-option" data-auto-selected="false"><div class="checkbox" data-auto="checkbox"><input id="filter-option--Vieux-Papes-9278238" name="filter-option--Vieux-Papes-9278238" type="checkbox"><label class="checkbox-label" for="filter-option--Vieux-Papes-9278238" title="Vieux Papes"><a class="filter-option--link" href="https://www.tesco.com/groceries/en-GB/shop/drinks/all?brand=Vieux%20Papes&amp;viewAll=brand"><span class="checkbox-square checkbox-square-linked"></span><span class="checkbox-check icon-tick-white"></span><span class="visually-hidden">Filter by</span><span class="filter-label--line--inline">Vieux Papes</span><span class="filter-label--line--inline">&nbsp;(2)</span></a></label></div></li><li class="filter-option__container" id="Virtue" data-auto="filter-option" data-auto-selected="false"><div class="checkbox" data-auto="checkbox"><input id="filter-option--Virtue-8696892" name="filter-option--Virtue-8696892" type="checkbox"><label class="checkbox-label" for="filter-option--Virtue-8696892" title="Virtue"><a class="filter-option--link" href="https://www.tesco.com/groceries/en-GB/shop/drinks/all?brand=Virtue&amp;viewAll=brand"><span class="checkbox-square checkbox-square-linked"></span><span class="checkbox-check icon-tick-white"></span><span class="visually-hidden">Filter by</span><span class="filter-label--line--inline">Virtue</span><span class="filter-label--line--inline">&nbsp;(2)</span></a></label></div></li><li class="filter-option__container" id="Vista Castelli" data-auto="filter-option" data-auto-selected="false"><div class="checkbox" data-auto="checkbox"><input id="filter-option--Vista-Castelli-3998956" name="filter-option--Vista-Castelli-3998956" type="checkbox"><label class="checkbox-label" for="filter-option--Vista-Castelli-3998956" title="Vista Castelli"><a class="filter-option--link" href="https://www.tesco.com/groceries/en-GB/shop/drinks/all?brand=Vista%20Castelli&amp;viewAll=brand"><span class="checkbox-square checkbox-square-linked"></span><span class="checkbox-check icon-tick-white"></span><span class="visually-hidden">Filter by</span><span class="filter-label--line--inline">Vista Castelli</span><span class="filter-label--line--inline">&nbsp;(2)</span></a></label></div></li><li class="filter-option__container" id="Vivid Matcha" data-auto="filter-option" data-auto-selected="false"><div class="checkbox" data-auto="checkbox"><input id="filter-option--Vivid-Matcha-605802" name="filter-option--Vivid-Matcha-605802" type="checkbox"><label class="checkbox-label" for="filter-option--Vivid-Matcha-605802" title="Vivid Matcha"><a class="filter-option--link" href="https://www.tesco.com/groceries/en-GB/shop/drinks/all?brand=Vivid%20Matcha&amp;viewAll=brand"><span class="checkbox-square checkbox-square-linked"></span><span class="checkbox-check icon-tick-white"></span><span class="visually-hidden">Filter by</span><span class="filter-label--line--inline">Vivid Matcha</span><span class="filter-label--line--inline">&nbsp;(2)</span></a></label></div></li><li class="filter-option__container" id="Warner&#39;s" data-auto="filter-option" data-auto-selected="false"><div class="checkbox" data-auto="checkbox"><input id="filter-option--Warner&#39;s-7180431" name="filter-option--Warner&#39;s-7180431" type="checkbox"><label class="checkbox-label" for="filter-option--Warner&#39;s-7180431" title="Warner&#39;s"><a class="filter-option--link" href="https://www.tesco.com/groceries/en-GB/shop/drinks/all?brand=Warner%27s&amp;viewAll=brand"><span class="checkbox-square checkbox-square-linked"></span><span class="checkbox-check icon-tick-white"></span><span class="visually-hidden">Filter by</span><span class="filter-label--line--inline">Warner's</span><span class="filter-label--line--inline">&nbsp;(2)</span></a></label></div></li><li class="filter-option__container" id="Westons" data-auto="filter-option" data-auto-selected="false"><div class="checkbox" data-auto="checkbox"><input id="filter-option--Westons-5122438" name="filter-option--Westons-5122438" type="checkbox"><label class="checkbox-label" for="filter-option--Westons-5122438" title="Westons"><a class="filter-option--link" href="https://www.tesco.com/groceries/en-GB/shop/drinks/all?brand=Westons&amp;viewAll=brand"><span class="checkbox-square checkbox-square-linked"></span><span class="checkbox-check icon-tick-white"></span><span class="visually-hidden">Filter by</span><span class="filter-label--line--inline">Westons</span><span class="filter-label--line--inline">&nbsp;(2)</span></a></label></div></li><li class="filter-option__container" id="Whitstable Bay" data-auto="filter-option" data-auto-selected="false"><div class="checkbox" data-auto="checkbox"><input id="filter-option--Whitstable-Bay-1056327" name="filter-option--Whitstable-Bay-1056327" type="checkbox"><label class="checkbox-label" for="filter-option--Whitstable-Bay-1056327" title="Whitstable Bay"><a class="filter-option--link" href="https://www.tesco.com/groceries/en-GB/shop/drinks/all?brand=Whitstable%20Bay&amp;viewAll=brand"><span class="checkbox-square checkbox-square-linked"></span><span class="checkbox-check icon-tick-white"></span><span class="visually-hidden">Filter by</span><span class="filter-label--line--inline">Whitstable Bay</span><span class="filter-label--line--inline">&nbsp;(2)</span></a></label></div></li><li class="filter-option__container" id="Wychwood" data-auto="filter-option" data-auto-selected="false"><div class="checkbox" data-auto="checkbox"><input id="filter-option--Wychwood-6474965" name="filter-option--Wychwood-6474965" type="checkbox"><label class="checkbox-label" for="filter-option--Wychwood-6474965" title="Wychwood"><a class="filter-option--link" href="https://www.tesco.com/groceries/en-GB/shop/drinks/all?brand=Wychwood&amp;viewAll=brand"><span class="checkbox-square checkbox-square-linked"></span><span class="checkbox-check icon-tick-white"></span><span class="visually-hidden">Filter by</span><span class="filter-label--line--inline">Wychwood</span><span class="filter-label--line--inline">&nbsp;(2)</span></a></label></div></li><li class="filter-option__container" id="Yalumba" data-auto="filter-option" data-auto-selected="false"><div class="checkbox" data-auto="checkbox"><input id="filter-option--Yalumba-6657417" name="filter-option--Yalumba-6657417" type="checkbox"><label class="checkbox-label" for="filter-option--Yalumba-6657417" title="Yalumba"><a class="filter-option--link" href="https://www.tesco.com/groceries/en-GB/shop/drinks/all?brand=Yalumba&amp;viewAll=brand"><span class="checkbox-square checkbox-square-linked"></span><span class="checkbox-check icon-tick-white"></span><span class="visually-hidden">Filter by</span><span class="filter-label--line--inline">Yalumba</span><span class="filter-label--line--inline">&nbsp;(2)</span></a></label></div></li><li class="filter-option__container" id="Zuccardi" data-auto="filter-option" data-auto-selected="false"><div class="checkbox" data-auto="checkbox"><input id="filter-option--Zuccardi-3739664" name="filter-option--Zuccardi-3739664" type="checkbox"><label class="checkbox-label" for="filter-option--Zuccardi-3739664" title="Zuccardi"><a class="filter-option--link" href="https://www.tesco.com/groceries/en-GB/shop/drinks/all?brand=Zuccardi&amp;viewAll=brand"><span class="checkbox-square checkbox-square-linked"></span><span class="checkbox-check icon-tick-white"></span><span class="visually-hidden">Filter by</span><span class="filter-label--line--inline">Zuccardi</span><span class="filter-label--line--inline">&nbsp;(2)</span></a></label></div></li><li class="filter-option__container" id="1800 Tequila" data-auto="filter-option" data-auto-selected="false"><div class="checkbox" data-auto="checkbox"><input id="filter-option--1800-Tequila-1883243" name="filter-option--1800-Tequila-1883243" type="checkbox"><label class="checkbox-label" for="filter-option--1800-Tequila-1883243" title="1800 Tequila"><a class="filter-option--link" href="https://www.tesco.com/groceries/en-GB/shop/drinks/all?brand=1800%20Tequila&amp;viewAll=brand"><span class="checkbox-square checkbox-square-linked"></span><span class="checkbox-check icon-tick-white"></span><span class="visually-hidden">Filter by</span><span class="filter-label--line--inline">1800 Tequila</span><span class="filter-label--line--inline">&nbsp;(1)</span></a></label></div></li><li class="filter-option__container" id="Aasani" data-auto="filter-option" data-auto-selected="false"><div class="checkbox" data-auto="checkbox"><input id="filter-option--Aasani-3936064" name="filter-option--Aasani-3936064" type="checkbox"><label class="checkbox-label" for="filter-option--Aasani-3936064" title="Aasani"><a class="filter-option--link" href="https://www.tesco.com/groceries/en-GB/shop/drinks/all?brand=Aasani&amp;viewAll=brand"><span class="checkbox-square checkbox-square-linked"></span><span class="checkbox-check icon-tick-white"></span><span class="visually-hidden">Filter by</span><span class="filter-label--line--inline">Aasani</span><span class="filter-label--line--inline">&nbsp;(1)</span></a></label></div></li><li class="filter-option__container" id="Abbot Ale" data-auto="filter-option" data-auto-selected="false"><div class="checkbox" data-auto="checkbox"><input id="filter-option--Abbot-Ale-7152365" name="filter-option--Abbot-Ale-7152365" type="checkbox"><label class="checkbox-label" for="filter-option--Abbot-Ale-7152365" title="Abbot Ale"><a class="filter-option--link" href="https://www.tesco.com/groceries/en-GB/shop/drinks/all?brand=Abbot%20Ale&amp;viewAll=brand"><span class="checkbox-square checkbox-square-linked"></span><span class="checkbox-check icon-tick-white"></span><span class="visually-hidden">Filter by</span><span class="filter-label--line--inline">Abbot Ale</span><span class="filter-label--line--inline">&nbsp;(1)</span></a></label></div></li><li class="filter-option__container" id="Aber Falls" data-auto="filter-option" data-auto-selected="false"><div class="checkbox" data-auto="checkbox"><input id="filter-option--Aber-Falls-3567677" name="filter-option--Aber-Falls-3567677" type="checkbox"><label class="checkbox-label" for="filter-option--Aber-Falls-3567677" title="Aber Falls"><a class="filter-option--link" href="https://www.tesco.com/groceries/en-GB/shop/drinks/all?brand=Aber%20Falls&amp;viewAll=brand"><span class="checkbox-square checkbox-square-linked"></span><span class="checkbox-check icon-tick-white"></span><span class="visually-hidden">Filter by</span><span class="filter-label--line--inline">Aber Falls</span><span class="filter-label--line--inline">&nbsp;(1)</span></a></label></div></li><li class="filter-option__container" id="Activit" data-auto="filter-option" data-auto-selected="false"><div class="checkbox" data-auto="checkbox"><input id="filter-option--Activit-8686342" name="filter-option--Activit-8686342" type="checkbox"><label class="checkbox-label" for="filter-option--Activit-8686342" title="Activit"><a class="filter-option--link" href="https://www.tesco.com/groceries/en-GB/shop/drinks/all?brand=Activit&amp;viewAll=brand"><span class="checkbox-square checkbox-square-linked"></span><span class="checkbox-check icon-tick-white"></span><span class="visually-hidden">Filter by</span><span class="filter-label--line--inline">Activit</span><span class="filter-label--line--inline">&nbsp;(1)</span></a></label></div></li><li class="filter-option__container" id="Aero" data-auto="filter-option" data-auto-selected="false"><div class="checkbox" data-auto="checkbox"><input id="filter-option--Aero-3089516" name="filter-option--Aero-3089516" type="checkbox"><label class="checkbox-label" for="filter-option--Aero-3089516" title="Aero"><a class="filter-option--link" href="https://www.tesco.com/groceries/en-GB/shop/drinks/all?brand=Aero&amp;viewAll=brand"><span class="checkbox-square checkbox-square-linked"></span><span class="checkbox-check icon-tick-white"></span><span class="visually-hidden">Filter by</span><span class="filter-label--line--inline">Aero</span><span class="filter-label--line--inline">&nbsp;(1)</span></a></label></div></li><li class="filter-option__container" id="Alamos" data-auto="filter-option" data-auto-selected="false"><div class="checkbox" data-auto="checkbox"><input id="filter-option--Alamos-5260457" name="filter-option--Alamos-5260457" type="checkbox"><label class="checkbox-label" for="filter-option--Alamos-5260457" title="Alamos"><a class="filter-option--link" href="https://www.tesco.com/groceries/en-GB/shop/drinks/all?brand=Alamos&amp;viewAll=brand"><span class="checkbox-square checkbox-square-linked"></span><span class="checkbox-check icon-tick-white"></span><span class="visually-hidden">Filter by</span><span class="filter-label--line--inline">Alamos</span><span class="filter-label--line--inline">&nbsp;(1)</span></a></label></div></li><li class="filter-option__container" id="Alhambra" data-auto="filter-option" data-auto-selected="false"><div class="checkbox" data-auto="checkbox"><input id="filter-option--Alhambra-5076399" name="filter-option--Alhambra-5076399" type="checkbox"><label class="checkbox-label" for="filter-option--Alhambra-5076399" title="Alhambra"><a class="filter-option--link" href="https://www.tesco.com/groceries/en-GB/shop/drinks/all?brand=Alhambra&amp;viewAll=brand"><span class="checkbox-square checkbox-square-linked"></span><span class="checkbox-check icon-tick-white"></span><span class="visually-hidden">Filter by</span><span class="filter-label--line--inline">Alhambra</span><span class="filter-label--line--inline">&nbsp;(1)</span></a></label></div></li><li class="filter-option__container" id="All Natural" data-auto="filter-option" data-auto-selected="false"><div class="checkbox" data-auto="checkbox"><input id="filter-option--All-Natural-7845618" name="filter-option--All-Natural-7845618" type="checkbox"><label class="checkbox-label" for="filter-option--All-Natural-7845618" title="All Natural"><a class="filter-option--link" href="https://www.tesco.com/groceries/en-GB/shop/drinks/all?brand=All%20Natural&amp;viewAll=brand"><span class="checkbox-square checkbox-square-linked"></span><span class="checkbox-check icon-tick-white"></span><span class="visually-hidden">Filter by</span><span class="filter-label--line--inline">All Natural</span><span class="filter-label--line--inline">&nbsp;(1)</span></a></label></div></li><li class="filter-option__container" id="Allegrini" data-auto="filter-option" data-auto-selected="false"><div class="checkbox" data-auto="checkbox"><input id="filter-option--Allegrini-9541595" name="filter-option--Allegrini-9541595" type="checkbox"><label class="checkbox-label" for="filter-option--Allegrini-9541595" title="Allegrini"><a class="filter-option--link" href="https://www.tesco.com/groceries/en-GB/shop/drinks/all?brand=Allegrini&amp;viewAll=brand"><span class="checkbox-square checkbox-square-linked"></span><span class="checkbox-check icon-tick-white"></span><span class="visually-hidden">Filter by</span><span class="filter-label--line--inline">Allegrini</span><span class="filter-label--line--inline">&nbsp;(1)</span></a></label></div></li><li class="filter-option__container" id="Alpro" data-auto="filter-option" data-auto-selected="false"><div class="checkbox" data-auto="checkbox"><input id="filter-option--Alpro-2931824" name="filter-option--Alpro-2931824" type="checkbox"><label class="checkbox-label" for="filter-option--Alpro-2931824" title="Alpro"><a class="filter-option--link" href="https://www.tesco.com/groceries/en-GB/shop/drinks/all?brand=Alpro&amp;viewAll=brand"><span class="checkbox-square checkbox-square-linked"></span><span class="checkbox-check icon-tick-white"></span><span class="visually-hidden">Filter by</span><span class="filter-label--line--inline">Alpro</span><span class="filter-label--line--inline">&nbsp;(1)</span></a></label></div></li><li class="filter-option__container" id="Alta Veduta" data-auto="filter-option" data-auto-selected="false"><div class="checkbox" data-auto="checkbox"><input id="filter-option--Alta-Veduta-7941794" name="filter-option--Alta-Veduta-7941794" type="checkbox"><label class="checkbox-label" for="filter-option--Alta-Veduta-7941794" title="Alta Veduta"><a class="filter-option--link" href="https://www.tesco.com/groceries/en-GB/shop/drinks/all?brand=Alta%20Veduta&amp;viewAll=brand"><span class="checkbox-square checkbox-square-linked"></span><span class="checkbox-check icon-tick-white"></span><span class="visually-hidden">Filter by</span><span class="filter-label--line--inline">Alta Veduta</span><span class="filter-label--line--inline">&nbsp;(1)</span></a></label></div></li><li class="filter-option__container" id="Amarula" data-auto="filter-option" data-auto-selected="false"><div class="checkbox" data-auto="checkbox"><input id="filter-option--Amarula-755828" name="filter-option--Amarula-755828" type="checkbox"><label class="checkbox-label" for="filter-option--Amarula-755828" title="Amarula"><a class="filter-option--link" href="https://www.tesco.com/groceries/en-GB/shop/drinks/all?brand=Amarula&amp;viewAll=brand"><span class="checkbox-square checkbox-square-linked"></span><span class="checkbox-check icon-tick-white"></span><span class="visually-hidden">Filter by</span><span class="filter-label--line--inline">Amarula</span><span class="filter-label--line--inline">&nbsp;(1)</span></a></label></div></li><li class="filter-option__container" id="Angioletti" data-auto="filter-option" data-auto-selected="false"><div class="checkbox" data-auto="checkbox"><input id="filter-option--Angioletti-6810142" name="filter-option--Angioletti-6810142" type="checkbox"><label class="checkbox-label" for="filter-option--Angioletti-6810142" title="Angioletti"><a class="filter-option--link" href="https://www.tesco.com/groceries/en-GB/shop/drinks/all?brand=Angioletti&amp;viewAll=brand"><span class="checkbox-square checkbox-square-linked"></span><span class="checkbox-check icon-tick-white"></span><span class="visually-hidden">Filter by</span><span class="filter-label--line--inline">Angioletti</span><span class="filter-label--line--inline">&nbsp;(1)</span></a></label></div></li><li class="filter-option__container" id="Angostura" data-auto="filter-option" data-auto-selected="false"><div class="checkbox" data-auto="checkbox"><input id="filter-option--Angostura-9676066" name="filter-option--Angostura-9676066" type="checkbox"><label class="checkbox-label" for="filter-option--Angostura-9676066" title="Angostura"><a class="filter-option--link" href="https://www.tesco.com/groceries/en-GB/shop/drinks/all?brand=Angostura&amp;viewAll=brand"><span class="checkbox-square checkbox-square-linked"></span><span class="checkbox-check icon-tick-white"></span><span class="visually-hidden">Filter by</span><span class="filter-label--line--inline">Angostura</span><span class="filter-label--line--inline">&nbsp;(1)</span></a></label></div></li><li class="filter-option__container" id="Antica" data-auto="filter-option" data-auto-selected="false"><div class="checkbox" data-auto="checkbox"><input id="filter-option--Antica-8551248" name="filter-option--Antica-8551248" type="checkbox"><label class="checkbox-label" for="filter-option--Antica-8551248" title="Antica"><a class="filter-option--link" href="https://www.tesco.com/groceries/en-GB/shop/drinks/all?brand=Antica&amp;viewAll=brand"><span class="checkbox-square checkbox-square-linked"></span><span class="checkbox-check icon-tick-white"></span><span class="visually-hidden">Filter by</span><span class="filter-label--line--inline">Antica</span><span class="filter-label--line--inline">&nbsp;(1)</span></a></label></div></li><li class="filter-option__container" id="Antinori" data-auto="filter-option" data-auto-selected="false"><div class="checkbox" data-auto="checkbox"><input id="filter-option--Antinori-6425856" name="filter-option--Antinori-6425856" type="checkbox"><label class="checkbox-label" for="filter-option--Antinori-6425856" title="Antinori"><a class="filter-option--link" href="https://www.tesco.com/groceries/en-GB/shop/drinks/all?brand=Antinori&amp;viewAll=brand"><span class="checkbox-square checkbox-square-linked"></span><span class="checkbox-check icon-tick-white"></span><span class="visually-hidden">Filter by</span><span class="filter-label--line--inline">Antinori</span><span class="filter-label--line--inline">&nbsp;(1)</span></a></label></div></li><li class="filter-option__container" id="Appleton" data-auto="filter-option" data-auto-selected="false"><div class="checkbox" data-auto="checkbox"><input id="filter-option--Appleton-9858331" name="filter-option--Appleton-9858331" type="checkbox"><label class="checkbox-label" for="filter-option--Appleton-9858331" title="Appleton"><a class="filter-option--link" href="https://www.tesco.com/groceries/en-GB/shop/drinks/all?brand=Appleton&amp;viewAll=brand"><span class="checkbox-square checkbox-square-linked"></span><span class="checkbox-check icon-tick-white"></span><span class="visually-hidden">Filter by</span><span class="filter-label--line--inline">Appleton</span><span class="filter-label--line--inline">&nbsp;(1)</span></a></label></div></li><li class="filter-option__container" id="Aprimondo" data-auto="filter-option" data-auto-selected="false"><div class="checkbox" data-auto="checkbox"><input id="filter-option--Aprimondo-3932195" name="filter-option--Aprimondo-3932195" type="checkbox"><label class="checkbox-label" for="filter-option--Aprimondo-3932195" title="Aprimondo"><a class="filter-option--link" href="https://www.tesco.com/groceries/en-GB/shop/drinks/all?brand=Aprimondo&amp;viewAll=brand"><span class="checkbox-square checkbox-square-linked"></span><span class="checkbox-check icon-tick-white"></span><span class="visually-hidden">Filter by</span><span class="filter-label--line--inline">Aprimondo</span><span class="filter-label--line--inline">&nbsp;(1)</span></a></label></div></li><li class="filter-option__container" id="Archers" data-auto="filter-option" data-auto-selected="false"><div class="checkbox" data-auto="checkbox"><input id="filter-option--Archers-3759062" name="filter-option--Archers-3759062" type="checkbox"><label class="checkbox-label" for="filter-option--Archers-3759062" title="Archers"><a class="filter-option--link" href="https://www.tesco.com/groceries/en-GB/shop/drinks/all?brand=Archers&amp;viewAll=brand"><span class="checkbox-square checkbox-square-linked"></span><span class="checkbox-check icon-tick-white"></span><span class="visually-hidden">Filter by</span><span class="filter-label--line--inline">Archers</span><span class="filter-label--line--inline">&nbsp;(1)</span></a></label></div></li><li class="filter-option__container" id="Ardmore" data-auto="filter-option" data-auto-selected="false"><div class="checkbox" data-auto="checkbox"><input id="filter-option--Ardmore-5253685" name="filter-option--Ardmore-5253685" type="checkbox"><label class="checkbox-label" for="filter-option--Ardmore-5253685" title="Ardmore"><a class="filter-option--link" href="https://www.tesco.com/groceries/en-GB/shop/drinks/all?brand=Ardmore&amp;viewAll=brand"><span class="checkbox-square checkbox-square-linked"></span><span class="checkbox-check icon-tick-white"></span><span class="visually-hidden">Filter by</span><span class="filter-label--line--inline">Ardmore</span><span class="filter-label--line--inline">&nbsp;(1)</span></a></label></div></li><li class="filter-option__container" id="Arthur Barolet" data-auto="filter-option" data-auto-selected="false"><div class="checkbox" data-auto="checkbox"><input id="filter-option--Arthur-Barolet-2130507" name="filter-option--Arthur-Barolet-2130507" type="checkbox"><label class="checkbox-label" for="filter-option--Arthur-Barolet-2130507" title="Arthur Barolet"><a class="filter-option--link" href="https://www.tesco.com/groceries/en-GB/shop/drinks/all?brand=Arthur%20Barolet&amp;viewAll=brand"><span class="checkbox-square checkbox-square-linked"></span><span class="checkbox-check icon-tick-white"></span><span class="visually-hidden">Filter by</span><span class="filter-label--line--inline">Arthur Barolet</span><span class="filter-label--line--inline">&nbsp;(1)</span></a></label></div></li><li class="filter-option__container" id="Ascheri" data-auto="filter-option" data-auto-selected="false"><div class="checkbox" data-auto="checkbox"><input id="filter-option--Ascheri-1900381" name="filter-option--Ascheri-1900381" type="checkbox"><label class="checkbox-label" for="filter-option--Ascheri-1900381" title="Ascheri"><a class="filter-option--link" href="https://www.tesco.com/groceries/en-GB/shop/drinks/all?brand=Ascheri&amp;viewAll=brand"><span class="checkbox-square checkbox-square-linked"></span><span class="checkbox-check icon-tick-white"></span><span class="visually-hidden">Filter by</span><span class="filter-label--line--inline">Ascheri</span><span class="filter-label--line--inline">&nbsp;(1)</span></a></label></div></li><li class="filter-option__container" id="Ashfield" data-auto="filter-option" data-auto-selected="false"><div class="checkbox" data-auto="checkbox"><input id="filter-option--Ashfield-371791" name="filter-option--Ashfield-371791" type="checkbox"><label class="checkbox-label" for="filter-option--Ashfield-371791" title="Ashfield"><a class="filter-option--link" href="https://www.tesco.com/groceries/en-GB/shop/drinks/all?brand=Ashfield&amp;viewAll=brand"><span class="checkbox-square checkbox-square-linked"></span><span class="checkbox-check icon-tick-white"></span><span class="visually-hidden">Filter by</span><span class="filter-label--line--inline">Ashfield</span><span class="filter-label--line--inline">&nbsp;(1)</span></a></label></div></li><li class="filter-option__container" id="Atlantic" data-auto="filter-option" data-auto-selected="false"><div class="checkbox" data-auto="checkbox"><input id="filter-option--Atlantic-4771221" name="filter-option--Atlantic-4771221" type="checkbox"><label class="checkbox-label" for="filter-option--Atlantic-4771221" title="Atlantic"><a class="filter-option--link" href="https://www.tesco.com/groceries/en-GB/shop/drinks/all?brand=Atlantic&amp;viewAll=brand"><span class="checkbox-square checkbox-square-linked"></span><span class="checkbox-check icon-tick-white"></span><span class="visually-hidden">Filter by</span><span class="filter-label--line--inline">Atlantic</span><span class="filter-label--line--inline">&nbsp;(1)</span></a></label></div></li><li class="filter-option__container" id="Bacchus" data-auto="filter-option" data-auto-selected="false"><div class="checkbox" data-auto="checkbox"><input id="filter-option--Bacchus-7406164" name="filter-option--Bacchus-7406164" type="checkbox"><label class="checkbox-label" for="filter-option--Bacchus-7406164" title="Bacchus"><a class="filter-option--link" href="https://www.tesco.com/groceries/en-GB/shop/drinks/all?brand=Bacchus&amp;viewAll=brand"><span class="checkbox-square checkbox-square-linked"></span><span class="checkbox-check icon-tick-white"></span><span class="visually-hidden">Filter by</span><span class="filter-label--line--inline">Bacchus</span><span class="filter-label--line--inline">&nbsp;(1)</span></a></label></div></li><li class="filter-option__container" id="Ballantines" data-auto="filter-option" data-auto-selected="false"><div class="checkbox" data-auto="checkbox"><input id="filter-option--Ballantines-7044586" name="filter-option--Ballantines-7044586" type="checkbox"><label class="checkbox-label" for="filter-option--Ballantines-7044586" title="Ballantines"><a class="filter-option--link" href="https://www.tesco.com/groceries/en-GB/shop/drinks/all?brand=Ballantines&amp;viewAll=brand"><span class="checkbox-square checkbox-square-linked"></span><span class="checkbox-check icon-tick-white"></span><span class="visually-hidden">Filter by</span><span class="filter-label--line--inline">Ballantines</span><span class="filter-label--line--inline">&nbsp;(1)</span></a></label></div></li><li class="filter-option__container" id="Barossa" data-auto="filter-option" data-auto-selected="false"><div class="checkbox" data-auto="checkbox"><input id="filter-option--Barossa-9233211" name="filter-option--Barossa-9233211" type="checkbox"><label class="checkbox-label" for="filter-option--Barossa-9233211" title="Barossa"><a class="filter-option--link" href="https://www.tesco.com/groceries/en-GB/shop/drinks/all?brand=Barossa&amp;viewAll=brand"><span class="checkbox-square checkbox-square-linked"></span><span class="checkbox-check icon-tick-white"></span><span class="visually-hidden">Filter by</span><span class="filter-label--line--inline">Barossa</span><span class="filter-label--line--inline">&nbsp;(1)</span></a></label></div></li><li class="filter-option__container" id="Barossa Drive" data-auto="filter-option" data-auto-selected="false"><div class="checkbox" data-auto="checkbox"><input id="filter-option--Barossa-Drive-8238733" name="filter-option--Barossa-Drive-8238733" type="checkbox"><label class="checkbox-label" for="filter-option--Barossa-Drive-8238733" title="Barossa Drive"><a class="filter-option--link" href="https://www.tesco.com/groceries/en-GB/shop/drinks/all?brand=Barossa%20Drive&amp;viewAll=brand"><span class="checkbox-square checkbox-square-linked"></span><span class="checkbox-check icon-tick-white"></span><span class="visually-hidden">Filter by</span><span class="filter-label--line--inline">Barossa Drive</span><span class="filter-label--line--inline">&nbsp;(1)</span></a></label></div></li><li class="filter-option__container" id="Barry&#39;s Tea" data-auto="filter-option" data-auto-selected="false"><div class="checkbox" data-auto="checkbox"><input id="filter-option--Barry&#39;s-Tea-2271764" name="filter-option--Barry&#39;s-Tea-2271764" type="checkbox"><label class="checkbox-label" for="filter-option--Barry&#39;s-Tea-2271764" title="Barry&#39;s Tea"><a class="filter-option--link" href="https://www.tesco.com/groceries/en-GB/shop/drinks/all?brand=Barry%27s%20Tea&amp;viewAll=brand"><span class="checkbox-square checkbox-square-linked"></span><span class="checkbox-check icon-tick-white"></span><span class="visually-hidden">Filter by</span><span class="filter-label--line--inline">Barry's Tea</span><span class="filter-label--line--inline">&nbsp;(1)</span></a></label></div></li><li class="filter-option__container" id="Bath Ales" data-auto="filter-option" data-auto-selected="false"><div class="checkbox" data-auto="checkbox"><input id="filter-option--Bath-Ales-693459" name="filter-option--Bath-Ales-693459" type="checkbox"><label class="checkbox-label" for="filter-option--Bath-Ales-693459" title="Bath Ales"><a class="filter-option--link" href="https://www.tesco.com/groceries/en-GB/shop/drinks/all?brand=Bath%20Ales&amp;viewAll=brand"><span class="checkbox-square checkbox-square-linked"></span><span class="checkbox-check icon-tick-white"></span><span class="visually-hidden">Filter by</span><span class="filter-label--line--inline">Bath Ales</span><span class="filter-label--line--inline">&nbsp;(1)</span></a></label></div></li><li class="filter-option__container" id="Beams" data-auto="filter-option" data-auto-selected="false"><div class="checkbox" data-auto="checkbox"><input id="filter-option--Beams-6719866" name="filter-option--Beams-6719866" type="checkbox"><label class="checkbox-label" for="filter-option--Beams-6719866" title="Beams"><a class="filter-option--link" href="https://www.tesco.com/groceries/en-GB/shop/drinks/all?brand=Beams&amp;viewAll=brand"><span class="checkbox-square checkbox-square-linked"></span><span class="checkbox-check icon-tick-white"></span><span class="visually-hidden">Filter by</span><span class="filter-label--line--inline">Beams</span><span class="filter-label--line--inline">&nbsp;(1)</span></a></label></div></li><li class="filter-option__container" id="Bear Island" data-auto="filter-option" data-auto-selected="false"><div class="checkbox" data-auto="checkbox"><input id="filter-option--Bear-Island-8302099" name="filter-option--Bear-Island-8302099" type="checkbox"><label class="checkbox-label" for="filter-option--Bear-Island-8302099" title="Bear Island"><a class="filter-option--link" href="https://www.tesco.com/groceries/en-GB/shop/drinks/all?brand=Bear%20Island&amp;viewAll=brand"><span class="checkbox-square checkbox-square-linked"></span><span class="checkbox-check icon-tick-white"></span><span class="visually-hidden">Filter by</span><span class="filter-label--line--inline">Bear Island</span><span class="filter-label--line--inline">&nbsp;(1)</span></a></label></div></li><li class="filter-option__container" id="Beefsteak Club" data-auto="filter-option" data-auto-selected="false"><div class="checkbox" data-auto="checkbox"><input id="filter-option--Beefsteak-Club-5129303" name="filter-option--Beefsteak-Club-5129303" type="checkbox"><label class="checkbox-label" for="filter-option--Beefsteak-Club-5129303" title="Beefsteak Club"><a class="filter-option--link" href="https://www.tesco.com/groceries/en-GB/shop/drinks/all?brand=Beefsteak%20Club&amp;viewAll=brand"><span class="checkbox-square checkbox-square-linked"></span><span class="checkbox-check icon-tick-white"></span><span class="visually-hidden">Filter by</span><span class="filter-label--line--inline">Beefsteak Club</span><span class="filter-label--line--inline">&nbsp;(1)</span></a></label></div></li><li class="filter-option__container" id="Bella Apertini" data-auto="filter-option" data-auto-selected="false"><div class="checkbox" data-auto="checkbox"><input id="filter-option--Bella-Apertini-8875557" name="filter-option--Bella-Apertini-8875557" type="checkbox"><label class="checkbox-label" for="filter-option--Bella-Apertini-8875557" title="Bella Apertini"><a class="filter-option--link" href="https://www.tesco.com/groceries/en-GB/shop/drinks/all?brand=Bella%20Apertini&amp;viewAll=brand"><span class="checkbox-square checkbox-square-linked"></span><span class="checkbox-check icon-tick-white"></span><span class="visually-hidden">Filter by</span><span class="filter-label--line--inline">Bella Apertini</span><span class="filter-label--line--inline">&nbsp;(1)</span></a></label></div></li><li class="filter-option__container" id="Bibendum" data-auto="filter-option" data-auto-selected="false"><div class="checkbox" data-auto="checkbox"><input id="filter-option--Bibendum-1138563" name="filter-option--Bibendum-1138563" type="checkbox"><label class="checkbox-label" for="filter-option--Bibendum-1138563" title="Bibendum"><a class="filter-option--link" href="https://www.tesco.com/groceries/en-GB/shop/drinks/all?brand=Bibendum&amp;viewAll=brand"><span class="checkbox-square checkbox-square-linked"></span><span class="checkbox-check icon-tick-white"></span><span class="visually-hidden">Filter by</span><span class="filter-label--line--inline">Bibendum</span><span class="filter-label--line--inline">&nbsp;(1)</span></a></label></div></li><li class="filter-option__container" id="Biere D&#39;or" data-auto="filter-option" data-auto-selected="false"><div class="checkbox" data-auto="checkbox"><input id="filter-option--Biere-D&#39;or-1019028" name="filter-option--Biere-D&#39;or-1019028" type="checkbox"><label class="checkbox-label" for="filter-option--Biere-D&#39;or-1019028" title="Biere D&#39;or"><a class="filter-option--link" href="https://www.tesco.com/groceries/en-GB/shop/drinks/all?brand=Biere%20D%27or&amp;viewAll=brand"><span class="checkbox-square checkbox-square-linked"></span><span class="checkbox-check icon-tick-white"></span><span class="visually-hidden">Filter by</span><span class="filter-label--line--inline">Biere D'or</span><span class="filter-label--line--inline">&nbsp;(1)</span></a></label></div></li><li class="filter-option__container" id="Big Drop" data-auto="filter-option" data-auto-selected="false"><div class="checkbox" data-auto="checkbox"><input id="filter-option--Big-Drop-6839469" name="filter-option--Big-Drop-6839469" type="checkbox"><label class="checkbox-label" for="filter-option--Big-Drop-6839469" title="Big Drop"><a class="filter-option--link" href="https://www.tesco.com/groceries/en-GB/shop/drinks/all?brand=Big%20Drop&amp;viewAll=brand"><span class="checkbox-square checkbox-square-linked"></span><span class="checkbox-check icon-tick-white"></span><span class="visually-hidden">Filter by</span><span class="filter-label--line--inline">Big Drop</span><span class="filter-label--line--inline">&nbsp;(1)</span></a></label></div></li><li class="filter-option__container" id="Big Tom" data-auto="filter-option" data-auto-selected="false"><div class="checkbox" data-auto="checkbox"><input id="filter-option--Big-Tom-8065469" name="filter-option--Big-Tom-8065469" type="checkbox"><label class="checkbox-label" for="filter-option--Big-Tom-8065469" title="Big Tom"><a class="filter-option--link" href="https://www.tesco.com/groceries/en-GB/shop/drinks/all?brand=Big%20Tom&amp;viewAll=brand"><span class="checkbox-square checkbox-square-linked"></span><span class="checkbox-check icon-tick-white"></span><span class="visually-hidden">Filter by</span><span class="filter-label--line--inline">Big Tom</span><span class="filter-label--line--inline">&nbsp;(1)</span></a></label></div></li><li class="filter-option__container" id="Bishops Finger" data-auto="filter-option" data-auto-selected="false"><div class="checkbox" data-auto="checkbox"><input id="filter-option--Bishops-Finger-5435611" name="filter-option--Bishops-Finger-5435611" type="checkbox"><label class="checkbox-label" for="filter-option--Bishops-Finger-5435611" title="Bishops Finger"><a class="filter-option--link" href="https://www.tesco.com/groceries/en-GB/shop/drinks/all?brand=Bishops%20Finger&amp;viewAll=brand"><span class="checkbox-square checkbox-square-linked"></span><span class="checkbox-check icon-tick-white"></span><span class="visually-hidden">Filter by</span><span class="filter-label--line--inline">Bishops Finger</span><span class="filter-label--line--inline">&nbsp;(1)</span></a></label></div></li><li class="filter-option__container" id="Black Bottle" data-auto="filter-option" data-auto-selected="false"><div class="checkbox" data-auto="checkbox"><input id="filter-option--Black-Bottle-4434575" name="filter-option--Black-Bottle-4434575" type="checkbox"><label class="checkbox-label" for="filter-option--Black-Bottle-4434575" title="Black Bottle"><a class="filter-option--link" href="https://www.tesco.com/groceries/en-GB/shop/drinks/all?brand=Black%20Bottle&amp;viewAll=brand"><span class="checkbox-square checkbox-square-linked"></span><span class="checkbox-check icon-tick-white"></span><span class="visually-hidden">Filter by</span><span class="filter-label--line--inline">Black Bottle</span><span class="filter-label--line--inline">&nbsp;(1)</span></a></label></div></li><li class="filter-option__container" id="Blandys" data-auto="filter-option" data-auto-selected="false"><div class="checkbox" data-auto="checkbox"><input id="filter-option--Blandys-8469111" name="filter-option--Blandys-8469111" type="checkbox"><label class="checkbox-label" for="filter-option--Blandys-8469111" title="Blandys"><a class="filter-option--link" href="https://www.tesco.com/groceries/en-GB/shop/drinks/all?brand=Blandys&amp;viewAll=brand"><span class="checkbox-square checkbox-square-linked"></span><span class="checkbox-check icon-tick-white"></span><span class="visually-hidden">Filter by</span><span class="filter-label--line--inline">Blandys</span><span class="filter-label--line--inline">&nbsp;(1)</span></a></label></div></li><li class="filter-option__container" id="Bollinger" data-auto="filter-option" data-auto-selected="false"><div class="checkbox" data-auto="checkbox"><input id="filter-option--Bollinger-685914" name="filter-option--Bollinger-685914" type="checkbox"><label class="checkbox-label" for="filter-option--Bollinger-685914" title="Bollinger"><a class="filter-option--link" href="https://www.tesco.com/groceries/en-GB/shop/drinks/all?brand=Bollinger&amp;viewAll=brand"><span class="checkbox-square checkbox-square-linked"></span><span class="checkbox-check icon-tick-white"></span><span class="visually-hidden">Filter by</span><span class="filter-label--line--inline">Bollinger</span><span class="filter-label--line--inline">&nbsp;(1)</span></a></label></div></li><li class="filter-option__container" id="Boon" data-auto="filter-option" data-auto-selected="false"><div class="checkbox" data-auto="checkbox"><input id="filter-option--Boon-7919648" name="filter-option--Boon-7919648" type="checkbox"><label class="checkbox-label" for="filter-option--Boon-7919648" title="Boon"><a class="filter-option--link" href="https://www.tesco.com/groceries/en-GB/shop/drinks/all?brand=Boon&amp;viewAll=brand"><span class="checkbox-square checkbox-square-linked"></span><span class="checkbox-check icon-tick-white"></span><span class="visually-hidden">Filter by</span><span class="filter-label--line--inline">Boon</span><span class="filter-label--line--inline">&nbsp;(1)</span></a></label></div></li><li class="filter-option__container" id="Bosch" data-auto="filter-option" data-auto-selected="false"><div class="checkbox" data-auto="checkbox"><input id="filter-option--Bosch-3282656" name="filter-option--Bosch-3282656" type="checkbox"><label class="checkbox-label" for="filter-option--Bosch-3282656" title="Bosch"><a class="filter-option--link" href="https://www.tesco.com/groceries/en-GB/shop/drinks/all?brand=Bosch&amp;viewAll=brand"><span class="checkbox-square checkbox-square-linked"></span><span class="checkbox-check icon-tick-white"></span><span class="visually-hidden">Filter by</span><span class="filter-label--line--inline">Bosch</span><span class="filter-label--line--inline">&nbsp;(1)</span></a></label></div></li><li class="filter-option__container" id="Botham &amp; Balfour" data-auto="filter-option" data-auto-selected="false"><div class="checkbox" data-auto="checkbox"><input id="filter-option--Botham-Balfour-458056" name="filter-option--Botham-Balfour-458056" type="checkbox"><label class="checkbox-label" for="filter-option--Botham-Balfour-458056" title="Botham &amp; Balfour"><a class="filter-option--link" href="https://www.tesco.com/groceries/en-GB/shop/drinks/all?brand=Botham%20%26%20Balfour&amp;viewAll=brand"><span class="checkbox-square checkbox-square-linked"></span><span class="checkbox-check icon-tick-white"></span><span class="visually-hidden">Filter by</span><span class="filter-label--line--block">Botham &amp;</span><span class="filter-label--line--inline filter-label--line--truncate">Balfour</span><span class="filter-label--line--inline">&nbsp;(1)</span></a></label></div></li><li class="filter-option__container" id="Botham Series" data-auto="filter-option" data-auto-selected="false"><div class="checkbox" data-auto="checkbox"><input id="filter-option--Botham-Series-6043211" name="filter-option--Botham-Series-6043211" type="checkbox"><label class="checkbox-label" for="filter-option--Botham-Series-6043211" title="Botham Series"><a class="filter-option--link" href="https://www.tesco.com/groceries/en-GB/shop/drinks/all?brand=Botham%20Series&amp;viewAll=brand"><span class="checkbox-square checkbox-square-linked"></span><span class="checkbox-check icon-tick-white"></span><span class="visually-hidden">Filter by</span><span class="filter-label--line--inline">Botham Series</span><span class="filter-label--line--inline">&nbsp;(1)</span></a></label></div></li><li class="filter-option__container" id="Bowmore" data-auto="filter-option" data-auto-selected="false"><div class="checkbox" data-auto="checkbox"><input id="filter-option--Bowmore-5191945" name="filter-option--Bowmore-5191945" type="checkbox"><label class="checkbox-label" for="filter-option--Bowmore-5191945" title="Bowmore"><a class="filter-option--link" href="https://www.tesco.com/groceries/en-GB/shop/drinks/all?brand=Bowmore&amp;viewAll=brand"><span class="checkbox-square checkbox-square-linked"></span><span class="checkbox-check icon-tick-white"></span><span class="visually-hidden">Filter by</span><span class="filter-label--line--inline">Bowmore</span><span class="filter-label--line--inline">&nbsp;(1)</span></a></label></div></li><li class="filter-option__container" id="Brew By Numbers" data-auto="filter-option" data-auto-selected="false"><div class="checkbox" data-auto="checkbox"><input id="filter-option--Brew-By-Numbers-2564545" name="filter-option--Brew-By-Numbers-2564545" type="checkbox"><label class="checkbox-label" for="filter-option--Brew-By-Numbers-2564545" title="Brew By Numbers"><a class="filter-option--link" href="https://www.tesco.com/groceries/en-GB/shop/drinks/all?brand=Brew%20By%20Numbers&amp;viewAll=brand"><span class="checkbox-square checkbox-square-linked"></span><span class="checkbox-check icon-tick-white"></span><span class="visually-hidden">Filter by</span><span class="filter-label--line--block">Brew By</span><span class="filter-label--line--inline filter-label--line--truncate">Numbers</span><span class="filter-label--line--inline">&nbsp;(1)</span></a></label></div></li><li class="filter-option__container" id="Brown Brothers" data-auto="filter-option" data-auto-selected="false"><div class="checkbox" data-auto="checkbox"><input id="filter-option--Brown-Brothers-6260686" name="filter-option--Brown-Brothers-6260686" type="checkbox"><label class="checkbox-label" for="filter-option--Brown-Brothers-6260686" title="Brown Brothers"><a class="filter-option--link" href="https://www.tesco.com/groceries/en-GB/shop/drinks/all?brand=Brown%20Brothers&amp;viewAll=brand"><span class="checkbox-square checkbox-square-linked"></span><span class="checkbox-check icon-tick-white"></span><span class="visually-hidden">Filter by</span><span class="filter-label--line--inline">Brown Brothers</span><span class="filter-label--line--inline">&nbsp;(1)</span></a></label></div></li><li class="filter-option__container" id="Bruce Jack" data-auto="filter-option" data-auto-selected="false"><div class="checkbox" data-auto="checkbox"><input id="filter-option--Bruce-Jack-9325255" name="filter-option--Bruce-Jack-9325255" type="checkbox"><label class="checkbox-label" for="filter-option--Bruce-Jack-9325255" title="Bruce Jack"><a class="filter-option--link" href="https://www.tesco.com/groceries/en-GB/shop/drinks/all?brand=Bruce%20Jack&amp;viewAll=brand"><span class="checkbox-square checkbox-square-linked"></span><span class="checkbox-check icon-tick-white"></span><span class="visually-hidden">Filter by</span><span class="filter-label--line--inline">Bruce Jack</span><span class="filter-label--line--inline">&nbsp;(1)</span></a></label></div></li><li class="filter-option__container" id="Bruichladdich" data-auto="filter-option" data-auto-selected="false"><div class="checkbox" data-auto="checkbox"><input id="filter-option--Bruichladdich-3390622" name="filter-option--Bruichladdich-3390622" type="checkbox"><label class="checkbox-label" for="filter-option--Bruichladdich-3390622" title="Bruichladdich"><a class="filter-option--link" href="https://www.tesco.com/groceries/en-GB/shop/drinks/all?brand=Bruichladdich&amp;viewAll=brand"><span class="checkbox-square checkbox-square-linked"></span><span class="checkbox-check icon-tick-white"></span><span class="visually-hidden">Filter by</span><span class="filter-label--line--inline">Bruichladdich</span><span class="filter-label--line--inline">&nbsp;(1)</span></a></label></div></li><li class="filter-option__container" id="Brumale" data-auto="filter-option" data-auto-selected="false"><div class="checkbox" data-auto="checkbox"><input id="filter-option--Brumale-5313518" name="filter-option--Brumale-5313518" type="checkbox"><label class="checkbox-label" for="filter-option--Brumale-5313518" title="Brumale"><a class="filter-option--link" href="https://www.tesco.com/groceries/en-GB/shop/drinks/all?brand=Brumale&amp;viewAll=brand"><span class="checkbox-square checkbox-square-linked"></span><span class="checkbox-check icon-tick-white"></span><span class="visually-hidden">Filter by</span><span class="filter-label--line--inline">Brumale</span><span class="filter-label--line--inline">&nbsp;(1)</span></a></label></div></li><li class="filter-option__container" id="Buckwud" data-auto="filter-option" data-auto-selected="false"><div class="checkbox" data-auto="checkbox"><input id="filter-option--Buckwud-5134013" name="filter-option--Buckwud-5134013" type="checkbox"><label class="checkbox-label" for="filter-option--Buckwud-5134013" title="Buckwud"><a class="filter-option--link" href="https://www.tesco.com/groceries/en-GB/shop/drinks/all?brand=Buckwud&amp;viewAll=brand"><span class="checkbox-square checkbox-square-linked"></span><span class="checkbox-check icon-tick-white"></span><span class="visually-hidden">Filter by</span><span class="filter-label--line--inline">Buckwud</span><span class="filter-label--line--inline">&nbsp;(1)</span></a></label></div></li><li class="filter-option__container" id="Buffalo" data-auto="filter-option" data-auto-selected="false"><div class="checkbox" data-auto="checkbox"><input id="filter-option--Buffalo-6840646" name="filter-option--Buffalo-6840646" type="checkbox"><label class="checkbox-label" for="filter-option--Buffalo-6840646" title="Buffalo"><a class="filter-option--link" href="https://www.tesco.com/groceries/en-GB/shop/drinks/all?brand=Buffalo&amp;viewAll=brand"><span class="checkbox-square checkbox-square-linked"></span><span class="checkbox-check icon-tick-white"></span><span class="visually-hidden">Filter by</span><span class="filter-label--line--inline">Buffalo</span><span class="filter-label--line--inline">&nbsp;(1)</span></a></label></div></li><li class="filter-option__container" id="Bumbu" data-auto="filter-option" data-auto-selected="false"><div class="checkbox" data-auto="checkbox"><input id="filter-option--Bumbu-5630744" name="filter-option--Bumbu-5630744" type="checkbox"><label class="checkbox-label" for="filter-option--Bumbu-5630744" title="Bumbu"><a class="filter-option--link" href="https://www.tesco.com/groceries/en-GB/shop/drinks/all?brand=Bumbu&amp;viewAll=brand"><span class="checkbox-square checkbox-square-linked"></span><span class="checkbox-check icon-tick-white"></span><span class="visually-hidden">Filter by</span><span class="filter-label--line--inline">Bumbu</span><span class="filter-label--line--inline">&nbsp;(1)</span></a></label></div></li><li class="filter-option__container" id="Bunnahabhain" data-auto="filter-option" data-auto-selected="false"><div class="checkbox" data-auto="checkbox"><input id="filter-option--Bunnahabhain-4264911" name="filter-option--Bunnahabhain-4264911" type="checkbox"><label class="checkbox-label" for="filter-option--Bunnahabhain-4264911" title="Bunnahabhain"><a class="filter-option--link" href="https://www.tesco.com/groceries/en-GB/shop/drinks/all?brand=Bunnahabhain&amp;viewAll=brand"><span class="checkbox-square checkbox-square-linked"></span><span class="checkbox-check icon-tick-white"></span><span class="visually-hidden">Filter by</span><span class="filter-label--line--inline">Bunnahabhain</span><span class="filter-label--line--inline">&nbsp;(1)</span></a></label></div></li><li class="filter-option__container" id="California By Snoop" data-auto="filter-option" data-auto-selected="false"><div class="checkbox" data-auto="checkbox"><input id="filter-option--California-By-Snoop-6578387" name="filter-option--California-By-Snoop-6578387" type="checkbox"><label class="checkbox-label" for="filter-option--California-By-Snoop-6578387" title="California By Snoop"><a class="filter-option--link" href="https://www.tesco.com/groceries/en-GB/shop/drinks/all?brand=California%20By%20Snoop&amp;viewAll=brand"><span class="checkbox-square checkbox-square-linked"></span><span class="checkbox-check icon-tick-white"></span><span class="visually-hidden">Filter by</span><span class="filter-label--line--block">California By</span><span class="filter-label--line--inline filter-label--line--truncate">Snoop</span><span class="filter-label--line--inline">&nbsp;(1)</span></a></label></div></li><li class="filter-option__container" id="Camp" data-auto="filter-option" data-auto-selected="false"><div class="checkbox" data-auto="checkbox"><input id="filter-option--Camp-6970291" name="filter-option--Camp-6970291" type="checkbox"><label class="checkbox-label" for="filter-option--Camp-6970291" title="Camp"><a class="filter-option--link" href="https://www.tesco.com/groceries/en-GB/shop/drinks/all?brand=Camp&amp;viewAll=brand"><span class="checkbox-square checkbox-square-linked"></span><span class="checkbox-check icon-tick-white"></span><span class="visually-hidden">Filter by</span><span class="filter-label--line--inline">Camp</span><span class="filter-label--line--inline">&nbsp;(1)</span></a></label></div></li><li class="filter-option__container" id="Camp Rock" data-auto="filter-option" data-auto-selected="false"><div class="checkbox" data-auto="checkbox"><input id="filter-option--Camp-Rock-4197615" name="filter-option--Camp-Rock-4197615" type="checkbox"><label class="checkbox-label" for="filter-option--Camp-Rock-4197615" title="Camp Rock"><a class="filter-option--link" href="https://www.tesco.com/groceries/en-GB/shop/drinks/all?brand=Camp%20Rock&amp;viewAll=brand"><span class="checkbox-square checkbox-square-linked"></span><span class="checkbox-check icon-tick-white"></span><span class="visually-hidden">Filter by</span><span class="filter-label--line--inline">Camp Rock</span><span class="filter-label--line--inline">&nbsp;(1)</span></a></label></div></li><li class="filter-option__container" id="Campari" data-auto="filter-option" data-auto-selected="false"><div class="checkbox" data-auto="checkbox"><input id="filter-option--Campari-1933548" name="filter-option--Campari-1933548" type="checkbox"><label class="checkbox-label" for="filter-option--Campari-1933548" title="Campari"><a class="filter-option--link" href="https://www.tesco.com/groceries/en-GB/shop/drinks/all?brand=Campari&amp;viewAll=brand"><span class="checkbox-square checkbox-square-linked"></span><span class="checkbox-check icon-tick-white"></span><span class="visually-hidden">Filter by</span><span class="filter-label--line--inline">Campari</span><span class="filter-label--line--inline">&nbsp;(1)</span></a></label></div></li><li class="filter-option__container" id="Campo V" data-auto="filter-option" data-auto-selected="false"><div class="checkbox" data-auto="checkbox"><input id="filter-option--Campo-V-4836706" name="filter-option--Campo-V-4836706" type="checkbox"><label class="checkbox-label" for="filter-option--Campo-V-4836706" title="Campo V"><a class="filter-option--link" href="https://www.tesco.com/groceries/en-GB/shop/drinks/all?brand=Campo%20V&amp;viewAll=brand"><span class="checkbox-square checkbox-square-linked"></span><span class="checkbox-check icon-tick-white"></span><span class="visually-hidden">Filter by</span><span class="filter-label--line--inline">Campo V</span><span class="filter-label--line--inline">&nbsp;(1)</span></a></label></div></li><li class="filter-option__container" id="Canadian" data-auto="filter-option" data-auto-selected="false"><div class="checkbox" data-auto="checkbox"><input id="filter-option--Canadian-5601867" name="filter-option--Canadian-5601867" type="checkbox"><label class="checkbox-label" for="filter-option--Canadian-5601867" title="Canadian"><a class="filter-option--link" href="https://www.tesco.com/groceries/en-GB/shop/drinks/all?brand=Canadian&amp;viewAll=brand"><span class="checkbox-square checkbox-square-linked"></span><span class="checkbox-check icon-tick-white"></span><span class="visually-hidden">Filter by</span><span class="filter-label--line--inline">Canadian</span><span class="filter-label--line--inline">&nbsp;(1)</span></a></label></div></li><li class="filter-option__container" id="Caol Ila" data-auto="filter-option" data-auto-selected="false"><div class="checkbox" data-auto="checkbox"><input id="filter-option--Caol-Ila-147892" name="filter-option--Caol-Ila-147892" type="checkbox"><label class="checkbox-label" for="filter-option--Caol-Ila-147892" title="Caol Ila"><a class="filter-option--link" href="https://www.tesco.com/groceries/en-GB/shop/drinks/all?brand=Caol%20Ila&amp;viewAll=brand"><span class="checkbox-square checkbox-square-linked"></span><span class="checkbox-check icon-tick-white"></span><span class="visually-hidden">Filter by</span><span class="filter-label--line--inline">Caol Ila</span><span class="filter-label--line--inline">&nbsp;(1)</span></a></label></div></li><li class="filter-option__container" id="Carano" data-auto="filter-option" data-auto-selected="false"><div class="checkbox" data-auto="checkbox"><input id="filter-option--Carano-1832107" name="filter-option--Carano-1832107" type="checkbox"><label class="checkbox-label" for="filter-option--Carano-1832107" title="Carano"><a class="filter-option--link" href="https://www.tesco.com/groceries/en-GB/shop/drinks/all?brand=Carano&amp;viewAll=brand"><span class="checkbox-square checkbox-square-linked"></span><span class="checkbox-check icon-tick-white"></span><span class="visually-hidden">Filter by</span><span class="filter-label--line--inline">Carano</span><span class="filter-label--line--inline">&nbsp;(1)</span></a></label></div></li><li class="filter-option__container" id="Cardhu" data-auto="filter-option" data-auto-selected="false"><div class="checkbox" data-auto="checkbox"><input id="filter-option--Cardhu-1878331" name="filter-option--Cardhu-1878331" type="checkbox"><label class="checkbox-label" for="filter-option--Cardhu-1878331" title="Cardhu"><a class="filter-option--link" href="https://www.tesco.com/groceries/en-GB/shop/drinks/all?brand=Cardhu&amp;viewAll=brand"><span class="checkbox-square checkbox-square-linked"></span><span class="checkbox-check icon-tick-white"></span><span class="visually-hidden">Filter by</span><span class="filter-label--line--inline">Cardhu</span><span class="filter-label--line--inline">&nbsp;(1)</span></a></label></div></li><li class="filter-option__container" id="Carib" data-auto="filter-option" data-auto-selected="false"><div class="checkbox" data-auto="checkbox"><input id="filter-option--Carib-5400261" name="filter-option--Carib-5400261" type="checkbox"><label class="checkbox-label" for="filter-option--Carib-5400261" title="Carib"><a class="filter-option--link" href="https://www.tesco.com/groceries/en-GB/shop/drinks/all?brand=Carib&amp;viewAll=brand"><span class="checkbox-square checkbox-square-linked"></span><span class="checkbox-check icon-tick-white"></span><span class="visually-hidden">Filter by</span><span class="filter-label--line--inline">Carib</span><span class="filter-label--line--inline">&nbsp;(1)</span></a></label></div></li><li class="filter-option__container" id="Carnivor" data-auto="filter-option" data-auto-selected="false"><div class="checkbox" data-auto="checkbox"><input id="filter-option--Carnivor-7946208" name="filter-option--Carnivor-7946208" type="checkbox"><label class="checkbox-label" for="filter-option--Carnivor-7946208" title="Carnivor"><a class="filter-option--link" href="https://www.tesco.com/groceries/en-GB/shop/drinks/all?brand=Carnivor&amp;viewAll=brand"><span class="checkbox-square checkbox-square-linked"></span><span class="checkbox-check icon-tick-white"></span><span class="visually-hidden">Filter by</span><span class="filter-label--line--inline">Carnivor</span><span class="filter-label--line--inline">&nbsp;(1)</span></a></label></div></li><li class="filter-option__container" id="Casillero Del Di" data-auto="filter-option" data-auto-selected="false"><div class="checkbox" data-auto="checkbox"><input id="filter-option--Casillero-Del-Di-3458202" name="filter-option--Casillero-Del-Di-3458202" type="checkbox"><label class="checkbox-label" for="filter-option--Casillero-Del-Di-3458202" title="Casillero Del Di"><a class="filter-option--link" href="https://www.tesco.com/groceries/en-GB/shop/drinks/all?brand=Casillero%20Del%20Di&amp;viewAll=brand"><span class="checkbox-square checkbox-square-linked"></span><span class="checkbox-check icon-tick-white"></span><span class="visually-hidden">Filter by</span><span class="filter-label--line--block">Casillero</span><span class="filter-label--line--inline filter-label--line--truncate">Del Di</span><span class="filter-label--line--inline">&nbsp;(1)</span></a></label></div></li><li class="filter-option__container" id="Castel" data-auto="filter-option" data-auto-selected="false"><div class="checkbox" data-auto="checkbox"><input id="filter-option--Castel-2565211" name="filter-option--Castel-2565211" type="checkbox"><label class="checkbox-label" for="filter-option--Castel-2565211" title="Castel"><a class="filter-option--link" href="https://www.tesco.com/groceries/en-GB/shop/drinks/all?brand=Castel&amp;viewAll=brand"><span class="checkbox-square checkbox-square-linked"></span><span class="checkbox-check icon-tick-white"></span><span class="visually-hidden">Filter by</span><span class="filter-label--line--inline">Castel</span><span class="filter-label--line--inline">&nbsp;(1)</span></a></label></div></li><li class="filter-option__container" id="Castel Faglia" data-auto="filter-option" data-auto-selected="false"><div class="checkbox" data-auto="checkbox"><input id="filter-option--Castel-Faglia-5888177" name="filter-option--Castel-Faglia-5888177" type="checkbox"><label class="checkbox-label" for="filter-option--Castel-Faglia-5888177" title="Castel Faglia"><a class="filter-option--link" href="https://www.tesco.com/groceries/en-GB/shop/drinks/all?brand=Castel%20Faglia&amp;viewAll=brand"><span class="checkbox-square checkbox-square-linked"></span><span class="checkbox-check icon-tick-white"></span><span class="visually-hidden">Filter by</span><span class="filter-label--line--inline">Castel Faglia</span><span class="filter-label--line--inline">&nbsp;(1)</span></a></label></div></li><li class="filter-option__container" id="Ceders" data-auto="filter-option" data-auto-selected="false"><div class="checkbox" data-auto="checkbox"><input id="filter-option--Ceders-7445742" name="filter-option--Ceders-7445742" type="checkbox"><label class="checkbox-label" for="filter-option--Ceders-7445742" title="Ceders"><a class="filter-option--link" href="https://www.tesco.com/groceries/en-GB/shop/drinks/all?brand=Ceders&amp;viewAll=brand"><span class="checkbox-square checkbox-square-linked"></span><span class="checkbox-check icon-tick-white"></span><span class="visually-hidden">Filter by</span><span class="filter-label--line--inline">Ceders</span><span class="filter-label--line--inline">&nbsp;(1)</span></a></label></div></li><li class="filter-option__container" id="Celebrations" data-auto="filter-option" data-auto-selected="false"><div class="checkbox" data-auto="checkbox"><input id="filter-option--Celebrations-8808164" name="filter-option--Celebrations-8808164" type="checkbox"><label class="checkbox-label" for="filter-option--Celebrations-8808164" title="Celebrations"><a class="filter-option--link" href="https://www.tesco.com/groceries/en-GB/shop/drinks/all?brand=Celebrations&amp;viewAll=brand"><span class="checkbox-square checkbox-square-linked"></span><span class="checkbox-check icon-tick-white"></span><span class="visually-hidden">Filter by</span><span class="filter-label--line--inline">Celebrations</span><span class="filter-label--line--inline">&nbsp;(1)</span></a></label></div></li><li class="filter-option__container" id="Chambord" data-auto="filter-option" data-auto-selected="false"><div class="checkbox" data-auto="checkbox"><input id="filter-option--Chambord-991230" name="filter-option--Chambord-991230" type="checkbox"><label class="checkbox-label" for="filter-option--Chambord-991230" title="Chambord"><a class="filter-option--link" href="https://www.tesco.com/groceries/en-GB/shop/drinks/all?brand=Chambord&amp;viewAll=brand"><span class="checkbox-square checkbox-square-linked"></span><span class="checkbox-check icon-tick-white"></span><span class="visually-hidden">Filter by</span><span class="filter-label--line--inline">Chambord</span><span class="filter-label--line--inline">&nbsp;(1)</span></a></label></div></li><li class="filter-option__container" id="Chapoutier" data-auto="filter-option" data-auto-selected="false"><div class="checkbox" data-auto="checkbox"><input id="filter-option--Chapoutier-6367135" name="filter-option--Chapoutier-6367135" type="checkbox"><label class="checkbox-label" for="filter-option--Chapoutier-6367135" title="Chapoutier"><a class="filter-option--link" href="https://www.tesco.com/groceries/en-GB/shop/drinks/all?brand=Chapoutier&amp;viewAll=brand"><span class="checkbox-square checkbox-square-linked"></span><span class="checkbox-check icon-tick-white"></span><span class="visually-hidden">Filter by</span><span class="filter-label--line--inline">Chapoutier</span><span class="filter-label--line--inline">&nbsp;(1)</span></a></label></div></li><li class="filter-option__container" id="Chateau Fougeres" data-auto="filter-option" data-auto-selected="false"><div class="checkbox" data-auto="checkbox"><input id="filter-option--Chateau-Fougeres-9927181" name="filter-option--Chateau-Fougeres-9927181" type="checkbox"><label class="checkbox-label" for="filter-option--Chateau-Fougeres-9927181" title="Chateau Fougeres"><a class="filter-option--link" href="https://www.tesco.com/groceries/en-GB/shop/drinks/all?brand=Chateau%20Fougeres&amp;viewAll=brand"><span class="checkbox-square checkbox-square-linked"></span><span class="checkbox-check icon-tick-white"></span><span class="visually-hidden">Filter by</span><span class="filter-label--line--block">Chateau</span><span class="filter-label--line--inline filter-label--line--truncate">Fougeres</span><span class="filter-label--line--inline">&nbsp;(1)</span></a></label></div></li><li class="filter-option__container" id="Cherrygood" data-auto="filter-option" data-auto-selected="false"><div class="checkbox" data-auto="checkbox"><input id="filter-option--Cherrygood-5409133" name="filter-option--Cherrygood-5409133" type="checkbox"><label class="checkbox-label" for="filter-option--Cherrygood-5409133" title="Cherrygood"><a class="filter-option--link" href="https://www.tesco.com/groceries/en-GB/shop/drinks/all?brand=Cherrygood&amp;viewAll=brand"><span class="checkbox-square checkbox-square-linked"></span><span class="checkbox-check icon-tick-white"></span><span class="visually-hidden">Filter by</span><span class="filter-label--line--inline">Cherrygood</span><span class="filter-label--line--inline">&nbsp;(1)</span></a></label></div></li><li class="filter-option__container" id="Chimay" data-auto="filter-option" data-auto-selected="false"><div class="checkbox" data-auto="checkbox"><input id="filter-option--Chimay-2492912" name="filter-option--Chimay-2492912" type="checkbox"><label class="checkbox-label" for="filter-option--Chimay-2492912" title="Chimay"><a class="filter-option--link" href="https://www.tesco.com/groceries/en-GB/shop/drinks/all?brand=Chimay&amp;viewAll=brand"><span class="checkbox-square checkbox-square-linked"></span><span class="checkbox-check icon-tick-white"></span><span class="visually-hidden">Filter by</span><span class="filter-label--line--inline">Chimay</span><span class="filter-label--line--inline">&nbsp;(1)</span></a></label></div></li><li class="filter-option__container" id="Cinzano" data-auto="filter-option" data-auto-selected="false"><div class="checkbox" data-auto="checkbox"><input id="filter-option--Cinzano-5572913" name="filter-option--Cinzano-5572913" type="checkbox"><label class="checkbox-label" for="filter-option--Cinzano-5572913" title="Cinzano"><a class="filter-option--link" href="https://www.tesco.com/groceries/en-GB/shop/drinks/all?brand=Cinzano&amp;viewAll=brand"><span class="checkbox-square checkbox-square-linked"></span><span class="checkbox-check icon-tick-white"></span><span class="visually-hidden">Filter by</span><span class="filter-label--line--inline">Cinzano</span><span class="filter-label--line--inline">&nbsp;(1)</span></a></label></div></li><li class="filter-option__container" id="Ciroc" data-auto="filter-option" data-auto-selected="false"><div class="checkbox" data-auto="checkbox"><input id="filter-option--Ciroc-2384144" name="filter-option--Ciroc-2384144" type="checkbox"><label class="checkbox-label" for="filter-option--Ciroc-2384144" title="Ciroc"><a class="filter-option--link" href="https://www.tesco.com/groceries/en-GB/shop/drinks/all?brand=Ciroc&amp;viewAll=brand"><span class="checkbox-square checkbox-square-linked"></span><span class="checkbox-check icon-tick-white"></span><span class="visually-hidden">Filter by</span><span class="filter-label--line--inline">Ciroc</span><span class="filter-label--line--inline">&nbsp;(1)</span></a></label></div></li><li class="filter-option__container" id="Cloudy Bay" data-auto="filter-option" data-auto-selected="false"><div class="checkbox" data-auto="checkbox"><input id="filter-option--Cloudy-Bay-707521" name="filter-option--Cloudy-Bay-707521" type="checkbox"><label class="checkbox-label" for="filter-option--Cloudy-Bay-707521" title="Cloudy Bay"><a class="filter-option--link" href="https://www.tesco.com/groceries/en-GB/shop/drinks/all?brand=Cloudy%20Bay&amp;viewAll=brand"><span class="checkbox-square checkbox-square-linked"></span><span class="checkbox-check icon-tick-white"></span><span class="visually-hidden">Filter by</span><span class="filter-label--line--inline">Cloudy Bay</span><span class="filter-label--line--inline">&nbsp;(1)</span></a></label></div></li><li class="filter-option__container" id="Coco Cabana" data-auto="filter-option" data-auto-selected="false"><div class="checkbox" data-auto="checkbox"><input id="filter-option--Coco-Cabana-8674822" name="filter-option--Coco-Cabana-8674822" type="checkbox"><label class="checkbox-label" for="filter-option--Coco-Cabana-8674822" title="Coco Cabana"><a class="filter-option--link" href="https://www.tesco.com/groceries/en-GB/shop/drinks/all?brand=Coco%20Cabana&amp;viewAll=brand"><span class="checkbox-square checkbox-square-linked"></span><span class="checkbox-check icon-tick-white"></span><span class="visually-hidden">Filter by</span><span class="filter-label--line--inline">Coco Cabana</span><span class="filter-label--line--inline">&nbsp;(1)</span></a></label></div></li><li class="filter-option__container" id="Codorniu" data-auto="filter-option" data-auto-selected="false"><div class="checkbox" data-auto="checkbox"><input id="filter-option--Codorniu-7201166" name="filter-option--Codorniu-7201166" type="checkbox"><label class="checkbox-label" for="filter-option--Codorniu-7201166" title="Codorniu"><a class="filter-option--link" href="https://www.tesco.com/groceries/en-GB/shop/drinks/all?brand=Codorniu&amp;viewAll=brand"><span class="checkbox-square checkbox-square-linked"></span><span class="checkbox-check icon-tick-white"></span><span class="visually-hidden">Filter by</span><span class="filter-label--line--inline">Codorniu</span><span class="filter-label--line--inline">&nbsp;(1)</span></a></label></div></li><li class="filter-option__container" id="Coffee Mate" data-auto="filter-option" data-auto-selected="false"><div class="checkbox" data-auto="checkbox"><input id="filter-option--Coffee-Mate-5893329" name="filter-option--Coffee-Mate-5893329" type="checkbox"><label class="checkbox-label" for="filter-option--Coffee-Mate-5893329" title="Coffee Mate"><a class="filter-option--link" href="https://www.tesco.com/groceries/en-GB/shop/drinks/all?brand=Coffee%20Mate&amp;viewAll=brand"><span class="checkbox-square checkbox-square-linked"></span><span class="checkbox-check icon-tick-white"></span><span class="visually-hidden">Filter by</span><span class="filter-label--line--inline">Coffee Mate</span><span class="filter-label--line--inline">&nbsp;(1)</span></a></label></div></li><li class="filter-option__container" id="Cointreau" data-auto="filter-option" data-auto-selected="false"><div class="checkbox" data-auto="checkbox"><input id="filter-option--Cointreau-4857297" name="filter-option--Cointreau-4857297" type="checkbox"><label class="checkbox-label" for="filter-option--Cointreau-4857297" title="Cointreau"><a class="filter-option--link" href="https://www.tesco.com/groceries/en-GB/shop/drinks/all?brand=Cointreau&amp;viewAll=brand"><span class="checkbox-square checkbox-square-linked"></span><span class="checkbox-check icon-tick-white"></span><span class="visually-hidden">Filter by</span><span class="filter-label--line--inline">Cointreau</span><span class="filter-label--line--inline">&nbsp;(1)</span></a></label></div></li><li class="filter-option__container" id="Contino" data-auto="filter-option" data-auto-selected="false"><div class="checkbox" data-auto="checkbox"><input id="filter-option--Contino-9152796" name="filter-option--Contino-9152796" type="checkbox"><label class="checkbox-label" for="filter-option--Contino-9152796" title="Contino"><a class="filter-option--link" href="https://www.tesco.com/groceries/en-GB/shop/drinks/all?brand=Contino&amp;viewAll=brand"><span class="checkbox-square checkbox-square-linked"></span><span class="checkbox-check icon-tick-white"></span><span class="visually-hidden">Filter by</span><span class="filter-label--line--inline">Contino</span><span class="filter-label--line--inline">&nbsp;(1)</span></a></label></div></li><li class="filter-option__container" id="Coole Swan" data-auto="filter-option" data-auto-selected="false"><div class="checkbox" data-auto="checkbox"><input id="filter-option--Coole-Swan-8380653" name="filter-option--Coole-Swan-8380653" type="checkbox"><label class="checkbox-label" for="filter-option--Coole-Swan-8380653" title="Coole Swan"><a class="filter-option--link" href="https://www.tesco.com/groceries/en-GB/shop/drinks/all?brand=Coole%20Swan&amp;viewAll=brand"><span class="checkbox-square checkbox-square-linked"></span><span class="checkbox-check icon-tick-white"></span><span class="visually-hidden">Filter by</span><span class="filter-label--line--inline">Coole Swan</span><span class="filter-label--line--inline">&nbsp;(1)</span></a></label></div></li><li class="filter-option__container" id="Cotswolds" data-auto="filter-option" data-auto-selected="false"><div class="checkbox" data-auto="checkbox"><input id="filter-option--Cotswolds-714184" name="filter-option--Cotswolds-714184" type="checkbox"><label class="checkbox-label" for="filter-option--Cotswolds-714184" title="Cotswolds"><a class="filter-option--link" href="https://www.tesco.com/groceries/en-GB/shop/drinks/all?brand=Cotswolds&amp;viewAll=brand"><span class="checkbox-square checkbox-square-linked"></span><span class="checkbox-check icon-tick-white"></span><span class="visually-hidden">Filter by</span><span class="filter-label--line--inline">Cotswolds</span><span class="filter-label--line--inline">&nbsp;(1)</span></a></label></div></li><li class="filter-option__container" id="Country Manor" data-auto="filter-option" data-auto-selected="false"><div class="checkbox" data-auto="checkbox"><input id="filter-option--Country-Manor-8220279" name="filter-option--Country-Manor-8220279" type="checkbox"><label class="checkbox-label" for="filter-option--Country-Manor-8220279" title="Country Manor"><a class="filter-option--link" href="https://www.tesco.com/groceries/en-GB/shop/drinks/all?brand=Country%20Manor&amp;viewAll=brand"><span class="checkbox-square checkbox-square-linked"></span><span class="checkbox-check icon-tick-white"></span><span class="visually-hidden">Filter by</span><span class="filter-label--line--inline">Country Manor</span><span class="filter-label--line--inline">&nbsp;(1)</span></a></label></div></li><li class="filter-option__container" id="Courriere" data-auto="filter-option" data-auto-selected="false"><div class="checkbox" data-auto="checkbox"><input id="filter-option--Courriere-2285725" name="filter-option--Courriere-2285725" type="checkbox"><label class="checkbox-label" for="filter-option--Courriere-2285725" title="Courriere"><a class="filter-option--link" href="https://www.tesco.com/groceries/en-GB/shop/drinks/all?brand=Courriere&amp;viewAll=brand"><span class="checkbox-square checkbox-square-linked"></span><span class="checkbox-check icon-tick-white"></span><span class="visually-hidden">Filter by</span><span class="filter-label--line--inline">Courriere</span><span class="filter-label--line--inline">&nbsp;(1)</span></a></label></div></li><li class="filter-option__container" id="Cracker" data-auto="filter-option" data-auto-selected="false"><div class="checkbox" data-auto="checkbox"><input id="filter-option--Cracker-8155320" name="filter-option--Cracker-8155320" type="checkbox"><label class="checkbox-label" for="filter-option--Cracker-8155320" title="Cracker"><a class="filter-option--link" href="https://www.tesco.com/groceries/en-GB/shop/drinks/all?brand=Cracker&amp;viewAll=brand"><span class="checkbox-square checkbox-square-linked"></span><span class="checkbox-check icon-tick-white"></span><span class="visually-hidden">Filter by</span><span class="filter-label--line--inline">Cracker</span><span class="filter-label--line--inline">&nbsp;(1)</span></a></label></div></li><li class="filter-option__container" id="Cranes Cider" data-auto="filter-option" data-auto-selected="false"><div class="checkbox" data-auto="checkbox"><input id="filter-option--Cranes-Cider-6868220" name="filter-option--Cranes-Cider-6868220" type="checkbox"><label class="checkbox-label" for="filter-option--Cranes-Cider-6868220" title="Cranes Cider"><a class="filter-option--link" href="https://www.tesco.com/groceries/en-GB/shop/drinks/all?brand=Cranes%20Cider&amp;viewAll=brand"><span class="checkbox-square checkbox-square-linked"></span><span class="checkbox-check icon-tick-white"></span><span class="visually-hidden">Filter by</span><span class="filter-label--line--inline">Cranes Cider</span><span class="filter-label--line--inline">&nbsp;(1)</span></a></label></div></li><li class="filter-option__container" id="Crocodile Diamante" data-auto="filter-option" data-auto-selected="false"><div class="checkbox" data-auto="checkbox"><input id="filter-option--Crocodile-Diamante-4949609" name="filter-option--Crocodile-Diamante-4949609" type="checkbox"><label class="checkbox-label" for="filter-option--Crocodile-Diamante-4949609" title="Crocodile Diamante"><a class="filter-option--link" href="https://www.tesco.com/groceries/en-GB/shop/drinks/all?brand=Crocodile%20Diamante&amp;viewAll=brand"><span class="checkbox-square checkbox-square-linked"></span><span class="checkbox-check icon-tick-white"></span><span class="visually-hidden">Filter by</span><span class="filter-label--line--block">Crocodile</span><span class="filter-label--line--inline filter-label--line--truncate">Diamante</span><span class="filter-label--line--inline">&nbsp;(1)</span></a></label></div></li><li class="filter-option__container" id="Croft" data-auto="filter-option" data-auto-selected="false"><div class="checkbox" data-auto="checkbox"><input id="filter-option--Croft-8451763" name="filter-option--Croft-8451763" type="checkbox"><label class="checkbox-label" for="filter-option--Croft-8451763" title="Croft"><a class="filter-option--link" href="https://www.tesco.com/groceries/en-GB/shop/drinks/all?brand=Croft&amp;viewAll=brand"><span class="checkbox-square checkbox-square-linked"></span><span class="checkbox-check icon-tick-white"></span><span class="visually-hidden">Filter by</span><span class="filter-label--line--inline">Croft</span><span class="filter-label--line--inline">&nbsp;(1)</span></a></label></div></li><li class="filter-option__container" id="Crofters" data-auto="filter-option" data-auto-selected="false"><div class="checkbox" data-auto="checkbox"><input id="filter-option--Crofters-4500586" name="filter-option--Crofters-4500586" type="checkbox"><label class="checkbox-label" for="filter-option--Crofters-4500586" title="Crofters"><a class="filter-option--link" href="https://www.tesco.com/groceries/en-GB/shop/drinks/all?brand=Crofters&amp;viewAll=brand"><span class="checkbox-square checkbox-square-linked"></span><span class="checkbox-check icon-tick-white"></span><span class="visually-hidden">Filter by</span><span class="filter-label--line--inline">Crofters</span><span class="filter-label--line--inline">&nbsp;(1)</span></a></label></div></li><li class="filter-option__container" id="Cru" data-auto="filter-option" data-auto-selected="false"><div class="checkbox" data-auto="checkbox"><input id="filter-option--Cru-3595525" name="filter-option--Cru-3595525" type="checkbox"><label class="checkbox-label" for="filter-option--Cru-3595525" title="Cru"><a class="filter-option--link" href="https://www.tesco.com/groceries/en-GB/shop/drinks/all?brand=Cru&amp;viewAll=brand"><span class="checkbox-square checkbox-square-linked"></span><span class="checkbox-check icon-tick-white"></span><span class="visually-hidden">Filter by</span><span class="filter-label--line--inline">Cru</span><span class="filter-label--line--inline">&nbsp;(1)</span></a></label></div></li><li class="filter-option__container" id="Crumpton Oaks" data-auto="filter-option" data-auto-selected="false"><div class="checkbox" data-auto="checkbox"><input id="filter-option--Crumpton-Oaks-8160342" name="filter-option--Crumpton-Oaks-8160342" type="checkbox"><label class="checkbox-label" for="filter-option--Crumpton-Oaks-8160342" title="Crumpton Oaks"><a class="filter-option--link" href="https://www.tesco.com/groceries/en-GB/shop/drinks/all?brand=Crumpton%20Oaks&amp;viewAll=brand"><span class="checkbox-square checkbox-square-linked"></span><span class="checkbox-check icon-tick-white"></span><span class="visually-hidden">Filter by</span><span class="filter-label--line--inline">Crumpton Oaks</span><span class="filter-label--line--inline">&nbsp;(1)</span></a></label></div></li><li class="filter-option__container" id="Dalwhinnie" data-auto="filter-option" data-auto-selected="false"><div class="checkbox" data-auto="checkbox"><input id="filter-option--Dalwhinnie-9462734" name="filter-option--Dalwhinnie-9462734" type="checkbox"><label class="checkbox-label" for="filter-option--Dalwhinnie-9462734" title="Dalwhinnie"><a class="filter-option--link" href="https://www.tesco.com/groceries/en-GB/shop/drinks/all?brand=Dalwhinnie&amp;viewAll=brand"><span class="checkbox-square checkbox-square-linked"></span><span class="checkbox-check icon-tick-white"></span><span class="visually-hidden">Filter by</span><span class="filter-label--line--inline">Dalwhinnie</span><span class="filter-label--line--inline">&nbsp;(1)</span></a></label></div></li><li class="filter-option__container" id="Days Brewing Co." data-auto="filter-option" data-auto-selected="false"><div class="checkbox" data-auto="checkbox"><input id="filter-option--Days-Brewing-Co.-5563221" name="filter-option--Days-Brewing-Co.-5563221" type="checkbox"><label class="checkbox-label" for="filter-option--Days-Brewing-Co.-5563221" title="Days Brewing Co."><a class="filter-option--link" href="https://www.tesco.com/groceries/en-GB/shop/drinks/all?brand=Days%20Brewing%20Co.&amp;viewAll=brand"><span class="checkbox-square checkbox-square-linked"></span><span class="checkbox-check icon-tick-white"></span><span class="visually-hidden">Filter by</span><span class="filter-label--line--block">Days Brewing</span><span class="filter-label--line--inline filter-label--line--truncate">Co.</span><span class="filter-label--line--inline">&nbsp;(1)</span></a></label></div></li><li class="filter-option__container" id="De Colmar" data-auto="filter-option" data-auto-selected="false"><div class="checkbox" data-auto="checkbox"><input id="filter-option--De-Colmar-2311321" name="filter-option--De-Colmar-2311321" type="checkbox"><label class="checkbox-label" for="filter-option--De-Colmar-2311321" title="De Colmar"><a class="filter-option--link" href="https://www.tesco.com/groceries/en-GB/shop/drinks/all?brand=De%20Colmar&amp;viewAll=brand"><span class="checkbox-square checkbox-square-linked"></span><span class="checkbox-check icon-tick-white"></span><span class="visually-hidden">Filter by</span><span class="filter-label--line--inline">De Colmar</span><span class="filter-label--line--inline">&nbsp;(1)</span></a></label></div></li><li class="filter-option__container" id="Deinhard" data-auto="filter-option" data-auto-selected="false"><div class="checkbox" data-auto="checkbox"><input id="filter-option--Deinhard-7371143" name="filter-option--Deinhard-7371143" type="checkbox"><label class="checkbox-label" for="filter-option--Deinhard-7371143" title="Deinhard"><a class="filter-option--link" href="https://www.tesco.com/groceries/en-GB/shop/drinks/all?brand=Deinhard&amp;viewAll=brand"><span class="checkbox-square checkbox-square-linked"></span><span class="checkbox-check icon-tick-white"></span><span class="visually-hidden">Filter by</span><span class="filter-label--line--inline">Deinhard</span><span class="filter-label--line--inline">&nbsp;(1)</span></a></label></div></li><li class="filter-option__container" id="Delirium" data-auto="filter-option" data-auto-selected="false"><div class="checkbox" data-auto="checkbox"><input id="filter-option--Delirium-6892019" name="filter-option--Delirium-6892019" type="checkbox"><label class="checkbox-label" for="filter-option--Delirium-6892019" title="Delirium"><a class="filter-option--link" href="https://www.tesco.com/groceries/en-GB/shop/drinks/all?brand=Delirium&amp;viewAll=brand"><span class="checkbox-square checkbox-square-linked"></span><span class="checkbox-check icon-tick-white"></span><span class="visually-hidden">Filter by</span><span class="filter-label--line--inline">Delirium</span><span class="filter-label--line--inline">&nbsp;(1)</span></a></label></div></li><li class="filter-option__container" id="Di Marco" data-auto="filter-option" data-auto-selected="false"><div class="checkbox" data-auto="checkbox"><input id="filter-option--Di-Marco-4155879" name="filter-option--Di-Marco-4155879" type="checkbox"><label class="checkbox-label" for="filter-option--Di-Marco-4155879" title="Di Marco"><a class="filter-option--link" href="https://www.tesco.com/groceries/en-GB/shop/drinks/all?brand=Di%20Marco&amp;viewAll=brand"><span class="checkbox-square checkbox-square-linked"></span><span class="checkbox-check icon-tick-white"></span><span class="visually-hidden">Filter by</span><span class="filter-label--line--inline">Di Marco</span><span class="filter-label--line--inline">&nbsp;(1)</span></a></label></div></li><li class="filter-option__container" id="Distiller&#39;s Select" data-auto="filter-option" data-auto-selected="false"><div class="checkbox" data-auto="checkbox"><input id="filter-option--Distiller&#39;s-Select-7201353" name="filter-option--Distiller&#39;s-Select-7201353" type="checkbox"><label class="checkbox-label" for="filter-option--Distiller&#39;s-Select-7201353" title="Distiller&#39;s Select"><a class="filter-option--link" href="https://www.tesco.com/groceries/en-GB/shop/drinks/all?brand=Distiller%27s%20Select&amp;viewAll=brand"><span class="checkbox-square checkbox-square-linked"></span><span class="checkbox-check icon-tick-white"></span><span class="visually-hidden">Filter by</span><span class="filter-label--line--block">Distiller's</span><span class="filter-label--line--inline filter-label--line--truncate">Select</span><span class="filter-label--line--inline">&nbsp;(1)</span></a></label></div></li><li class="filter-option__container" id="Dolce &amp; Gabbana" data-auto="filter-option" data-auto-selected="false"><div class="checkbox" data-auto="checkbox"><input id="filter-option--Dolce-Gabbana-4147136" name="filter-option--Dolce-Gabbana-4147136" type="checkbox"><label class="checkbox-label" for="filter-option--Dolce-Gabbana-4147136" title="Dolce &amp; Gabbana"><a class="filter-option--link" href="https://www.tesco.com/groceries/en-GB/shop/drinks/all?brand=Dolce%20%26%20Gabbana&amp;viewAll=brand"><span class="checkbox-square checkbox-square-linked"></span><span class="checkbox-check icon-tick-white"></span><span class="visually-hidden">Filter by</span><span class="filter-label--line--block">Dolce &amp;</span><span class="filter-label--line--inline filter-label--line--truncate">Gabbana</span><span class="filter-label--line--inline">&nbsp;(1)</span></a></label></div></li><li class="filter-option__container" id="Don Carlo" data-auto="filter-option" data-auto-selected="false"><div class="checkbox" data-auto="checkbox"><input id="filter-option--Don-Carlo-4617861" name="filter-option--Don-Carlo-4617861" type="checkbox"><label class="checkbox-label" for="filter-option--Don-Carlo-4617861" title="Don Carlo"><a class="filter-option--link" href="https://www.tesco.com/groceries/en-GB/shop/drinks/all?brand=Don%20Carlo&amp;viewAll=brand"><span class="checkbox-square checkbox-square-linked"></span><span class="checkbox-check icon-tick-white"></span><span class="visually-hidden">Filter by</span><span class="filter-label--line--inline">Don Carlo</span><span class="filter-label--line--inline">&nbsp;(1)</span></a></label></div></li><li class="filter-option__container" id="Don Papa" data-auto="filter-option" data-auto-selected="false"><div class="checkbox" data-auto="checkbox"><input id="filter-option--Don-Papa-3771499" name="filter-option--Don-Papa-3771499" type="checkbox"><label class="checkbox-label" for="filter-option--Don-Papa-3771499" title="Don Papa"><a class="filter-option--link" href="https://www.tesco.com/groceries/en-GB/shop/drinks/all?brand=Don%20Papa&amp;viewAll=brand"><span class="checkbox-square checkbox-square-linked"></span><span class="checkbox-check icon-tick-white"></span><span class="visually-hidden">Filter by</span><span class="filter-label--line--inline">Don Papa</span><span class="filter-label--line--inline">&nbsp;(1)</span></a></label></div></li><li class="filter-option__container" id="Dows" data-auto="filter-option" data-auto-selected="false"><div class="checkbox" data-auto="checkbox"><input id="filter-option--Dows-1401458" name="filter-option--Dows-1401458" type="checkbox"><label class="checkbox-label" for="filter-option--Dows-1401458" title="Dows"><a class="filter-option--link" href="https://www.tesco.com/groceries/en-GB/shop/drinks/all?brand=Dows&amp;viewAll=brand"><span class="checkbox-square checkbox-square-linked"></span><span class="checkbox-check icon-tick-white"></span><span class="visually-hidden">Filter by</span><span class="filter-label--line--inline">Dows</span><span class="filter-label--line--inline">&nbsp;(1)</span></a></label></div></li><li class="filter-option__container" id="Dragon Stout" data-auto="filter-option" data-auto-selected="false"><div class="checkbox" data-auto="checkbox"><input id="filter-option--Dragon-Stout-8640167" name="filter-option--Dragon-Stout-8640167" type="checkbox"><label class="checkbox-label" for="filter-option--Dragon-Stout-8640167" title="Dragon Stout"><a class="filter-option--link" href="https://www.tesco.com/groceries/en-GB/shop/drinks/all?brand=Dragon%20Stout&amp;viewAll=brand"><span class="checkbox-square checkbox-square-linked"></span><span class="checkbox-check icon-tick-white"></span><span class="visually-hidden">Filter by</span><span class="filter-label--line--inline">Dragon Stout</span><span class="filter-label--line--inline">&nbsp;(1)</span></a></label></div></li><li class="filter-option__container" id="Drambuie" data-auto="filter-option" data-auto-selected="false"><div class="checkbox" data-auto="checkbox"><input id="filter-option--Drambuie-6682485" name="filter-option--Drambuie-6682485" type="checkbox"><label class="checkbox-label" for="filter-option--Drambuie-6682485" title="Drambuie"><a class="filter-option--link" href="https://www.tesco.com/groceries/en-GB/shop/drinks/all?brand=Drambuie&amp;viewAll=brand"><span class="checkbox-square checkbox-square-linked"></span><span class="checkbox-check icon-tick-white"></span><span class="visually-hidden">Filter by</span><span class="filter-label--line--inline">Drambuie</span><span class="filter-label--line--inline">&nbsp;(1)</span></a></label></div></li><li class="filter-option__container" id="Drink Me" data-auto="filter-option" data-auto-selected="false"><div class="checkbox" data-auto="checkbox"><input id="filter-option--Drink-Me-6629841" name="filter-option--Drink-Me-6629841" type="checkbox"><label class="checkbox-label" for="filter-option--Drink-Me-6629841" title="Drink Me"><a class="filter-option--link" href="https://www.tesco.com/groceries/en-GB/shop/drinks/all?brand=Drink%20Me&amp;viewAll=brand"><span class="checkbox-square checkbox-square-linked"></span><span class="checkbox-check icon-tick-white"></span><span class="visually-hidden">Filter by</span><span class="filter-label--line--inline">Drink Me</span><span class="filter-label--line--inline">&nbsp;(1)</span></a></label></div></li><li class="filter-option__container" id="Duboeuf" data-auto="filter-option" data-auto-selected="false"><div class="checkbox" data-auto="checkbox"><input id="filter-option--Duboeuf-7485081" name="filter-option--Duboeuf-7485081" type="checkbox"><label class="checkbox-label" for="filter-option--Duboeuf-7485081" title="Duboeuf"><a class="filter-option--link" href="https://www.tesco.com/groceries/en-GB/shop/drinks/all?brand=Duboeuf&amp;viewAll=brand"><span class="checkbox-square checkbox-square-linked"></span><span class="checkbox-check icon-tick-white"></span><span class="visually-hidden">Filter by</span><span class="filter-label--line--inline">Duboeuf</span><span class="filter-label--line--inline">&nbsp;(1)</span></a></label></div></li><li class="filter-option__container" id="Dummy" data-auto="filter-option" data-auto-selected="false"><div class="checkbox" data-auto="checkbox"><input id="filter-option--Dummy-3634744" name="filter-option--Dummy-3634744" type="checkbox"><label class="checkbox-label" for="filter-option--Dummy-3634744" title="Dummy"><a class="filter-option--link" href="https://www.tesco.com/groceries/en-GB/shop/drinks/all?brand=Dummy&amp;viewAll=brand"><span class="checkbox-square checkbox-square-linked"></span><span class="checkbox-check icon-tick-white"></span><span class="visually-hidden">Filter by</span><span class="filter-label--line--inline">Dummy</span><span class="filter-label--line--inline">&nbsp;(1)</span></a></label></div></li><li class="filter-option__container" id="E&amp;J" data-auto="filter-option" data-auto-selected="false"><div class="checkbox" data-auto="checkbox"><input id="filter-option--E&amp;J-2972326" name="filter-option--E&amp;J-2972326" type="checkbox"><label class="checkbox-label" for="filter-option--E&amp;J-2972326" title="E&amp;J"><a class="filter-option--link" href="https://www.tesco.com/groceries/en-GB/shop/drinks/all?brand=E%26J&amp;viewAll=brand"><span class="checkbox-square checkbox-square-linked"></span><span class="checkbox-check icon-tick-white"></span><span class="visually-hidden">Filter by</span><span class="filter-label--line--inline">E&amp;J</span><span class="filter-label--line--inline">&nbsp;(1)</span></a></label></div></li><li class="filter-option__container" id="Eagle Crest" data-auto="filter-option" data-auto-selected="false"><div class="checkbox" data-auto="checkbox"><input id="filter-option--Eagle-Crest-7261840" name="filter-option--Eagle-Crest-7261840" type="checkbox"><label class="checkbox-label" for="filter-option--Eagle-Crest-7261840" title="Eagle Crest"><a class="filter-option--link" href="https://www.tesco.com/groceries/en-GB/shop/drinks/all?brand=Eagle%20Crest&amp;viewAll=brand"><span class="checkbox-square checkbox-square-linked"></span><span class="checkbox-check icon-tick-white"></span><span class="visually-hidden">Filter by</span><span class="filter-label--line--inline">Eagle Crest</span><span class="filter-label--line--inline">&nbsp;(1)</span></a></label></div></li><li class="filter-option__container" id="El Sueno" data-auto="filter-option" data-auto-selected="false"><div class="checkbox" data-auto="checkbox"><input id="filter-option--El-Sueno-1686100" name="filter-option--El-Sueno-1686100" type="checkbox"><label class="checkbox-label" for="filter-option--El-Sueno-1686100" title="El Sueno"><a class="filter-option--link" href="https://www.tesco.com/groceries/en-GB/shop/drinks/all?brand=El%20Sueno&amp;viewAll=brand"><span class="checkbox-square checkbox-square-linked"></span><span class="checkbox-check icon-tick-white"></span><span class="visually-hidden">Filter by</span><span class="filter-label--line--inline">El Sueno</span><span class="filter-label--line--inline">&nbsp;(1)</span></a></label></div></li><li class="filter-option__container" id="Engine" data-auto="filter-option" data-auto-selected="false"><div class="checkbox" data-auto="checkbox"><input id="filter-option--Engine-7480470" name="filter-option--Engine-7480470" type="checkbox"><label class="checkbox-label" for="filter-option--Engine-7480470" title="Engine"><a class="filter-option--link" href="https://www.tesco.com/groceries/en-GB/shop/drinks/all?brand=Engine&amp;viewAll=brand"><span class="checkbox-square checkbox-square-linked"></span><span class="checkbox-check icon-tick-white"></span><span class="visually-hidden">Filter by</span><span class="filter-label--line--inline">Engine</span><span class="filter-label--line--inline">&nbsp;(1)</span></a></label></div></li><li class="filter-option__container" id="Epoch" data-auto="filter-option" data-auto-selected="false"><div class="checkbox" data-auto="checkbox"><input id="filter-option--Epoch-6103318" name="filter-option--Epoch-6103318" type="checkbox"><label class="checkbox-label" for="filter-option--Epoch-6103318" title="Epoch"><a class="filter-option--link" href="https://www.tesco.com/groceries/en-GB/shop/drinks/all?brand=Epoch&amp;viewAll=brand"><span class="checkbox-square checkbox-square-linked"></span><span class="checkbox-check icon-tick-white"></span><span class="visually-hidden">Filter by</span><span class="filter-label--line--inline">Epoch</span><span class="filter-label--line--inline">&nbsp;(1)</span></a></label></div></li><li class="filter-option__container" id="Famillie Perrin" data-auto="filter-option" data-auto-selected="false"><div class="checkbox" data-auto="checkbox"><input id="filter-option--Famillie-Perrin-4093329" name="filter-option--Famillie-Perrin-4093329" type="checkbox"><label class="checkbox-label" for="filter-option--Famillie-Perrin-4093329" title="Famillie Perrin"><a class="filter-option--link" href="https://www.tesco.com/groceries/en-GB/shop/drinks/all?brand=Famillie%20Perrin&amp;viewAll=brand"><span class="checkbox-square checkbox-square-linked"></span><span class="checkbox-check icon-tick-white"></span><span class="visually-hidden">Filter by</span><span class="filter-label--line--block">Famillie</span><span class="filter-label--line--inline filter-label--line--truncate">Perrin</span><span class="filter-label--line--inline">&nbsp;(1)</span></a></label></div></li><li class="filter-option__container" id="Finca Flichman" data-auto="filter-option" data-auto-selected="false"><div class="checkbox" data-auto="checkbox"><input id="filter-option--Finca-Flichman-380181" name="filter-option--Finca-Flichman-380181" type="checkbox"><label class="checkbox-label" for="filter-option--Finca-Flichman-380181" title="Finca Flichman"><a class="filter-option--link" href="https://www.tesco.com/groceries/en-GB/shop/drinks/all?brand=Finca%20Flichman&amp;viewAll=brand"><span class="checkbox-square checkbox-square-linked"></span><span class="checkbox-check icon-tick-white"></span><span class="visually-hidden">Filter by</span><span class="filter-label--line--inline">Finca Flichman</span><span class="filter-label--line--inline">&nbsp;(1)</span></a></label></div></li><li class="filter-option__container" id="Fireball" data-auto="filter-option" data-auto-selected="false"><div class="checkbox" data-auto="checkbox"><input id="filter-option--Fireball-34245" name="filter-option--Fireball-34245" type="checkbox"><label class="checkbox-label" for="filter-option--Fireball-34245" title="Fireball"><a class="filter-option--link" href="https://www.tesco.com/groceries/en-GB/shop/drinks/all?brand=Fireball&amp;viewAll=brand"><span class="checkbox-square checkbox-square-linked"></span><span class="checkbox-check icon-tick-white"></span><span class="visually-hidden">Filter by</span><span class="filter-label--line--inline">Fireball</span><span class="filter-label--line--inline">&nbsp;(1)</span></a></label></div></li><li class="filter-option__container" id="Firemark" data-auto="filter-option" data-auto-selected="false"><div class="checkbox" data-auto="checkbox"><input id="filter-option--Firemark-5511951" name="filter-option--Firemark-5511951" type="checkbox"><label class="checkbox-label" for="filter-option--Firemark-5511951" title="Firemark"><a class="filter-option--link" href="https://www.tesco.com/groceries/en-GB/shop/drinks/all?brand=Firemark&amp;viewAll=brand"><span class="checkbox-square checkbox-square-linked"></span><span class="checkbox-check icon-tick-white"></span><span class="visually-hidden">Filter by</span><span class="filter-label--line--inline">Firemark</span><span class="filter-label--line--inline">&nbsp;(1)</span></a></label></div></li><li class="filter-option__container" id="Fleurs De Prairie" data-auto="filter-option" data-auto-selected="false"><div class="checkbox" data-auto="checkbox"><input id="filter-option--Fleurs-De-Prairie-6745025" name="filter-option--Fleurs-De-Prairie-6745025" type="checkbox"><label class="checkbox-label" for="filter-option--Fleurs-De-Prairie-6745025" title="Fleurs De Prairie"><a class="filter-option--link" href="https://www.tesco.com/groceries/en-GB/shop/drinks/all?brand=Fleurs%20De%20Prairie&amp;viewAll=brand"><span class="checkbox-square checkbox-square-linked"></span><span class="checkbox-check icon-tick-white"></span><span class="visually-hidden">Filter by</span><span class="filter-label--line--block">Fleurs De</span><span class="filter-label--line--inline filter-label--line--truncate">Prairie</span><span class="filter-label--line--inline">&nbsp;(1)</span></a></label></div></li><li class="filter-option__container" id="Francois Marteno" data-auto="filter-option" data-auto-selected="false"><div class="checkbox" data-auto="checkbox"><input id="filter-option--Francois-Marteno-1819444" name="filter-option--Francois-Marteno-1819444" type="checkbox"><label class="checkbox-label" for="filter-option--Francois-Marteno-1819444" title="Francois Marteno"><a class="filter-option--link" href="https://www.tesco.com/groceries/en-GB/shop/drinks/all?brand=Francois%20Marteno&amp;viewAll=brand"><span class="checkbox-square checkbox-square-linked"></span><span class="checkbox-check icon-tick-white"></span><span class="visually-hidden">Filter by</span><span class="filter-label--line--block">Francois</span><span class="filter-label--line--inline filter-label--line--truncate">Marteno</span><span class="filter-label--line--inline">&nbsp;(1)</span></a></label></div></li><li class="filter-option__container" id="Franziskaner" data-auto="filter-option" data-auto-selected="false"><div class="checkbox" data-auto="checkbox"><input id="filter-option--Franziskaner-8115677" name="filter-option--Franziskaner-8115677" type="checkbox"><label class="checkbox-label" for="filter-option--Franziskaner-8115677" title="Franziskaner"><a class="filter-option--link" href="https://www.tesco.com/groceries/en-GB/shop/drinks/all?brand=Franziskaner&amp;viewAll=brand"><span class="checkbox-square checkbox-square-linked"></span><span class="checkbox-check icon-tick-white"></span><span class="visually-hidden">Filter by</span><span class="filter-label--line--inline">Franziskaner</span><span class="filter-label--line--inline">&nbsp;(1)</span></a></label></div></li><li class="filter-option__container" id="Freedom" data-auto="filter-option" data-auto-selected="false"><div class="checkbox" data-auto="checkbox"><input id="filter-option--Freedom-3901299" name="filter-option--Freedom-3901299" type="checkbox"><label class="checkbox-label" for="filter-option--Freedom-3901299" title="Freedom"><a class="filter-option--link" href="https://www.tesco.com/groceries/en-GB/shop/drinks/all?brand=Freedom&amp;viewAll=brand"><span class="checkbox-square checkbox-square-linked"></span><span class="checkbox-check icon-tick-white"></span><span class="visually-hidden">Filter by</span><span class="filter-label--line--inline">Freedom</span><span class="filter-label--line--inline">&nbsp;(1)</span></a></label></div></li><li class="filter-option__container" id="Freestar" data-auto="filter-option" data-auto-selected="false"><div class="checkbox" data-auto="checkbox"><input id="filter-option--Freestar-8028279" name="filter-option--Freestar-8028279" type="checkbox"><label class="checkbox-label" for="filter-option--Freestar-8028279" title="Freestar"><a class="filter-option--link" href="https://www.tesco.com/groceries/en-GB/shop/drinks/all?brand=Freestar&amp;viewAll=brand"><span class="checkbox-square checkbox-square-linked"></span><span class="checkbox-check icon-tick-white"></span><span class="visually-hidden">Filter by</span><span class="filter-label--line--inline">Freestar</span><span class="filter-label--line--inline">&nbsp;(1)</span></a></label></div></li><li class="filter-option__container" id="Frescobaldi" data-auto="filter-option" data-auto-selected="false"><div class="checkbox" data-auto="checkbox"><input id="filter-option--Frescobaldi-8143715" name="filter-option--Frescobaldi-8143715" type="checkbox"><label class="checkbox-label" for="filter-option--Frescobaldi-8143715" title="Frescobaldi"><a class="filter-option--link" href="https://www.tesco.com/groceries/en-GB/shop/drinks/all?brand=Frescobaldi&amp;viewAll=brand"><span class="checkbox-square checkbox-square-linked"></span><span class="checkbox-check icon-tick-white"></span><span class="visually-hidden">Filter by</span><span class="filter-label--line--inline">Frescobaldi</span><span class="filter-label--line--inline">&nbsp;(1)</span></a></label></div></li><li class="filter-option__container" id="Fruittella" data-auto="filter-option" data-auto-selected="false"><div class="checkbox" data-auto="checkbox"><input id="filter-option--Fruittella-1045399" name="filter-option--Fruittella-1045399" type="checkbox"><label class="checkbox-label" for="filter-option--Fruittella-1045399" title="Fruittella"><a class="filter-option--link" href="https://www.tesco.com/groceries/en-GB/shop/drinks/all?brand=Fruittella&amp;viewAll=brand"><span class="checkbox-square checkbox-square-linked"></span><span class="checkbox-check icon-tick-white"></span><span class="visually-hidden">Filter by</span><span class="filter-label--line--inline">Fruittella</span><span class="filter-label--line--inline">&nbsp;(1)</span></a></label></div></li><li class="filter-option__container" id="Fruli" data-auto="filter-option" data-auto-selected="false"><div class="checkbox" data-auto="checkbox"><input id="filter-option--Fruli-4928985" name="filter-option--Fruli-4928985" type="checkbox"><label class="checkbox-label" for="filter-option--Fruli-4928985" title="Fruli"><a class="filter-option--link" href="https://www.tesco.com/groceries/en-GB/shop/drinks/all?brand=Fruli&amp;viewAll=brand"><span class="checkbox-square checkbox-square-linked"></span><span class="checkbox-check icon-tick-white"></span><span class="visually-hidden">Filter by</span><span class="filter-label--line--inline">Fruli</span><span class="filter-label--line--inline">&nbsp;(1)</span></a></label></div></li><li class="filter-option__container" id="Fundador" data-auto="filter-option" data-auto-selected="false"><div class="checkbox" data-auto="checkbox"><input id="filter-option--Fundador-6699453" name="filter-option--Fundador-6699453" type="checkbox"><label class="checkbox-label" for="filter-option--Fundador-6699453" title="Fundador"><a class="filter-option--link" href="https://www.tesco.com/groceries/en-GB/shop/drinks/all?brand=Fundador&amp;viewAll=brand"><span class="checkbox-square checkbox-square-linked"></span><span class="checkbox-check icon-tick-white"></span><span class="visually-hidden">Filter by</span><span class="filter-label--line--inline">Fundador</span><span class="filter-label--line--inline">&nbsp;(1)</span></a></label></div></li><li class="filter-option__container" id="Gartissier" data-auto="filter-option" data-auto-selected="false"><div class="checkbox" data-auto="checkbox"><input id="filter-option--Gartissier-2057677" name="filter-option--Gartissier-2057677" type="checkbox"><label class="checkbox-label" for="filter-option--Gartissier-2057677" title="Gartissier"><a class="filter-option--link" href="https://www.tesco.com/groceries/en-GB/shop/drinks/all?brand=Gartissier&amp;viewAll=brand"><span class="checkbox-square checkbox-square-linked"></span><span class="checkbox-check icon-tick-white"></span><span class="visually-hidden">Filter by</span><span class="filter-label--line--inline">Gartissier</span><span class="filter-label--line--inline">&nbsp;(1)</span></a></label></div></li><li class="filter-option__container" id="Getbuzzing" data-auto="filter-option" data-auto-selected="false"><div class="checkbox" data-auto="checkbox"><input id="filter-option--Getbuzzing-2401338" name="filter-option--Getbuzzing-2401338" type="checkbox"><label class="checkbox-label" for="filter-option--Getbuzzing-2401338" title="Getbuzzing"><a class="filter-option--link" href="https://www.tesco.com/groceries/en-GB/shop/drinks/all?brand=Getbuzzing&amp;viewAll=brand"><span class="checkbox-square checkbox-square-linked"></span><span class="checkbox-check icon-tick-white"></span><span class="visually-hidden">Filter by</span><span class="filter-label--line--inline">Getbuzzing</span><span class="filter-label--line--inline">&nbsp;(1)</span></a></label></div></li><li class="filter-option__container" id="Glayva" data-auto="filter-option" data-auto-selected="false"><div class="checkbox" data-auto="checkbox"><input id="filter-option--Glayva-4464911" name="filter-option--Glayva-4464911" type="checkbox"><label class="checkbox-label" for="filter-option--Glayva-4464911" title="Glayva"><a class="filter-option--link" href="https://www.tesco.com/groceries/en-GB/shop/drinks/all?brand=Glayva&amp;viewAll=brand"><span class="checkbox-square checkbox-square-linked"></span><span class="checkbox-check icon-tick-white"></span><span class="visually-hidden">Filter by</span><span class="filter-label--line--inline">Glayva</span><span class="filter-label--line--inline">&nbsp;(1)</span></a></label></div></li><li class="filter-option__container" id="Glen Moray" data-auto="filter-option" data-auto-selected="false"><div class="checkbox" data-auto="checkbox"><input id="filter-option--Glen-Moray-2160439" name="filter-option--Glen-Moray-2160439" type="checkbox"><label class="checkbox-label" for="filter-option--Glen-Moray-2160439" title="Glen Moray"><a class="filter-option--link" href="https://www.tesco.com/groceries/en-GB/shop/drinks/all?brand=Glen%20Moray&amp;viewAll=brand"><span class="checkbox-square checkbox-square-linked"></span><span class="checkbox-check icon-tick-white"></span><span class="visually-hidden">Filter by</span><span class="filter-label--line--inline">Glen Moray</span><span class="filter-label--line--inline">&nbsp;(1)</span></a></label></div></li><li class="filter-option__container" id="Glen Scotia" data-auto="filter-option" data-auto-selected="false"><div class="checkbox" data-auto="checkbox"><input id="filter-option--Glen-Scotia-2438619" name="filter-option--Glen-Scotia-2438619" type="checkbox"><label class="checkbox-label" for="filter-option--Glen-Scotia-2438619" title="Glen Scotia"><a class="filter-option--link" href="https://www.tesco.com/groceries/en-GB/shop/drinks/all?brand=Glen%20Scotia&amp;viewAll=brand"><span class="checkbox-square checkbox-square-linked"></span><span class="checkbox-check icon-tick-white"></span><span class="visually-hidden">Filter by</span><span class="filter-label--line--inline">Glen Scotia</span><span class="filter-label--line--inline">&nbsp;(1)</span></a></label></div></li><li class="filter-option__container" id="Gluhwein" data-auto="filter-option" data-auto-selected="false"><div class="checkbox" data-auto="checkbox"><input id="filter-option--Gluhwein-6949634" name="filter-option--Gluhwein-6949634" type="checkbox"><label class="checkbox-label" for="filter-option--Gluhwein-6949634" title="Gluhwein"><a class="filter-option--link" href="https://www.tesco.com/groceries/en-GB/shop/drinks/all?brand=Gluhwein&amp;viewAll=brand"><span class="checkbox-square checkbox-square-linked"></span><span class="checkbox-check icon-tick-white"></span><span class="visually-hidden">Filter by</span><span class="filter-label--line--inline">Gluhwein</span><span class="filter-label--line--inline">&nbsp;(1)</span></a></label></div></li><li class="filter-option__container" id="Go Cook" data-auto="filter-option" data-auto-selected="false"><div class="checkbox" data-auto="checkbox"><input id="filter-option--Go-Cook-6798724" name="filter-option--Go-Cook-6798724" type="checkbox"><label class="checkbox-label" for="filter-option--Go-Cook-6798724" title="Go Cook"><a class="filter-option--link" href="https://www.tesco.com/groceries/en-GB/shop/drinks/all?brand=Go%20Cook&amp;viewAll=brand"><span class="checkbox-square checkbox-square-linked"></span><span class="checkbox-check icon-tick-white"></span><span class="visually-hidden">Filter by</span><span class="filter-label--line--inline">Go Cook</span><span class="filter-label--line--inline">&nbsp;(1)</span></a></label></div></li><li class="filter-option__container" id="Goldwell" data-auto="filter-option" data-auto-selected="false"><div class="checkbox" data-auto="checkbox"><input id="filter-option--Goldwell-1243942" name="filter-option--Goldwell-1243942" type="checkbox"><label class="checkbox-label" for="filter-option--Goldwell-1243942" title="Goldwell"><a class="filter-option--link" href="https://www.tesco.com/groceries/en-GB/shop/drinks/all?brand=Goldwell&amp;viewAll=brand"><span class="checkbox-square checkbox-square-linked"></span><span class="checkbox-check icon-tick-white"></span><span class="visually-hidden">Filter by</span><span class="filter-label--line--inline">Goldwell</span><span class="filter-label--line--inline">&nbsp;(1)</span></a></label></div></li><li class="filter-option__container" id="Gonzalez" data-auto="filter-option" data-auto-selected="false"><div class="checkbox" data-auto="checkbox"><input id="filter-option--Gonzalez-5831961" name="filter-option--Gonzalez-5831961" type="checkbox"><label class="checkbox-label" for="filter-option--Gonzalez-5831961" title="Gonzalez"><a class="filter-option--link" href="https://www.tesco.com/groceries/en-GB/shop/drinks/all?brand=Gonzalez&amp;viewAll=brand"><span class="checkbox-square checkbox-square-linked"></span><span class="checkbox-check icon-tick-white"></span><span class="visually-hidden">Filter by</span><span class="filter-label--line--inline">Gonzalez</span><span class="filter-label--line--inline">&nbsp;(1)</span></a></label></div></li><li class="filter-option__container" id="Grace" data-auto="filter-option" data-auto-selected="false"><div class="checkbox" data-auto="checkbox"><input id="filter-option--Grace-7417375" name="filter-option--Grace-7417375" type="checkbox"><label class="checkbox-label" for="filter-option--Grace-7417375" title="Grace"><a class="filter-option--link" href="https://www.tesco.com/groceries/en-GB/shop/drinks/all?brand=Grace&amp;viewAll=brand"><span class="checkbox-square checkbox-square-linked"></span><span class="checkbox-check icon-tick-white"></span><span class="visually-hidden">Filter by</span><span class="filter-label--line--inline">Grace</span><span class="filter-label--line--inline">&nbsp;(1)</span></a></label></div></li><li class="filter-option__container" id="Graham Beck" data-auto="filter-option" data-auto-selected="false"><div class="checkbox" data-auto="checkbox"><input id="filter-option--Graham-Beck-572895" name="filter-option--Graham-Beck-572895" type="checkbox"><label class="checkbox-label" for="filter-option--Graham-Beck-572895" title="Graham Beck"><a class="filter-option--link" href="https://www.tesco.com/groceries/en-GB/shop/drinks/all?brand=Graham%20Beck&amp;viewAll=brand"><span class="checkbox-square checkbox-square-linked"></span><span class="checkbox-check icon-tick-white"></span><span class="visually-hidden">Filter by</span><span class="filter-label--line--inline">Graham Beck</span><span class="filter-label--line--inline">&nbsp;(1)</span></a></label></div></li><li class="filter-option__container" id="Graham Nortons" data-auto="filter-option" data-auto-selected="false"><div class="checkbox" data-auto="checkbox"><input id="filter-option--Graham-Nortons-804743" name="filter-option--Graham-Nortons-804743" type="checkbox"><label class="checkbox-label" for="filter-option--Graham-Nortons-804743" title="Graham Nortons"><a class="filter-option--link" href="https://www.tesco.com/groceries/en-GB/shop/drinks/all?brand=Graham%20Nortons&amp;viewAll=brand"><span class="checkbox-square checkbox-square-linked"></span><span class="checkbox-check icon-tick-white"></span><span class="visually-hidden">Filter by</span><span class="filter-label--line--inline">Graham Nortons</span><span class="filter-label--line--inline">&nbsp;(1)</span></a></label></div></li><li class="filter-option__container" id="Grand Palais" data-auto="filter-option" data-auto-selected="false"><div class="checkbox" data-auto="checkbox"><input id="filter-option--Grand-Palais-9204470" name="filter-option--Grand-Palais-9204470" type="checkbox"><label class="checkbox-label" for="filter-option--Grand-Palais-9204470" title="Grand Palais"><a class="filter-option--link" href="https://www.tesco.com/groceries/en-GB/shop/drinks/all?brand=Grand%20Palais&amp;viewAll=brand"><span class="checkbox-square checkbox-square-linked"></span><span class="checkbox-check icon-tick-white"></span><span class="visually-hidden">Filter by</span><span class="filter-label--line--inline">Grand Palais</span><span class="filter-label--line--inline">&nbsp;(1)</span></a></label></div></li><li class="filter-option__container" id="Grant Burge" data-auto="filter-option" data-auto-selected="false"><div class="checkbox" data-auto="checkbox"><input id="filter-option--Grant-Burge-488368" name="filter-option--Grant-Burge-488368" type="checkbox"><label class="checkbox-label" for="filter-option--Grant-Burge-488368" title="Grant Burge"><a class="filter-option--link" href="https://www.tesco.com/groceries/en-GB/shop/drinks/all?brand=Grant%20Burge&amp;viewAll=brand"><span class="checkbox-square checkbox-square-linked"></span><span class="checkbox-check icon-tick-white"></span><span class="visually-hidden">Filter by</span><span class="filter-label--line--inline">Grant Burge</span><span class="filter-label--line--inline">&nbsp;(1)</span></a></label></div></li><li class="filter-option__container" id="Green &amp; Black&#39;s" data-auto="filter-option" data-auto-selected="false"><div class="checkbox" data-auto="checkbox"><input id="filter-option--Green-Black&#39;s-4847236" name="filter-option--Green-Black&#39;s-4847236" type="checkbox"><label class="checkbox-label" for="filter-option--Green-Black&#39;s-4847236" title="Green &amp; Black&#39;s"><a class="filter-option--link" href="https://www.tesco.com/groceries/en-GB/shop/drinks/all?brand=Green%20%26%20Black%27s&amp;viewAll=brand"><span class="checkbox-square checkbox-square-linked"></span><span class="checkbox-check icon-tick-white"></span><span class="visually-hidden">Filter by</span><span class="filter-label--line--block">Green &amp;</span><span class="filter-label--line--inline filter-label--line--truncate">Black's</span><span class="filter-label--line--inline">&nbsp;(1)</span></a></label></div></li><li class="filter-option__container" id="Grenade" data-auto="filter-option" data-auto-selected="false"><div class="checkbox" data-auto="checkbox"><input id="filter-option--Grenade-1378808" name="filter-option--Grenade-1378808" type="checkbox"><label class="checkbox-label" for="filter-option--Grenade-1378808" title="Grenade"><a class="filter-option--link" href="https://www.tesco.com/groceries/en-GB/shop/drinks/all?brand=Grenade&amp;viewAll=brand"><span class="checkbox-square checkbox-square-linked"></span><span class="checkbox-check icon-tick-white"></span><span class="visually-hidden">Filter by</span><span class="filter-label--line--inline">Grenade</span><span class="filter-label--line--inline">&nbsp;(1)</span></a></label></div></li><li class="filter-option__container" id="Grinch" data-auto="filter-option" data-auto-selected="false"><div class="checkbox" data-auto="checkbox"><input id="filter-option--Grinch-96186" name="filter-option--Grinch-96186" type="checkbox"><label class="checkbox-label" for="filter-option--Grinch-96186" title="Grinch"><a class="filter-option--link" href="https://www.tesco.com/groceries/en-GB/shop/drinks/all?brand=Grinch&amp;viewAll=brand"><span class="checkbox-square checkbox-square-linked"></span><span class="checkbox-check icon-tick-white"></span><span class="visually-hidden">Filter by</span><span class="filter-label--line--inline">Grinch</span><span class="filter-label--line--inline">&nbsp;(1)</span></a></label></div></li><li class="filter-option__container" id="Guigal" data-auto="filter-option" data-auto-selected="false"><div class="checkbox" data-auto="checkbox"><input id="filter-option--Guigal-9556516" name="filter-option--Guigal-9556516" type="checkbox"><label class="checkbox-label" for="filter-option--Guigal-9556516" title="Guigal"><a class="filter-option--link" href="https://www.tesco.com/groceries/en-GB/shop/drinks/all?brand=Guigal&amp;viewAll=brand"><span class="checkbox-square checkbox-square-linked"></span><span class="checkbox-check icon-tick-white"></span><span class="visually-hidden">Filter by</span><span class="filter-label--line--inline">Guigal</span><span class="filter-label--line--inline">&nbsp;(1)</span></a></label></div></li><li class="filter-option__container" id="Gulder" data-auto="filter-option" data-auto-selected="false"><div class="checkbox" data-auto="checkbox"><input id="filter-option--Gulder-9330655" name="filter-option--Gulder-9330655" type="checkbox"><label class="checkbox-label" for="filter-option--Gulder-9330655" title="Gulder"><a class="filter-option--link" href="https://www.tesco.com/groceries/en-GB/shop/drinks/all?brand=Gulder&amp;viewAll=brand"><span class="checkbox-square checkbox-square-linked"></span><span class="checkbox-check icon-tick-white"></span><span class="visually-hidden">Filter by</span><span class="filter-label--line--inline">Gulder</span><span class="filter-label--line--inline">&nbsp;(1)</span></a></label></div></li><li class="filter-option__container" id="H Valrasque" data-auto="filter-option" data-auto-selected="false"><div class="checkbox" data-auto="checkbox"><input id="filter-option--H-Valrasque-2714358" name="filter-option--H-Valrasque-2714358" type="checkbox"><label class="checkbox-label" for="filter-option--H-Valrasque-2714358" title="H Valrasque"><a class="filter-option--link" href="https://www.tesco.com/groceries/en-GB/shop/drinks/all?brand=H%20Valrasque&amp;viewAll=brand"><span class="checkbox-square checkbox-square-linked"></span><span class="checkbox-check icon-tick-white"></span><span class="visually-hidden">Filter by</span><span class="filter-label--line--inline">H Valrasque</span><span class="filter-label--line--inline">&nbsp;(1)</span></a></label></div></li><li class="filter-option__container" id="Half Spoon" data-auto="filter-option" data-auto-selected="false"><div class="checkbox" data-auto="checkbox"><input id="filter-option--Half-Spoon-8555387" name="filter-option--Half-Spoon-8555387" type="checkbox"><label class="checkbox-label" for="filter-option--Half-Spoon-8555387" title="Half Spoon"><a class="filter-option--link" href="https://www.tesco.com/groceries/en-GB/shop/drinks/all?brand=Half%20Spoon&amp;viewAll=brand"><span class="checkbox-square checkbox-square-linked"></span><span class="checkbox-check icon-tick-white"></span><span class="visually-hidden">Filter by</span><span class="filter-label--line--inline">Half Spoon</span><span class="filter-label--line--inline">&nbsp;(1)</span></a></label></div></li><li class="filter-option__container" id="Hendricks" data-auto="filter-option" data-auto-selected="false"><div class="checkbox" data-auto="checkbox"><input id="filter-option--Hendricks-483678" name="filter-option--Hendricks-483678" type="checkbox"><label class="checkbox-label" for="filter-option--Hendricks-483678" title="Hendricks"><a class="filter-option--link" href="https://www.tesco.com/groceries/en-GB/shop/drinks/all?brand=Hendricks&amp;viewAll=brand"><span class="checkbox-square checkbox-square-linked"></span><span class="checkbox-check icon-tick-white"></span><span class="visually-hidden">Filter by</span><span class="filter-label--line--inline">Hendricks</span><span class="filter-label--line--inline">&nbsp;(1)</span></a></label></div></li><li class="filter-option__container" id="Henricks" data-auto="filter-option" data-auto-selected="false"><div class="checkbox" data-auto="checkbox"><input id="filter-option--Henricks-8066044" name="filter-option--Henricks-8066044" type="checkbox"><label class="checkbox-label" for="filter-option--Henricks-8066044" title="Henricks"><a class="filter-option--link" href="https://www.tesco.com/groceries/en-GB/shop/drinks/all?brand=Henricks&amp;viewAll=brand"><span class="checkbox-square checkbox-square-linked"></span><span class="checkbox-check icon-tick-white"></span><span class="visually-hidden">Filter by</span><span class="filter-label--line--inline">Henricks</span><span class="filter-label--line--inline">&nbsp;(1)</span></a></label></div></li><li class="filter-option__container" id="Heritages" data-auto="filter-option" data-auto-selected="false"><div class="checkbox" data-auto="checkbox"><input id="filter-option--Heritages-7410621" name="filter-option--Heritages-7410621" type="checkbox"><label class="checkbox-label" for="filter-option--Heritages-7410621" title="Heritages"><a class="filter-option--link" href="https://www.tesco.com/groceries/en-GB/shop/drinks/all?brand=Heritages&amp;viewAll=brand"><span class="checkbox-square checkbox-square-linked"></span><span class="checkbox-check icon-tick-white"></span><span class="visually-hidden">Filter by</span><span class="filter-label--line--inline">Heritages</span><span class="filter-label--line--inline">&nbsp;(1)</span></a></label></div></li><li class="filter-option__container" id="Hermesetas" data-auto="filter-option" data-auto-selected="false"><div class="checkbox" data-auto="checkbox"><input id="filter-option--Hermesetas-6786119" name="filter-option--Hermesetas-6786119" type="checkbox"><label class="checkbox-label" for="filter-option--Hermesetas-6786119" title="Hermesetas"><a class="filter-option--link" href="https://www.tesco.com/groceries/en-GB/shop/drinks/all?brand=Hermesetas&amp;viewAll=brand"><span class="checkbox-square checkbox-square-linked"></span><span class="checkbox-check icon-tick-white"></span><span class="visually-hidden">Filter by</span><span class="filter-label--line--inline">Hermesetas</span><span class="filter-label--line--inline">&nbsp;(1)</span></a></label></div></li><li class="filter-option__container" id="Highland Park" data-auto="filter-option" data-auto-selected="false"><div class="checkbox" data-auto="checkbox"><input id="filter-option--Highland-Park-4180384" name="filter-option--Highland-Park-4180384" type="checkbox"><label class="checkbox-label" for="filter-option--Highland-Park-4180384" title="Highland Park"><a class="filter-option--link" href="https://www.tesco.com/groceries/en-GB/shop/drinks/all?brand=Highland%20Park&amp;viewAll=brand"><span class="checkbox-square checkbox-square-linked"></span><span class="checkbox-check icon-tick-white"></span><span class="visually-hidden">Filter by</span><span class="filter-label--line--inline">Highland Park</span><span class="filter-label--line--inline">&nbsp;(1)</span></a></label></div></li><li class="filter-option__container" id="Holsten" data-auto="filter-option" data-auto-selected="false"><div class="checkbox" data-auto="checkbox"><input id="filter-option--Holsten-5577909" name="filter-option--Holsten-5577909" type="checkbox"><label class="checkbox-label" for="filter-option--Holsten-5577909" title="Holsten"><a class="filter-option--link" href="https://www.tesco.com/groceries/en-GB/shop/drinks/all?brand=Holsten&amp;viewAll=brand"><span class="checkbox-square checkbox-square-linked"></span><span class="checkbox-check icon-tick-white"></span><span class="visually-hidden">Filter by</span><span class="filter-label--line--inline">Holsten</span><span class="filter-label--line--inline">&nbsp;(1)</span></a></label></div></li><li class="filter-option__container" id="Hotel Chocolat" data-auto="filter-option" data-auto-selected="false"><div class="checkbox" data-auto="checkbox"><input id="filter-option--Hotel-Chocolat-3091309" name="filter-option--Hotel-Chocolat-3091309" type="checkbox"><label class="checkbox-label" for="filter-option--Hotel-Chocolat-3091309" title="Hotel Chocolat"><a class="filter-option--link" href="https://www.tesco.com/groceries/en-GB/shop/drinks/all?brand=Hotel%20Chocolat&amp;viewAll=brand"><span class="checkbox-square checkbox-square-linked"></span><span class="checkbox-check icon-tick-white"></span><span class="visually-hidden">Filter by</span><span class="filter-label--line--inline">Hotel Chocolat</span><span class="filter-label--line--inline">&nbsp;(1)</span></a></label></div></li><li class="filter-option__container" id="Howler Head" data-auto="filter-option" data-auto-selected="false"><div class="checkbox" data-auto="checkbox"><input id="filter-option--Howler-Head-5546835" name="filter-option--Howler-Head-5546835" type="checkbox"><label class="checkbox-label" for="filter-option--Howler-Head-5546835" title="Howler Head"><a class="filter-option--link" href="https://www.tesco.com/groceries/en-GB/shop/drinks/all?brand=Howler%20Head&amp;viewAll=brand"><span class="checkbox-square checkbox-square-linked"></span><span class="checkbox-check icon-tick-white"></span><span class="visually-hidden">Filter by</span><span class="filter-label--line--inline">Howler Head</span><span class="filter-label--line--inline">&nbsp;(1)</span></a></label></div></li><li class="filter-option__container" id="Imperial" data-auto="filter-option" data-auto-selected="false"><div class="checkbox" data-auto="checkbox"><input id="filter-option--Imperial-4461484" name="filter-option--Imperial-4461484" type="checkbox"><label class="checkbox-label" for="filter-option--Imperial-4461484" title="Imperial"><a class="filter-option--link" href="https://www.tesco.com/groceries/en-GB/shop/drinks/all?brand=Imperial&amp;viewAll=brand"><span class="checkbox-square checkbox-square-linked"></span><span class="checkbox-check icon-tick-white"></span><span class="visually-hidden">Filter by</span><span class="filter-label--line--inline">Imperial</span><span class="filter-label--line--inline">&nbsp;(1)</span></a></label></div></li><li class="filter-option__container" id="J Vineyards" data-auto="filter-option" data-auto-selected="false"><div class="checkbox" data-auto="checkbox"><input id="filter-option--J-Vineyards-6025615" name="filter-option--J-Vineyards-6025615" type="checkbox"><label class="checkbox-label" for="filter-option--J-Vineyards-6025615" title="J Vineyards"><a class="filter-option--link" href="https://www.tesco.com/groceries/en-GB/shop/drinks/all?brand=J%20Vineyards&amp;viewAll=brand"><span class="checkbox-square checkbox-square-linked"></span><span class="checkbox-check icon-tick-white"></span><span class="visually-hidden">Filter by</span><span class="filter-label--line--inline">J Vineyards</span><span class="filter-label--line--inline">&nbsp;(1)</span></a></label></div></li><li class="filter-option__container" id="Jacob&#39;s Creek" data-auto="filter-option" data-auto-selected="false"><div class="checkbox" data-auto="checkbox"><input id="filter-option--Jacob&#39;s-Creek-8627451" name="filter-option--Jacob&#39;s-Creek-8627451" type="checkbox"><label class="checkbox-label" for="filter-option--Jacob&#39;s-Creek-8627451" title="Jacob&#39;s Creek"><a class="filter-option--link" href="https://www.tesco.com/groceries/en-GB/shop/drinks/all?brand=Jacob%27s%20Creek&amp;viewAll=brand"><span class="checkbox-square checkbox-square-linked"></span><span class="checkbox-check icon-tick-white"></span><span class="visually-hidden">Filter by</span><span class="filter-label--line--inline">Jacob's Creek</span><span class="filter-label--line--inline">&nbsp;(1)</span></a></label></div></li><li class="filter-option__container" id="James White" data-auto="filter-option" data-auto-selected="false"><div class="checkbox" data-auto="checkbox"><input id="filter-option--James-White-5686303" name="filter-option--James-White-5686303" type="checkbox"><label class="checkbox-label" for="filter-option--James-White-5686303" title="James White"><a class="filter-option--link" href="https://www.tesco.com/groceries/en-GB/shop/drinks/all?brand=James%20White&amp;viewAll=brand"><span class="checkbox-square checkbox-square-linked"></span><span class="checkbox-check icon-tick-white"></span><span class="visually-hidden">Filter by</span><span class="filter-label--line--inline">James White</span><span class="filter-label--line--inline">&nbsp;(1)</span></a></label></div></li><li class="filter-option__container" id="Joie" data-auto="filter-option" data-auto-selected="false"><div class="checkbox" data-auto="checkbox"><input id="filter-option--Joie-5869105" name="filter-option--Joie-5869105" type="checkbox"><label class="checkbox-label" for="filter-option--Joie-5869105" title="Joie"><a class="filter-option--link" href="https://www.tesco.com/groceries/en-GB/shop/drinks/all?brand=Joie&amp;viewAll=brand"><span class="checkbox-square checkbox-square-linked"></span><span class="checkbox-check icon-tick-white"></span><span class="visually-hidden">Filter by</span><span class="filter-label--line--inline">Joie</span><span class="filter-label--line--inline">&nbsp;(1)</span></a></label></div></li><li class="filter-option__container" id="Journey&#39;s End" data-auto="filter-option" data-auto-selected="false"><div class="checkbox" data-auto="checkbox"><input id="filter-option--Journey&#39;s-End-7687148" name="filter-option--Journey&#39;s-End-7687148" type="checkbox"><label class="checkbox-label" for="filter-option--Journey&#39;s-End-7687148" title="Journey&#39;s End"><a class="filter-option--link" href="https://www.tesco.com/groceries/en-GB/shop/drinks/all?brand=Journey%27s%20End&amp;viewAll=brand"><span class="checkbox-square checkbox-square-linked"></span><span class="checkbox-check icon-tick-white"></span><span class="visually-hidden">Filter by</span><span class="filter-label--line--inline">Journey's End</span><span class="filter-label--line--inline">&nbsp;(1)</span></a></label></div></li><li class="filter-option__container" id="Kah" data-auto="filter-option" data-auto-selected="false"><div class="checkbox" data-auto="checkbox"><input id="filter-option--Kah-78470" name="filter-option--Kah-78470" type="checkbox"><label class="checkbox-label" for="filter-option--Kah-78470" title="Kah"><a class="filter-option--link" href="https://www.tesco.com/groceries/en-GB/shop/drinks/all?brand=Kah&amp;viewAll=brand"><span class="checkbox-square checkbox-square-linked"></span><span class="checkbox-check icon-tick-white"></span><span class="visually-hidden">Filter by</span><span class="filter-label--line--inline">Kah</span><span class="filter-label--line--inline">&nbsp;(1)</span></a></label></div></li><li class="filter-option__container" id="Kahlua" data-auto="filter-option" data-auto-selected="false"><div class="checkbox" data-auto="checkbox"><input id="filter-option--Kahlua-4040325" name="filter-option--Kahlua-4040325" type="checkbox"><label class="checkbox-label" for="filter-option--Kahlua-4040325" title="Kahlua"><a class="filter-option--link" href="https://www.tesco.com/groceries/en-GB/shop/drinks/all?brand=Kahlua&amp;viewAll=brand"><span class="checkbox-square checkbox-square-linked"></span><span class="checkbox-check icon-tick-white"></span><span class="visually-hidden">Filter by</span><span class="filter-label--line--inline">Kahlua</span><span class="filter-label--line--inline">&nbsp;(1)</span></a></label></div></li><li class="filter-option__container" id="Kanonkop" data-auto="filter-option" data-auto-selected="false"><div class="checkbox" data-auto="checkbox"><input id="filter-option--Kanonkop-8448028" name="filter-option--Kanonkop-8448028" type="checkbox"><label class="checkbox-label" for="filter-option--Kanonkop-8448028" title="Kanonkop"><a class="filter-option--link" href="https://www.tesco.com/groceries/en-GB/shop/drinks/all?brand=Kanonkop&amp;viewAll=brand"><span class="checkbox-square checkbox-square-linked"></span><span class="checkbox-check icon-tick-white"></span><span class="visually-hidden">Filter by</span><span class="filter-label--line--inline">Kanonkop</span><span class="filter-label--line--inline">&nbsp;(1)</span></a></label></div></li><li class="filter-option__container" id="Ken Forrester" data-auto="filter-option" data-auto-selected="false"><div class="checkbox" data-auto="checkbox"><input id="filter-option--Ken-Forrester-3711114" name="filter-option--Ken-Forrester-3711114" type="checkbox"><label class="checkbox-label" for="filter-option--Ken-Forrester-3711114" title="Ken Forrester"><a class="filter-option--link" href="https://www.tesco.com/groceries/en-GB/shop/drinks/all?brand=Ken%20Forrester&amp;viewAll=brand"><span class="checkbox-square checkbox-square-linked"></span><span class="checkbox-check icon-tick-white"></span><span class="visually-hidden">Filter by</span><span class="filter-label--line--inline">Ken Forrester</span><span class="filter-label--line--inline">&nbsp;(1)</span></a></label></div></li><li class="filter-option__container" id="Kingfisher" data-auto="filter-option" data-auto-selected="false"><div class="checkbox" data-auto="checkbox"><input id="filter-option--Kingfisher-6687539" name="filter-option--Kingfisher-6687539" type="checkbox"><label class="checkbox-label" for="filter-option--Kingfisher-6687539" title="Kingfisher"><a class="filter-option--link" href="https://www.tesco.com/groceries/en-GB/shop/drinks/all?brand=Kingfisher&amp;viewAll=brand"><span class="checkbox-square checkbox-square-linked"></span><span class="checkbox-check icon-tick-white"></span><span class="visually-hidden">Filter by</span><span class="filter-label--line--inline">Kingfisher</span><span class="filter-label--line--inline">&nbsp;(1)</span></a></label></div></li><li class="filter-option__container" id="Krombacher" data-auto="filter-option" data-auto-selected="false"><div class="checkbox" data-auto="checkbox"><input id="filter-option--Krombacher-5571352" name="filter-option--Krombacher-5571352" type="checkbox"><label class="checkbox-label" for="filter-option--Krombacher-5571352" title="Krombacher"><a class="filter-option--link" href="https://www.tesco.com/groceries/en-GB/shop/drinks/all?brand=Krombacher&amp;viewAll=brand"><span class="checkbox-square checkbox-square-linked"></span><span class="checkbox-check icon-tick-white"></span><span class="visually-hidden">Filter by</span><span class="filter-label--line--inline">Krombacher</span><span class="filter-label--line--inline">&nbsp;(1)</span></a></label></div></li><li class="filter-option__container" id="Kronenbourg" data-auto="filter-option" data-auto-selected="false"><div class="checkbox" data-auto="checkbox"><input id="filter-option--Kronenbourg-4421156" name="filter-option--Kronenbourg-4421156" type="checkbox"><label class="checkbox-label" for="filter-option--Kronenbourg-4421156" title="Kronenbourg"><a class="filter-option--link" href="https://www.tesco.com/groceries/en-GB/shop/drinks/all?brand=Kronenbourg&amp;viewAll=brand"><span class="checkbox-square checkbox-square-linked"></span><span class="checkbox-check icon-tick-white"></span><span class="visually-hidden">Filter by</span><span class="filter-label--line--inline">Kronenbourg</span><span class="filter-label--line--inline">&nbsp;(1)</span></a></label></div></li><li class="filter-option__container" id="Kubus" data-auto="filter-option" data-auto-selected="false"><div class="checkbox" data-auto="checkbox"><input id="filter-option--Kubus-7925333" name="filter-option--Kubus-7925333" type="checkbox"><label class="checkbox-label" for="filter-option--Kubus-7925333" title="Kubus"><a class="filter-option--link" href="https://www.tesco.com/groceries/en-GB/shop/drinks/all?brand=Kubus&amp;viewAll=brand"><span class="checkbox-square checkbox-square-linked"></span><span class="checkbox-check icon-tick-white"></span><span class="visually-hidden">Filter by</span><span class="filter-label--line--inline">Kubus</span><span class="filter-label--line--inline">&nbsp;(1)</span></a></label></div></li><li class="filter-option__container" id="Lagavulin" data-auto="filter-option" data-auto-selected="false"><div class="checkbox" data-auto="checkbox"><input id="filter-option--Lagavulin-1307880" name="filter-option--Lagavulin-1307880" type="checkbox"><label class="checkbox-label" for="filter-option--Lagavulin-1307880" title="Lagavulin"><a class="filter-option--link" href="https://www.tesco.com/groceries/en-GB/shop/drinks/all?brand=Lagavulin&amp;viewAll=brand"><span class="checkbox-square checkbox-square-linked"></span><span class="checkbox-check icon-tick-white"></span><span class="visually-hidden">Filter by</span><span class="filter-label--line--inline">Lagavulin</span><span class="filter-label--line--inline">&nbsp;(1)</span></a></label></div></li><li class="filter-option__container" id="Lapostolle" data-auto="filter-option" data-auto-selected="false"><div class="checkbox" data-auto="checkbox"><input id="filter-option--Lapostolle-416454" name="filter-option--Lapostolle-416454" type="checkbox"><label class="checkbox-label" for="filter-option--Lapostolle-416454" title="Lapostolle"><a class="filter-option--link" href="https://www.tesco.com/groceries/en-GB/shop/drinks/all?brand=Lapostolle&amp;viewAll=brand"><span class="checkbox-square checkbox-square-linked"></span><span class="checkbox-check icon-tick-white"></span><span class="visually-hidden">Filter by</span><span class="filter-label--line--inline">Lapostolle</span><span class="filter-label--line--inline">&nbsp;(1)</span></a></label></div></li><li class="filter-option__container" id="Leoube" data-auto="filter-option" data-auto-selected="false"><div class="checkbox" data-auto="checkbox"><input id="filter-option--Leoube-8150634" name="filter-option--Leoube-8150634" type="checkbox"><label class="checkbox-label" for="filter-option--Leoube-8150634" title="Leoube"><a class="filter-option--link" href="https://www.tesco.com/groceries/en-GB/shop/drinks/all?brand=Leoube&amp;viewAll=brand"><span class="checkbox-square checkbox-square-linked"></span><span class="checkbox-check icon-tick-white"></span><span class="visually-hidden">Filter by</span><span class="filter-label--line--inline">Leoube</span><span class="filter-label--line--inline">&nbsp;(1)</span></a></label></div></li><li class="filter-option__container" id="Licor" data-auto="filter-option" data-auto-selected="false"><div class="checkbox" data-auto="checkbox"><input id="filter-option--Licor-6490174" name="filter-option--Licor-6490174" type="checkbox"><label class="checkbox-label" for="filter-option--Licor-6490174" title="Licor"><a class="filter-option--link" href="https://www.tesco.com/groceries/en-GB/shop/drinks/all?brand=Licor&amp;viewAll=brand"><span class="checkbox-square checkbox-square-linked"></span><span class="checkbox-check icon-tick-white"></span><span class="visually-hidden">Filter by</span><span class="filter-label--line--inline">Licor</span><span class="filter-label--line--inline">&nbsp;(1)</span></a></label></div></li><li class="filter-option__container" id="Lilt" data-auto="filter-option" data-auto-selected="false"><div class="checkbox" data-auto="checkbox"><input id="filter-option--Lilt-2269700" name="filter-option--Lilt-2269700" type="checkbox"><label class="checkbox-label" for="filter-option--Lilt-2269700" title="Lilt"><a class="filter-option--link" href="https://www.tesco.com/groceries/en-GB/shop/drinks/all?brand=Lilt&amp;viewAll=brand"><span class="checkbox-square checkbox-square-linked"></span><span class="checkbox-check icon-tick-white"></span><span class="visually-hidden">Filter by</span><span class="filter-label--line--inline">Lilt</span><span class="filter-label--line--inline">&nbsp;(1)</span></a></label></div></li><li class="filter-option__container" id="Lindt" data-auto="filter-option" data-auto-selected="false"><div class="checkbox" data-auto="checkbox"><input id="filter-option--Lindt-3682265" name="filter-option--Lindt-3682265" type="checkbox"><label class="checkbox-label" for="filter-option--Lindt-3682265" title="Lindt"><a class="filter-option--link" href="https://www.tesco.com/groceries/en-GB/shop/drinks/all?brand=Lindt&amp;viewAll=brand"><span class="checkbox-square checkbox-square-linked"></span><span class="checkbox-check icon-tick-white"></span><span class="visually-hidden">Filter by</span><span class="filter-label--line--inline">Lindt</span><span class="filter-label--line--inline">&nbsp;(1)</span></a></label></div></li><li class="filter-option__container" id="Local Bitter" data-auto="filter-option" data-auto-selected="false"><div class="checkbox" data-auto="checkbox"><input id="filter-option--Local-Bitter-6584209" name="filter-option--Local-Bitter-6584209" type="checkbox"><label class="checkbox-label" for="filter-option--Local-Bitter-6584209" title="Local Bitter"><a class="filter-option--link" href="https://www.tesco.com/groceries/en-GB/shop/drinks/all?brand=Local%20Bitter&amp;viewAll=brand"><span class="checkbox-square checkbox-square-linked"></span><span class="checkbox-check icon-tick-white"></span><span class="visually-hidden">Filter by</span><span class="filter-label--line--inline">Local Bitter</span><span class="filter-label--line--inline">&nbsp;(1)</span></a></label></div></li><li class="filter-option__container" id="Local Brecon" data-auto="filter-option" data-auto-selected="false"><div class="checkbox" data-auto="checkbox"><input id="filter-option--Local-Brecon-9312103" name="filter-option--Local-Brecon-9312103" type="checkbox"><label class="checkbox-label" for="filter-option--Local-Brecon-9312103" title="Local Brecon"><a class="filter-option--link" href="https://www.tesco.com/groceries/en-GB/shop/drinks/all?brand=Local%20Brecon&amp;viewAll=brand"><span class="checkbox-square checkbox-square-linked"></span><span class="checkbox-check icon-tick-white"></span><span class="visually-hidden">Filter by</span><span class="filter-label--line--inline">Local Brecon</span><span class="filter-label--line--inline">&nbsp;(1)</span></a></label></div></li><li class="filter-option__container" id="Local Cornish Ra" data-auto="filter-option" data-auto-selected="false"><div class="checkbox" data-auto="checkbox"><input id="filter-option--Local-Cornish-Ra-2274187" name="filter-option--Local-Cornish-Ra-2274187" type="checkbox"><label class="checkbox-label" for="filter-option--Local-Cornish-Ra-2274187" title="Local Cornish Ra"><a class="filter-option--link" href="https://www.tesco.com/groceries/en-GB/shop/drinks/all?brand=Local%20Cornish%20Ra&amp;viewAll=brand"><span class="checkbox-square checkbox-square-linked"></span><span class="checkbox-check icon-tick-white"></span><span class="visually-hidden">Filter by</span><span class="filter-label--line--block">Local</span><span class="filter-label--line--inline filter-label--line--truncate">Cornish Ra</span><span class="filter-label--line--inline">&nbsp;(1)</span></a></label></div></li><li class="filter-option__container" id="Local Hennesey" data-auto="filter-option" data-auto-selected="false"><div class="checkbox" data-auto="checkbox"><input id="filter-option--Local-Hennesey-5463922" name="filter-option--Local-Hennesey-5463922" type="checkbox"><label class="checkbox-label" for="filter-option--Local-Hennesey-5463922" title="Local Hennesey"><a class="filter-option--link" href="https://www.tesco.com/groceries/en-GB/shop/drinks/all?brand=Local%20Hennesey&amp;viewAll=brand"><span class="checkbox-square checkbox-square-linked"></span><span class="checkbox-check icon-tick-white"></span><span class="visually-hidden">Filter by</span><span class="filter-label--line--inline">Local Hennesey</span><span class="filter-label--line--inline">&nbsp;(1)</span></a></label></div></li><li class="filter-option__container" id="Local Tim Taylor" data-auto="filter-option" data-auto-selected="false"><div class="checkbox" data-auto="checkbox"><input id="filter-option--Local-Tim-Taylor-9465517" name="filter-option--Local-Tim-Taylor-9465517" type="checkbox"><label class="checkbox-label" for="filter-option--Local-Tim-Taylor-9465517" title="Local Tim Taylor"><a class="filter-option--link" href="https://www.tesco.com/groceries/en-GB/shop/drinks/all?brand=Local%20Tim%20Taylor&amp;viewAll=brand"><span class="checkbox-square checkbox-square-linked"></span><span class="checkbox-check icon-tick-white"></span><span class="visually-hidden">Filter by</span><span class="filter-label--line--block">Local Tim</span><span class="filter-label--line--inline filter-label--line--truncate">Taylor</span><span class="filter-label--line--inline">&nbsp;(1)</span></a></label></div></li><li class="filter-option__container" id="Local Tomatin" data-auto="filter-option" data-auto-selected="false"><div class="checkbox" data-auto="checkbox"><input id="filter-option--Local-Tomatin-5248814" name="filter-option--Local-Tomatin-5248814" type="checkbox"><label class="checkbox-label" for="filter-option--Local-Tomatin-5248814" title="Local Tomatin"><a class="filter-option--link" href="https://www.tesco.com/groceries/en-GB/shop/drinks/all?brand=Local%20Tomatin&amp;viewAll=brand"><span class="checkbox-square checkbox-square-linked"></span><span class="checkbox-check icon-tick-white"></span><span class="visually-hidden">Filter by</span><span class="filter-label--line--inline">Local Tomatin</span><span class="filter-label--line--inline">&nbsp;(1)</span></a></label></div></li><li class="filter-option__container" id="Magic Rock" data-auto="filter-option" data-auto-selected="false"><div class="checkbox" data-auto="checkbox"><input id="filter-option--Magic-Rock-646506" name="filter-option--Magic-Rock-646506" type="checkbox"><label class="checkbox-label" for="filter-option--Magic-Rock-646506" title="Magic Rock"><a class="filter-option--link" href="https://www.tesco.com/groceries/en-GB/shop/drinks/all?brand=Magic%20Rock&amp;viewAll=brand"><span class="checkbox-square checkbox-square-linked"></span><span class="checkbox-check icon-tick-white"></span><span class="visually-hidden">Filter by</span><span class="filter-label--line--inline">Magic Rock</span><span class="filter-label--line--inline">&nbsp;(1)</span></a></label></div></li><li class="filter-option__container" id="Maison Dg Esprit" data-auto="filter-option" data-auto-selected="false"><div class="checkbox" data-auto="checkbox"><input id="filter-option--Maison-Dg-Esprit-8818020" name="filter-option--Maison-Dg-Esprit-8818020" type="checkbox"><label class="checkbox-label" for="filter-option--Maison-Dg-Esprit-8818020" title="Maison Dg Esprit"><a class="filter-option--link" href="https://www.tesco.com/groceries/en-GB/shop/drinks/all?brand=Maison%20Dg%20Esprit&amp;viewAll=brand"><span class="checkbox-square checkbox-square-linked"></span><span class="checkbox-check icon-tick-white"></span><span class="visually-hidden">Filter by</span><span class="filter-label--line--block">Maison Dg</span><span class="filter-label--line--inline filter-label--line--truncate">Esprit</span><span class="filter-label--line--inline">&nbsp;(1)</span></a></label></div></li><li class="filter-option__container" id="Maison No 9" data-auto="filter-option" data-auto-selected="false"><div class="checkbox" data-auto="checkbox"><input id="filter-option--Maison-No-9-6841330" name="filter-option--Maison-No-9-6841330" type="checkbox"><label class="checkbox-label" for="filter-option--Maison-No-9-6841330" title="Maison No 9"><a class="filter-option--link" href="https://www.tesco.com/groceries/en-GB/shop/drinks/all?brand=Maison%20No%209&amp;viewAll=brand"><span class="checkbox-square checkbox-square-linked"></span><span class="checkbox-check icon-tick-white"></span><span class="visually-hidden">Filter by</span><span class="filter-label--line--inline">Maison No 9</span><span class="filter-label--line--inline">&nbsp;(1)</span></a></label></div></li><li class="filter-option__container" id="Makers Mark" data-auto="filter-option" data-auto-selected="false"><div class="checkbox" data-auto="checkbox"><input id="filter-option--Makers-Mark-2050578" name="filter-option--Makers-Mark-2050578" type="checkbox"><label class="checkbox-label" for="filter-option--Makers-Mark-2050578" title="Makers Mark"><a class="filter-option--link" href="https://www.tesco.com/groceries/en-GB/shop/drinks/all?brand=Makers%20Mark&amp;viewAll=brand"><span class="checkbox-square checkbox-square-linked"></span><span class="checkbox-check icon-tick-white"></span><span class="visually-hidden">Filter by</span><span class="filter-label--line--inline">Makers Mark</span><span class="filter-label--line--inline">&nbsp;(1)</span></a></label></div></li><li class="filter-option__container" id="Mar De Frades" data-auto="filter-option" data-auto-selected="false"><div class="checkbox" data-auto="checkbox"><input id="filter-option--Mar-De-Frades-4734552" name="filter-option--Mar-De-Frades-4734552" type="checkbox"><label class="checkbox-label" for="filter-option--Mar-De-Frades-4734552" title="Mar De Frades"><a class="filter-option--link" href="https://www.tesco.com/groceries/en-GB/shop/drinks/all?brand=Mar%20De%20Frades&amp;viewAll=brand"><span class="checkbox-square checkbox-square-linked"></span><span class="checkbox-check icon-tick-white"></span><span class="visually-hidden">Filter by</span><span class="filter-label--line--inline">Mar De Frades</span><span class="filter-label--line--inline">&nbsp;(1)</span></a></label></div></li><li class="filter-option__container" id="Mars" data-auto="filter-option" data-auto-selected="false"><div class="checkbox" data-auto="checkbox"><input id="filter-option--Mars-5159727" name="filter-option--Mars-5159727" type="checkbox"><label class="checkbox-label" for="filter-option--Mars-5159727" title="Mars"><a class="filter-option--link" href="https://www.tesco.com/groceries/en-GB/shop/drinks/all?brand=Mars&amp;viewAll=brand"><span class="checkbox-square checkbox-square-linked"></span><span class="checkbox-check icon-tick-white"></span><span class="visually-hidden">Filter by</span><span class="filter-label--line--inline">Mars</span><span class="filter-label--line--inline">&nbsp;(1)</span></a></label></div></li><li class="filter-option__container" id="Marston&#39;s" data-auto="filter-option" data-auto-selected="false"><div class="checkbox" data-auto="checkbox"><input id="filter-option--Marston&#39;s-8095508" name="filter-option--Marston&#39;s-8095508" type="checkbox"><label class="checkbox-label" for="filter-option--Marston&#39;s-8095508" title="Marston&#39;s"><a class="filter-option--link" href="https://www.tesco.com/groceries/en-GB/shop/drinks/all?brand=Marston%27s&amp;viewAll=brand"><span class="checkbox-square checkbox-square-linked"></span><span class="checkbox-check icon-tick-white"></span><span class="visually-hidden">Filter by</span><span class="filter-label--line--inline">Marston's</span><span class="filter-label--line--inline">&nbsp;(1)</span></a></label></div></li><li class="filter-option__container" id="Martell" data-auto="filter-option" data-auto-selected="false"><div class="checkbox" data-auto="checkbox"><input id="filter-option--Martell-5163249" name="filter-option--Martell-5163249" type="checkbox"><label class="checkbox-label" for="filter-option--Martell-5163249" title="Martell"><a class="filter-option--link" href="https://www.tesco.com/groceries/en-GB/shop/drinks/all?brand=Martell&amp;viewAll=brand"><span class="checkbox-square checkbox-square-linked"></span><span class="checkbox-check icon-tick-white"></span><span class="visually-hidden">Filter by</span><span class="filter-label--line--inline">Martell</span><span class="filter-label--line--inline">&nbsp;(1)</span></a></label></div></li><li class="filter-option__container" id="Martin Codax" data-auto="filter-option" data-auto-selected="false"><div class="checkbox" data-auto="checkbox"><input id="filter-option--Martin-Codax-3047553" name="filter-option--Martin-Codax-3047553" type="checkbox"><label class="checkbox-label" for="filter-option--Martin-Codax-3047553" title="Martin Codax"><a class="filter-option--link" href="https://www.tesco.com/groceries/en-GB/shop/drinks/all?brand=Martin%20Codax&amp;viewAll=brand"><span class="checkbox-square checkbox-square-linked"></span><span class="checkbox-check icon-tick-white"></span><span class="visually-hidden">Filter by</span><span class="filter-label--line--inline">Martin Codax</span><span class="filter-label--line--inline">&nbsp;(1)</span></a></label></div></li><li class="filter-option__container" id="Martin Miller" data-auto="filter-option" data-auto-selected="false"><div class="checkbox" data-auto="checkbox"><input id="filter-option--Martin-Miller-34730" name="filter-option--Martin-Miller-34730" type="checkbox"><label class="checkbox-label" for="filter-option--Martin-Miller-34730" title="Martin Miller"><a class="filter-option--link" href="https://www.tesco.com/groceries/en-GB/shop/drinks/all?brand=Martin%20Miller&amp;viewAll=brand"><span class="checkbox-square checkbox-square-linked"></span><span class="checkbox-check icon-tick-white"></span><span class="visually-hidden">Filter by</span><span class="filter-label--line--inline">Martin Miller</span><span class="filter-label--line--inline">&nbsp;(1)</span></a></label></div></li><li class="filter-option__container" id="Maschio Prosecco" data-auto="filter-option" data-auto-selected="false"><div class="checkbox" data-auto="checkbox"><input id="filter-option--Maschio-Prosecco-6331695" name="filter-option--Maschio-Prosecco-6331695" type="checkbox"><label class="checkbox-label" for="filter-option--Maschio-Prosecco-6331695" title="Maschio Prosecco"><a class="filter-option--link" href="https://www.tesco.com/groceries/en-GB/shop/drinks/all?brand=Maschio%20Prosecco&amp;viewAll=brand"><span class="checkbox-square checkbox-square-linked"></span><span class="checkbox-check icon-tick-white"></span><span class="visually-hidden">Filter by</span><span class="filter-label--line--block">Maschio</span><span class="filter-label--line--inline filter-label--line--truncate">Prosecco</span><span class="filter-label--line--inline">&nbsp;(1)</span></a></label></div></li><li class="filter-option__container" id="Mateus" data-auto="filter-option" data-auto-selected="false"><div class="checkbox" data-auto="checkbox"><input id="filter-option--Mateus-7398375" name="filter-option--Mateus-7398375" type="checkbox"><label class="checkbox-label" for="filter-option--Mateus-7398375" title="Mateus"><a class="filter-option--link" href="https://www.tesco.com/groceries/en-GB/shop/drinks/all?brand=Mateus&amp;viewAll=brand"><span class="checkbox-square checkbox-square-linked"></span><span class="checkbox-check icon-tick-white"></span><span class="visually-hidden">Filter by</span><span class="filter-label--line--inline">Mateus</span><span class="filter-label--line--inline">&nbsp;(1)</span></a></label></div></li><li class="filter-option__container" id="Mavrodaphni" data-auto="filter-option" data-auto-selected="false"><div class="checkbox" data-auto="checkbox"><input id="filter-option--Mavrodaphni-8320015" name="filter-option--Mavrodaphni-8320015" type="checkbox"><label class="checkbox-label" for="filter-option--Mavrodaphni-8320015" title="Mavrodaphni"><a class="filter-option--link" href="https://www.tesco.com/groceries/en-GB/shop/drinks/all?brand=Mavrodaphni&amp;viewAll=brand"><span class="checkbox-square checkbox-square-linked"></span><span class="checkbox-check icon-tick-white"></span><span class="visually-hidden">Filter by</span><span class="filter-label--line--inline">Mavrodaphni</span><span class="filter-label--line--inline">&nbsp;(1)</span></a></label></div></li><li class="filter-option__container" id="Melitta" data-auto="filter-option" data-auto-selected="false"><div class="checkbox" data-auto="checkbox"><input id="filter-option--Melitta-4034516" name="filter-option--Melitta-4034516" type="checkbox"><label class="checkbox-label" for="filter-option--Melitta-4034516" title="Melitta"><a class="filter-option--link" href="https://www.tesco.com/groceries/en-GB/shop/drinks/all?brand=Melitta&amp;viewAll=brand"><span class="checkbox-square checkbox-square-linked"></span><span class="checkbox-check icon-tick-white"></span><span class="visually-hidden">Filter by</span><span class="filter-label--line--inline">Melitta</span><span class="filter-label--line--inline">&nbsp;(1)</span></a></label></div></li><li class="filter-option__container" id="Mellow Birds" data-auto="filter-option" data-auto-selected="false"><div class="checkbox" data-auto="checkbox"><input id="filter-option--Mellow-Birds-3847167" name="filter-option--Mellow-Birds-3847167" type="checkbox"><label class="checkbox-label" for="filter-option--Mellow-Birds-3847167" title="Mellow Birds"><a class="filter-option--link" href="https://www.tesco.com/groceries/en-GB/shop/drinks/all?brand=Mellow%20Birds&amp;viewAll=brand"><span class="checkbox-square checkbox-square-linked"></span><span class="checkbox-check icon-tick-white"></span><span class="visually-hidden">Filter by</span><span class="filter-label--line--inline">Mellow Birds</span><span class="filter-label--line--inline">&nbsp;(1)</span></a></label></div></li><li class="filter-option__container" id="Menabrea" data-auto="filter-option" data-auto-selected="false"><div class="checkbox" data-auto="checkbox"><input id="filter-option--Menabrea-8853053" name="filter-option--Menabrea-8853053" type="checkbox"><label class="checkbox-label" for="filter-option--Menabrea-8853053" title="Menabrea"><a class="filter-option--link" href="https://www.tesco.com/groceries/en-GB/shop/drinks/all?brand=Menabrea&amp;viewAll=brand"><span class="checkbox-square checkbox-square-linked"></span><span class="checkbox-check icon-tick-white"></span><span class="visually-hidden">Filter by</span><span class="filter-label--line--inline">Menabrea</span><span class="filter-label--line--inline">&nbsp;(1)</span></a></label></div></li><li class="filter-option__container" id="Mentzendorff" data-auto="filter-option" data-auto-selected="false"><div class="checkbox" data-auto="checkbox"><input id="filter-option--Mentzendorff-6989780" name="filter-option--Mentzendorff-6989780" type="checkbox"><label class="checkbox-label" for="filter-option--Mentzendorff-6989780" title="Mentzendorff"><a class="filter-option--link" href="https://www.tesco.com/groceries/en-GB/shop/drinks/all?brand=Mentzendorff&amp;viewAll=brand"><span class="checkbox-square checkbox-square-linked"></span><span class="checkbox-check icon-tick-white"></span><span class="visually-hidden">Filter by</span><span class="filter-label--line--inline">Mentzendorff</span><span class="filter-label--line--inline">&nbsp;(1)</span></a></label></div></li><li class="filter-option__container" id="Merrydown" data-auto="filter-option" data-auto-selected="false"><div class="checkbox" data-auto="checkbox"><input id="filter-option--Merrydown-6026307" name="filter-option--Merrydown-6026307" type="checkbox"><label class="checkbox-label" for="filter-option--Merrydown-6026307" title="Merrydown"><a class="filter-option--link" href="https://www.tesco.com/groceries/en-GB/shop/drinks/all?brand=Merrydown&amp;viewAll=brand"><span class="checkbox-square checkbox-square-linked"></span><span class="checkbox-check icon-tick-white"></span><span class="visually-hidden">Filter by</span><span class="filter-label--line--inline">Merrydown</span><span class="filter-label--line--inline">&nbsp;(1)</span></a></label></div></li><li class="filter-option__container" id="Mighty" data-auto="filter-option" data-auto-selected="false"><div class="checkbox" data-auto="checkbox"><input id="filter-option--Mighty-4833706" name="filter-option--Mighty-4833706" type="checkbox"><label class="checkbox-label" for="filter-option--Mighty-4833706" title="Mighty"><a class="filter-option--link" href="https://www.tesco.com/groceries/en-GB/shop/drinks/all?brand=Mighty&amp;viewAll=brand"><span class="checkbox-square checkbox-square-linked"></span><span class="checkbox-check icon-tick-white"></span><span class="visually-hidden">Filter by</span><span class="filter-label--line--inline">Mighty</span><span class="filter-label--line--inline">&nbsp;(1)</span></a></label></div></li><li class="filter-option__container" id="Moillard" data-auto="filter-option" data-auto-selected="false"><div class="checkbox" data-auto="checkbox"><input id="filter-option--Moillard-3292600" name="filter-option--Moillard-3292600" type="checkbox"><label class="checkbox-label" for="filter-option--Moillard-3292600" title="Moillard"><a class="filter-option--link" href="https://www.tesco.com/groceries/en-GB/shop/drinks/all?brand=Moillard&amp;viewAll=brand"><span class="checkbox-square checkbox-square-linked"></span><span class="checkbox-check icon-tick-white"></span><span class="visually-hidden">Filter by</span><span class="filter-label--line--inline">Moillard</span><span class="filter-label--line--inline">&nbsp;(1)</span></a></label></div></li><li class="filter-option__container" id="Mount Gay" data-auto="filter-option" data-auto-selected="false"><div class="checkbox" data-auto="checkbox"><input id="filter-option--Mount-Gay-6607572" name="filter-option--Mount-Gay-6607572" type="checkbox"><label class="checkbox-label" for="filter-option--Mount-Gay-6607572" title="Mount Gay"><a class="filter-option--link" href="https://www.tesco.com/groceries/en-GB/shop/drinks/all?brand=Mount%20Gay&amp;viewAll=brand"><span class="checkbox-square checkbox-square-linked"></span><span class="checkbox-check icon-tick-white"></span><span class="visually-hidden">Filter by</span><span class="filter-label--line--inline">Mount Gay</span><span class="filter-label--line--inline">&nbsp;(1)</span></a></label></div></li><li class="filter-option__container" id="Mount Impey" data-auto="filter-option" data-auto-selected="false"><div class="checkbox" data-auto="checkbox"><input id="filter-option--Mount-Impey-2348811" name="filter-option--Mount-Impey-2348811" type="checkbox"><label class="checkbox-label" for="filter-option--Mount-Impey-2348811" title="Mount Impey"><a class="filter-option--link" href="https://www.tesco.com/groceries/en-GB/shop/drinks/all?brand=Mount%20Impey&amp;viewAll=brand"><span class="checkbox-square checkbox-square-linked"></span><span class="checkbox-check icon-tick-white"></span><span class="visually-hidden">Filter by</span><span class="filter-label--line--inline">Mount Impey</span><span class="filter-label--line--inline">&nbsp;(1)</span></a></label></div></li><li class="filter-option__container" id="Mountain Dew" data-auto="filter-option" data-auto-selected="false"><div class="checkbox" data-auto="checkbox"><input id="filter-option--Mountain-Dew-3824278" name="filter-option--Mountain-Dew-3824278" type="checkbox"><label class="checkbox-label" for="filter-option--Mountain-Dew-3824278" title="Mountain Dew"><a class="filter-option--link" href="https://www.tesco.com/groceries/en-GB/shop/drinks/all?brand=Mountain%20Dew&amp;viewAll=brand"><span class="checkbox-square checkbox-square-linked"></span><span class="checkbox-check icon-tick-white"></span><span class="visually-hidden">Filter by</span><span class="filter-label--line--inline">Mountain Dew</span><span class="filter-label--line--inline">&nbsp;(1)</span></a></label></div></li><li class="filter-option__container" id="Mouton Cadet" data-auto="filter-option" data-auto-selected="false"><div class="checkbox" data-auto="checkbox"><input id="filter-option--Mouton-Cadet-8546971" name="filter-option--Mouton-Cadet-8546971" type="checkbox"><label class="checkbox-label" for="filter-option--Mouton-Cadet-8546971" title="Mouton Cadet"><a class="filter-option--link" href="https://www.tesco.com/groceries/en-GB/shop/drinks/all?brand=Mouton%20Cadet&amp;viewAll=brand"><span class="checkbox-square checkbox-square-linked"></span><span class="checkbox-check icon-tick-white"></span><span class="visually-hidden">Filter by</span><span class="filter-label--line--inline">Mouton Cadet</span><span class="filter-label--line--inline">&nbsp;(1)</span></a></label></div></li><li class="filter-option__container" id="Mumm" data-auto="filter-option" data-auto-selected="false"><div class="checkbox" data-auto="checkbox"><input id="filter-option--Mumm-3786688" name="filter-option--Mumm-3786688" type="checkbox"><label class="checkbox-label" for="filter-option--Mumm-3786688" title="Mumm"><a class="filter-option--link" href="https://www.tesco.com/groceries/en-GB/shop/drinks/all?brand=Mumm&amp;viewAll=brand"><span class="checkbox-square checkbox-square-linked"></span><span class="checkbox-check icon-tick-white"></span><span class="visually-hidden">Filter by</span><span class="filter-label--line--inline">Mumm</span><span class="filter-label--line--inline">&nbsp;(1)</span></a></label></div></li><li class="filter-option__container" id="N-Gine" data-auto="filter-option" data-auto-selected="false"><div class="checkbox" data-auto="checkbox"><input id="filter-option--N-Gine-8049971" name="filter-option--N-Gine-8049971" type="checkbox"><label class="checkbox-label" for="filter-option--N-Gine-8049971" title="N-Gine"><a class="filter-option--link" href="https://www.tesco.com/groceries/en-GB/shop/drinks/all?brand=N-Gine&amp;viewAll=brand"><span class="checkbox-square checkbox-square-linked"></span><span class="checkbox-check icon-tick-white"></span><span class="visually-hidden">Filter by</span><span class="filter-label--line--inline">N-Gine</span><span class="filter-label--line--inline">&nbsp;(1)</span></a></label></div></li><li class="filter-option__container" id="Naturya" data-auto="filter-option" data-auto-selected="false"><div class="checkbox" data-auto="checkbox"><input id="filter-option--Naturya-870590" name="filter-option--Naturya-870590" type="checkbox"><label class="checkbox-label" for="filter-option--Naturya-870590" title="Naturya"><a class="filter-option--link" href="https://www.tesco.com/groceries/en-GB/shop/drinks/all?brand=Naturya&amp;viewAll=brand"><span class="checkbox-square checkbox-square-linked"></span><span class="checkbox-check icon-tick-white"></span><span class="visually-hidden">Filter by</span><span class="filter-label--line--inline">Naturya</span><span class="filter-label--line--inline">&nbsp;(1)</span></a></label></div></li><li class="filter-option__container" id="Nestle" data-auto="filter-option" data-auto-selected="false"><div class="checkbox" data-auto="checkbox"><input id="filter-option--Nestle-6746370" name="filter-option--Nestle-6746370" type="checkbox"><label class="checkbox-label" for="filter-option--Nestle-6746370" title="Nestle"><a class="filter-option--link" href="https://www.tesco.com/groceries/en-GB/shop/drinks/all?brand=Nestle&amp;viewAll=brand"><span class="checkbox-square checkbox-square-linked"></span><span class="checkbox-check icon-tick-white"></span><span class="visually-hidden">Filter by</span><span class="filter-label--line--inline">Nestle</span><span class="filter-label--line--inline">&nbsp;(1)</span></a></label></div></li><li class="filter-option__container" id="Northumbria" data-auto="filter-option" data-auto-selected="false"><div class="checkbox" data-auto="checkbox"><input id="filter-option--Northumbria-3680595" name="filter-option--Northumbria-3680595" type="checkbox"><label class="checkbox-label" for="filter-option--Northumbria-3680595" title="Northumbria"><a class="filter-option--link" href="https://www.tesco.com/groceries/en-GB/shop/drinks/all?brand=Northumbria&amp;viewAll=brand"><span class="checkbox-square checkbox-square-linked"></span><span class="checkbox-check icon-tick-white"></span><span class="visually-hidden">Filter by</span><span class="filter-label--line--inline">Northumbria</span><span class="filter-label--line--inline">&nbsp;(1)</span></a></label></div></li><li class="filter-option__container" id="Old Forester" data-auto="filter-option" data-auto-selected="false"><div class="checkbox" data-auto="checkbox"><input id="filter-option--Old-Forester-5253521" name="filter-option--Old-Forester-5253521" type="checkbox"><label class="checkbox-label" for="filter-option--Old-Forester-5253521" title="Old Forester"><a class="filter-option--link" href="https://www.tesco.com/groceries/en-GB/shop/drinks/all?brand=Old%20Forester&amp;viewAll=brand"><span class="checkbox-square checkbox-square-linked"></span><span class="checkbox-check icon-tick-white"></span><span class="visually-hidden">Filter by</span><span class="filter-label--line--inline">Old Forester</span><span class="filter-label--line--inline">&nbsp;(1)</span></a></label></div></li><li class="filter-option__container" id="Old Golden Hen" data-auto="filter-option" data-auto-selected="false"><div class="checkbox" data-auto="checkbox"><input id="filter-option--Old-Golden-Hen-4562829" name="filter-option--Old-Golden-Hen-4562829" type="checkbox"><label class="checkbox-label" for="filter-option--Old-Golden-Hen-4562829" title="Old Golden Hen"><a class="filter-option--link" href="https://www.tesco.com/groceries/en-GB/shop/drinks/all?brand=Old%20Golden%20Hen&amp;viewAll=brand"><span class="checkbox-square checkbox-square-linked"></span><span class="checkbox-check icon-tick-white"></span><span class="visually-hidden">Filter by</span><span class="filter-label--line--inline">Old Golden Hen</span><span class="filter-label--line--inline">&nbsp;(1)</span></a></label></div></li><li class="filter-option__container" id="Old Pulten" data-auto="filter-option" data-auto-selected="false"><div class="checkbox" data-auto="checkbox"><input id="filter-option--Old-Pulten-1701082" name="filter-option--Old-Pulten-1701082" type="checkbox"><label class="checkbox-label" for="filter-option--Old-Pulten-1701082" title="Old Pulten"><a class="filter-option--link" href="https://www.tesco.com/groceries/en-GB/shop/drinks/all?brand=Old%20Pulten&amp;viewAll=brand"><span class="checkbox-square checkbox-square-linked"></span><span class="checkbox-check icon-tick-white"></span><span class="visually-hidden">Filter by</span><span class="filter-label--line--inline">Old Pulten</span><span class="filter-label--line--inline">&nbsp;(1)</span></a></label></div></li><li class="filter-option__container" id="Only Fools And H" data-auto="filter-option" data-auto-selected="false"><div class="checkbox" data-auto="checkbox"><input id="filter-option--Only-Fools-And-H-1467817" name="filter-option--Only-Fools-And-H-1467817" type="checkbox"><label class="checkbox-label" for="filter-option--Only-Fools-And-H-1467817" title="Only Fools And H"><a class="filter-option--link" href="https://www.tesco.com/groceries/en-GB/shop/drinks/all?brand=Only%20Fools%20And%20H&amp;viewAll=brand"><span class="checkbox-square checkbox-square-linked"></span><span class="checkbox-check icon-tick-white"></span><span class="visually-hidden">Filter by</span><span class="filter-label--line--block">Only Fools</span><span class="filter-label--line--inline filter-label--line--truncate">And H</span><span class="filter-label--line--inline">&nbsp;(1)</span></a></label></div></li><li class="filter-option__container" id="Orangina" data-auto="filter-option" data-auto-selected="false"><div class="checkbox" data-auto="checkbox"><input id="filter-option--Orangina-7331488" name="filter-option--Orangina-7331488" type="checkbox"><label class="checkbox-label" for="filter-option--Orangina-7331488" title="Orangina"><a class="filter-option--link" href="https://www.tesco.com/groceries/en-GB/shop/drinks/all?brand=Orangina&amp;viewAll=brand"><span class="checkbox-square checkbox-square-linked"></span><span class="checkbox-check icon-tick-white"></span><span class="visually-hidden">Filter by</span><span class="filter-label--line--inline">Orangina</span><span class="filter-label--line--inline">&nbsp;(1)</span></a></label></div></li><li class="filter-option__container" id="Organic" data-auto="filter-option" data-auto-selected="false"><div class="checkbox" data-auto="checkbox"><input id="filter-option--Organic-4844352" name="filter-option--Organic-4844352" type="checkbox"><label class="checkbox-label" for="filter-option--Organic-4844352" title="Organic"><a class="filter-option--link" href="https://www.tesco.com/groceries/en-GB/shop/drinks/all?brand=Organic&amp;viewAll=brand"><span class="checkbox-square checkbox-square-linked"></span><span class="checkbox-check icon-tick-white"></span><span class="visually-hidden">Filter by</span><span class="filter-label--line--inline">Organic</span><span class="filter-label--line--inline">&nbsp;(1)</span></a></label></div></li><li class="filter-option__container" id="Organic Pukka" data-auto="filter-option" data-auto-selected="false"><div class="checkbox" data-auto="checkbox"><input id="filter-option--Organic-Pukka-5320145" name="filter-option--Organic-Pukka-5320145" type="checkbox"><label class="checkbox-label" for="filter-option--Organic-Pukka-5320145" title="Organic Pukka"><a class="filter-option--link" href="https://www.tesco.com/groceries/en-GB/shop/drinks/all?brand=Organic%20Pukka&amp;viewAll=brand"><span class="checkbox-square checkbox-square-linked"></span><span class="checkbox-check icon-tick-white"></span><span class="visually-hidden">Filter by</span><span class="filter-label--line--inline">Organic Pukka</span><span class="filter-label--line--inline">&nbsp;(1)</span></a></label></div></li><li class="filter-option__container" id="Ouzo 12" data-auto="filter-option" data-auto-selected="false"><div class="checkbox" data-auto="checkbox"><input id="filter-option--Ouzo-12-5792084" name="filter-option--Ouzo-12-5792084" type="checkbox"><label class="checkbox-label" for="filter-option--Ouzo-12-5792084" title="Ouzo 12"><a class="filter-option--link" href="https://www.tesco.com/groceries/en-GB/shop/drinks/all?brand=Ouzo%2012&amp;viewAll=brand"><span class="checkbox-square checkbox-square-linked"></span><span class="checkbox-check icon-tick-white"></span><span class="visually-hidden">Filter by</span><span class="filter-label--line--inline">Ouzo 12</span><span class="filter-label--line--inline">&nbsp;(1)</span></a></label></div></li><li class="filter-option__container" id="Oxford Landing" data-auto="filter-option" data-auto-selected="false"><div class="checkbox" data-auto="checkbox"><input id="filter-option--Oxford-Landing-825862" name="filter-option--Oxford-Landing-825862" type="checkbox"><label class="checkbox-label" for="filter-option--Oxford-Landing-825862" title="Oxford Landing"><a class="filter-option--link" href="https://www.tesco.com/groceries/en-GB/shop/drinks/all?brand=Oxford%20Landing&amp;viewAll=brand"><span class="checkbox-square checkbox-square-linked"></span><span class="checkbox-check icon-tick-white"></span><span class="visually-hidden">Filter by</span><span class="filter-label--line--inline">Oxford Landing</span><span class="filter-label--line--inline">&nbsp;(1)</span></a></label></div></li><li class="filter-option__container" id="Paco Y Lola" data-auto="filter-option" data-auto-selected="false"><div class="checkbox" data-auto="checkbox"><input id="filter-option--Paco-Y-Lola-4843497" name="filter-option--Paco-Y-Lola-4843497" type="checkbox"><label class="checkbox-label" for="filter-option--Paco-Y-Lola-4843497" title="Paco Y Lola"><a class="filter-option--link" href="https://www.tesco.com/groceries/en-GB/shop/drinks/all?brand=Paco%20Y%20Lola&amp;viewAll=brand"><span class="checkbox-square checkbox-square-linked"></span><span class="checkbox-check icon-tick-white"></span><span class="visually-hidden">Filter by</span><span class="filter-label--line--inline">Paco Y Lola</span><span class="filter-label--line--inline">&nbsp;(1)</span></a></label></div></li><li class="filter-option__container" id="Palm" data-auto="filter-option" data-auto-selected="false"><div class="checkbox" data-auto="checkbox"><input id="filter-option--Palm-2031757" name="filter-option--Palm-2031757" type="checkbox"><label class="checkbox-label" for="filter-option--Palm-2031757" title="Palm"><a class="filter-option--link" href="https://www.tesco.com/groceries/en-GB/shop/drinks/all?brand=Palm&amp;viewAll=brand"><span class="checkbox-square checkbox-square-linked"></span><span class="checkbox-check icon-tick-white"></span><span class="visually-hidden">Filter by</span><span class="filter-label--line--inline">Palm</span><span class="filter-label--line--inline">&nbsp;(1)</span></a></label></div></li><li class="filter-option__container" id="Parra Alta" data-auto="filter-option" data-auto-selected="false"><div class="checkbox" data-auto="checkbox"><input id="filter-option--Parra-Alta-5280534" name="filter-option--Parra-Alta-5280534" type="checkbox"><label class="checkbox-label" for="filter-option--Parra-Alta-5280534" title="Parra Alta"><a class="filter-option--link" href="https://www.tesco.com/groceries/en-GB/shop/drinks/all?brand=Parra%20Alta&amp;viewAll=brand"><span class="checkbox-square checkbox-square-linked"></span><span class="checkbox-check icon-tick-white"></span><span class="visually-hidden">Filter by</span><span class="filter-label--line--inline">Parra Alta</span><span class="filter-label--line--inline">&nbsp;(1)</span></a></label></div></li><li class="filter-option__container" id="Pasqua" data-auto="filter-option" data-auto-selected="false"><div class="checkbox" data-auto="checkbox"><input id="filter-option--Pasqua-55991" name="filter-option--Pasqua-55991" type="checkbox"><label class="checkbox-label" for="filter-option--Pasqua-55991" title="Pasqua"><a class="filter-option--link" href="https://www.tesco.com/groceries/en-GB/shop/drinks/all?brand=Pasqua&amp;viewAll=brand"><span class="checkbox-square checkbox-square-linked"></span><span class="checkbox-check icon-tick-white"></span><span class="visually-hidden">Filter by</span><span class="filter-label--line--inline">Pasqua</span><span class="filter-label--line--inline">&nbsp;(1)</span></a></label></div></li><li class="filter-option__container" id="Passoa" data-auto="filter-option" data-auto-selected="false"><div class="checkbox" data-auto="checkbox"><input id="filter-option--Passoa-7356682" name="filter-option--Passoa-7356682" type="checkbox"><label class="checkbox-label" for="filter-option--Passoa-7356682" title="Passoa"><a class="filter-option--link" href="https://www.tesco.com/groceries/en-GB/shop/drinks/all?brand=Passoa&amp;viewAll=brand"><span class="checkbox-square checkbox-square-linked"></span><span class="checkbox-check icon-tick-white"></span><span class="visually-hidden">Filter by</span><span class="filter-label--line--inline">Passoa</span><span class="filter-label--line--inline">&nbsp;(1)</span></a></label></div></li><li class="filter-option__container" id="Patient Cottat" data-auto="filter-option" data-auto-selected="false"><div class="checkbox" data-auto="checkbox"><input id="filter-option--Patient-Cottat-700049" name="filter-option--Patient-Cottat-700049" type="checkbox"><label class="checkbox-label" for="filter-option--Patient-Cottat-700049" title="Patient Cottat"><a class="filter-option--link" href="https://www.tesco.com/groceries/en-GB/shop/drinks/all?brand=Patient%20Cottat&amp;viewAll=brand"><span class="checkbox-square checkbox-square-linked"></span><span class="checkbox-check icon-tick-white"></span><span class="visually-hidden">Filter by</span><span class="filter-label--line--inline">Patient Cottat</span><span class="filter-label--line--inline">&nbsp;(1)</span></a></label></div></li><li class="filter-option__container" id="Patrick Chodot" data-auto="filter-option" data-auto-selected="false"><div class="checkbox" data-auto="checkbox"><input id="filter-option--Patrick-Chodot-2663010" name="filter-option--Patrick-Chodot-2663010" type="checkbox"><label class="checkbox-label" for="filter-option--Patrick-Chodot-2663010" title="Patrick Chodot"><a class="filter-option--link" href="https://www.tesco.com/groceries/en-GB/shop/drinks/all?brand=Patrick%20Chodot&amp;viewAll=brand"><span class="checkbox-square checkbox-square-linked"></span><span class="checkbox-check icon-tick-white"></span><span class="visually-hidden">Filter by</span><span class="filter-label--line--inline">Patrick Chodot</span><span class="filter-label--line--inline">&nbsp;(1)</span></a></label></div></li><li class="filter-option__container" id="Paulaner" data-auto="filter-option" data-auto-selected="false"><div class="checkbox" data-auto="checkbox"><input id="filter-option--Paulaner-8172924" name="filter-option--Paulaner-8172924" type="checkbox"><label class="checkbox-label" for="filter-option--Paulaner-8172924" title="Paulaner"><a class="filter-option--link" href="https://www.tesco.com/groceries/en-GB/shop/drinks/all?brand=Paulaner&amp;viewAll=brand"><span class="checkbox-square checkbox-square-linked"></span><span class="checkbox-check icon-tick-white"></span><span class="visually-hidden">Filter by</span><span class="filter-label--line--inline">Paulaner</span><span class="filter-label--line--inline">&nbsp;(1)</span></a></label></div></li><li class="filter-option__container" id="Pellegrino" data-auto="filter-option" data-auto-selected="false"><div class="checkbox" data-auto="checkbox"><input id="filter-option--Pellegrino-5550175" name="filter-option--Pellegrino-5550175" type="checkbox"><label class="checkbox-label" for="filter-option--Pellegrino-5550175" title="Pellegrino"><a class="filter-option--link" href="https://www.tesco.com/groceries/en-GB/shop/drinks/all?brand=Pellegrino&amp;viewAll=brand"><span class="checkbox-square checkbox-square-linked"></span><span class="checkbox-check icon-tick-white"></span><span class="visually-hidden">Filter by</span><span class="filter-label--line--inline">Pellegrino</span><span class="filter-label--line--inline">&nbsp;(1)</span></a></label></div></li><li class="filter-option__container" id="Penasol" data-auto="filter-option" data-auto-selected="false"><div class="checkbox" data-auto="checkbox"><input id="filter-option--Penasol-9938639" name="filter-option--Penasol-9938639" type="checkbox"><label class="checkbox-label" for="filter-option--Penasol-9938639" title="Penasol"><a class="filter-option--link" href="https://www.tesco.com/groceries/en-GB/shop/drinks/all?brand=Penasol&amp;viewAll=brand"><span class="checkbox-square checkbox-square-linked"></span><span class="checkbox-check icon-tick-white"></span><span class="visually-hidden">Filter by</span><span class="filter-label--line--inline">Penasol</span><span class="filter-label--line--inline">&nbsp;(1)</span></a></label></div></li><li class="filter-option__container" id="Penderyn" data-auto="filter-option" data-auto-selected="false"><div class="checkbox" data-auto="checkbox"><input id="filter-option--Penderyn-2104391" name="filter-option--Penderyn-2104391" type="checkbox"><label class="checkbox-label" for="filter-option--Penderyn-2104391" title="Penderyn"><a class="filter-option--link" href="https://www.tesco.com/groceries/en-GB/shop/drinks/all?brand=Penderyn&amp;viewAll=brand"><span class="checkbox-square checkbox-square-linked"></span><span class="checkbox-check icon-tick-white"></span><span class="visually-hidden">Filter by</span><span class="filter-label--line--inline">Penderyn</span><span class="filter-label--line--inline">&nbsp;(1)</span></a></label></div></li><li class="filter-option__container" id="Percol" data-auto="filter-option" data-auto-selected="false"><div class="checkbox" data-auto="checkbox"><input id="filter-option--Percol-549174" name="filter-option--Percol-549174" type="checkbox"><label class="checkbox-label" for="filter-option--Percol-549174" title="Percol"><a class="filter-option--link" href="https://www.tesco.com/groceries/en-GB/shop/drinks/all?brand=Percol&amp;viewAll=brand"><span class="checkbox-square checkbox-square-linked"></span><span class="checkbox-check icon-tick-white"></span><span class="visually-hidden">Filter by</span><span class="filter-label--line--inline">Percol</span><span class="filter-label--line--inline">&nbsp;(1)</span></a></label></div></li><li class="filter-option__container" id="Pernod" data-auto="filter-option" data-auto-selected="false"><div class="checkbox" data-auto="checkbox"><input id="filter-option--Pernod-650281" name="filter-option--Pernod-650281" type="checkbox"><label class="checkbox-label" for="filter-option--Pernod-650281" title="Pernod"><a class="filter-option--link" href="https://www.tesco.com/groceries/en-GB/shop/drinks/all?brand=Pernod&amp;viewAll=brand"><span class="checkbox-square checkbox-square-linked"></span><span class="checkbox-check icon-tick-white"></span><span class="visually-hidden">Filter by</span><span class="filter-label--line--inline">Pernod</span><span class="filter-label--line--inline">&nbsp;(1)</span></a></label></div></li><li class="filter-option__container" id="Petaluma" data-auto="filter-option" data-auto-selected="false"><div class="checkbox" data-auto="checkbox"><input id="filter-option--Petaluma-7048863" name="filter-option--Petaluma-7048863" type="checkbox"><label class="checkbox-label" for="filter-option--Petaluma-7048863" title="Petaluma"><a class="filter-option--link" href="https://www.tesco.com/groceries/en-GB/shop/drinks/all?brand=Petaluma&amp;viewAll=brand"><span class="checkbox-square checkbox-square-linked"></span><span class="checkbox-check icon-tick-white"></span><span class="visually-hidden">Filter by</span><span class="filter-label--line--inline">Petaluma</span><span class="filter-label--line--inline">&nbsp;(1)</span></a></label></div></li><li class="filter-option__container" id="Peter Lehmann" data-auto="filter-option" data-auto-selected="false"><div class="checkbox" data-auto="checkbox"><input id="filter-option--Peter-Lehmann-7524379" name="filter-option--Peter-Lehmann-7524379" type="checkbox"><label class="checkbox-label" for="filter-option--Peter-Lehmann-7524379" title="Peter Lehmann"><a class="filter-option--link" href="https://www.tesco.com/groceries/en-GB/shop/drinks/all?brand=Peter%20Lehmann&amp;viewAll=brand"><span class="checkbox-square checkbox-square-linked"></span><span class="checkbox-check icon-tick-white"></span><span class="visually-hidden">Filter by</span><span class="filter-label--line--inline">Peter Lehmann</span><span class="filter-label--line--inline">&nbsp;(1)</span></a></label></div></li><li class="filter-option__container" id="Planeta" data-auto="filter-option" data-auto-selected="false"><div class="checkbox" data-auto="checkbox"><input id="filter-option--Planeta-5869993" name="filter-option--Planeta-5869993" type="checkbox"><label class="checkbox-label" for="filter-option--Planeta-5869993" title="Planeta"><a class="filter-option--link" href="https://www.tesco.com/groceries/en-GB/shop/drinks/all?brand=Planeta&amp;viewAll=brand"><span class="checkbox-square checkbox-square-linked"></span><span class="checkbox-check icon-tick-white"></span><span class="visually-hidden">Filter by</span><span class="filter-label--line--inline">Planeta</span><span class="filter-label--line--inline">&nbsp;(1)</span></a></label></div></li><li class="filter-option__container" id="Plymouth Gin" data-auto="filter-option" data-auto-selected="false"><div class="checkbox" data-auto="checkbox"><input id="filter-option--Plymouth-Gin-2984129" name="filter-option--Plymouth-Gin-2984129" type="checkbox"><label class="checkbox-label" for="filter-option--Plymouth-Gin-2984129" title="Plymouth Gin"><a class="filter-option--link" href="https://www.tesco.com/groceries/en-GB/shop/drinks/all?brand=Plymouth%20Gin&amp;viewAll=brand"><span class="checkbox-square checkbox-square-linked"></span><span class="checkbox-check icon-tick-white"></span><span class="visually-hidden">Filter by</span><span class="filter-label--line--inline">Plymouth Gin</span><span class="filter-label--line--inline">&nbsp;(1)</span></a></label></div></li><li class="filter-option__container" id="Pom" data-auto="filter-option" data-auto-selected="false"><div class="checkbox" data-auto="checkbox"><input id="filter-option--Pom-2588483" name="filter-option--Pom-2588483" type="checkbox"><label class="checkbox-label" for="filter-option--Pom-2588483" title="Pom"><a class="filter-option--link" href="https://www.tesco.com/groceries/en-GB/shop/drinks/all?brand=Pom&amp;viewAll=brand"><span class="checkbox-square checkbox-square-linked"></span><span class="checkbox-check icon-tick-white"></span><span class="visually-hidden">Filter by</span><span class="filter-label--line--inline">Pom</span><span class="filter-label--line--inline">&nbsp;(1)</span></a></label></div></li><li class="filter-option__container" id="Pomegreat" data-auto="filter-option" data-auto-selected="false"><div class="checkbox" data-auto="checkbox"><input id="filter-option--Pomegreat-627204" name="filter-option--Pomegreat-627204" type="checkbox"><label class="checkbox-label" for="filter-option--Pomegreat-627204" title="Pomegreat"><a class="filter-option--link" href="https://www.tesco.com/groceries/en-GB/shop/drinks/all?brand=Pomegreat&amp;viewAll=brand"><span class="checkbox-square checkbox-square-linked"></span><span class="checkbox-check icon-tick-white"></span><span class="visually-hidden">Filter by</span><span class="filter-label--line--inline">Pomegreat</span><span class="filter-label--line--inline">&nbsp;(1)</span></a></label></div></li><li class="filter-option__container" id="Pommery" data-auto="filter-option" data-auto-selected="false"><div class="checkbox" data-auto="checkbox"><input id="filter-option--Pommery-3256446" name="filter-option--Pommery-3256446" type="checkbox"><label class="checkbox-label" for="filter-option--Pommery-3256446" title="Pommery"><a class="filter-option--link" href="https://www.tesco.com/groceries/en-GB/shop/drinks/all?brand=Pommery&amp;viewAll=brand"><span class="checkbox-square checkbox-square-linked"></span><span class="checkbox-check icon-tick-white"></span><span class="visually-hidden">Filter by</span><span class="filter-label--line--inline">Pommery</span><span class="filter-label--line--inline">&nbsp;(1)</span></a></label></div></li><li class="filter-option__container" id="Prima Luna" data-auto="filter-option" data-auto-selected="false"><div class="checkbox" data-auto="checkbox"><input id="filter-option--Prima-Luna-8095585" name="filter-option--Prima-Luna-8095585" type="checkbox"><label class="checkbox-label" for="filter-option--Prima-Luna-8095585" title="Prima Luna"><a class="filter-option--link" href="https://www.tesco.com/groceries/en-GB/shop/drinks/all?brand=Prima%20Luna&amp;viewAll=brand"><span class="checkbox-square checkbox-square-linked"></span><span class="checkbox-check icon-tick-white"></span><span class="visually-hidden">Filter by</span><span class="filter-label--line--inline">Prima Luna</span><span class="filter-label--line--inline">&nbsp;(1)</span></a></label></div></li><li class="filter-option__container" id="Puiattino" data-auto="filter-option" data-auto-selected="false"><div class="checkbox" data-auto="checkbox"><input id="filter-option--Puiattino-8619988" name="filter-option--Puiattino-8619988" type="checkbox"><label class="checkbox-label" for="filter-option--Puiattino-8619988" title="Puiattino"><a class="filter-option--link" href="https://www.tesco.com/groceries/en-GB/shop/drinks/all?brand=Puiattino&amp;viewAll=brand"><span class="checkbox-square checkbox-square-linked"></span><span class="checkbox-check icon-tick-white"></span><span class="visually-hidden">Filter by</span><span class="filter-label--line--inline">Puiattino</span><span class="filter-label--line--inline">&nbsp;(1)</span></a></label></div></li><li class="filter-option__container" id="Pulpt" data-auto="filter-option" data-auto-selected="false"><div class="checkbox" data-auto="checkbox"><input id="filter-option--Pulpt-4621767" name="filter-option--Pulpt-4621767" type="checkbox"><label class="checkbox-label" for="filter-option--Pulpt-4621767" title="Pulpt"><a class="filter-option--link" href="https://www.tesco.com/groceries/en-GB/shop/drinks/all?brand=Pulpt&amp;viewAll=brand"><span class="checkbox-square checkbox-square-linked"></span><span class="checkbox-check icon-tick-white"></span><span class="visually-hidden">Filter by</span><span class="filter-label--line--inline">Pulpt</span><span class="filter-label--line--inline">&nbsp;(1)</span></a></label></div></li><li class="filter-option__container" id="Punjana" data-auto="filter-option" data-auto-selected="false"><div class="checkbox" data-auto="checkbox"><input id="filter-option--Punjana-8384553" name="filter-option--Punjana-8384553" type="checkbox"><label class="checkbox-label" for="filter-option--Punjana-8384553" title="Punjana"><a class="filter-option--link" href="https://www.tesco.com/groceries/en-GB/shop/drinks/all?brand=Punjana&amp;viewAll=brand"><span class="checkbox-square checkbox-square-linked"></span><span class="checkbox-check icon-tick-white"></span><span class="visually-hidden">Filter by</span><span class="filter-label--line--inline">Punjana</span><span class="filter-label--line--inline">&nbsp;(1)</span></a></label></div></li><li class="filter-option__container" id="Purity" data-auto="filter-option" data-auto-selected="false"><div class="checkbox" data-auto="checkbox"><input id="filter-option--Purity-2186534" name="filter-option--Purity-2186534" type="checkbox"><label class="checkbox-label" for="filter-option--Purity-2186534" title="Purity"><a class="filter-option--link" href="https://www.tesco.com/groceries/en-GB/shop/drinks/all?brand=Purity&amp;viewAll=brand"><span class="checkbox-square checkbox-square-linked"></span><span class="checkbox-check icon-tick-white"></span><span class="visually-hidden">Filter by</span><span class="filter-label--line--inline">Purity</span><span class="filter-label--line--inline">&nbsp;(1)</span></a></label></div></li><li class="filter-option__container" id="R Whites" data-auto="filter-option" data-auto-selected="false"><div class="checkbox" data-auto="checkbox"><input id="filter-option--R-Whites-617610" name="filter-option--R-Whites-617610" type="checkbox"><label class="checkbox-label" for="filter-option--R-Whites-617610" title="R Whites"><a class="filter-option--link" href="https://www.tesco.com/groceries/en-GB/shop/drinks/all?brand=R%20Whites&amp;viewAll=brand"><span class="checkbox-square checkbox-square-linked"></span><span class="checkbox-check icon-tick-white"></span><span class="visually-hidden">Filter by</span><span class="filter-label--line--inline">R Whites</span><span class="filter-label--line--inline">&nbsp;(1)</span></a></label></div></li><li class="filter-option__container" id="Ravenswood" data-auto="filter-option" data-auto-selected="false"><div class="checkbox" data-auto="checkbox"><input id="filter-option--Ravenswood-4247386" name="filter-option--Ravenswood-4247386" type="checkbox"><label class="checkbox-label" for="filter-option--Ravenswood-4247386" title="Ravenswood"><a class="filter-option--link" href="https://www.tesco.com/groceries/en-GB/shop/drinks/all?brand=Ravenswood&amp;viewAll=brand"><span class="checkbox-square checkbox-square-linked"></span><span class="checkbox-check icon-tick-white"></span><span class="visually-hidden">Filter by</span><span class="filter-label--line--inline">Ravenswood</span><span class="filter-label--line--inline">&nbsp;(1)</span></a></label></div></li><li class="filter-option__container" id="Red Stripe" data-auto="filter-option" data-auto-selected="false"><div class="checkbox" data-auto="checkbox"><input id="filter-option--Red-Stripe-9038017" name="filter-option--Red-Stripe-9038017" type="checkbox"><label class="checkbox-label" for="filter-option--Red-Stripe-9038017" title="Red Stripe"><a class="filter-option--link" href="https://www.tesco.com/groceries/en-GB/shop/drinks/all?brand=Red%20Stripe&amp;viewAll=brand"><span class="checkbox-square checkbox-square-linked"></span><span class="checkbox-check icon-tick-white"></span><span class="visually-hidden">Filter by</span><span class="filter-label--line--inline">Red Stripe</span><span class="filter-label--line--inline">&nbsp;(1)</span></a></label></div></li><li class="filter-option__container" id="Remy Martin" data-auto="filter-option" data-auto-selected="false"><div class="checkbox" data-auto="checkbox"><input id="filter-option--Remy-Martin-9558031" name="filter-option--Remy-Martin-9558031" type="checkbox"><label class="checkbox-label" for="filter-option--Remy-Martin-9558031" title="Remy Martin"><a class="filter-option--link" href="https://www.tesco.com/groceries/en-GB/shop/drinks/all?brand=Remy%20Martin&amp;viewAll=brand"><span class="checkbox-square checkbox-square-linked"></span><span class="checkbox-check icon-tick-white"></span><span class="visually-hidden">Filter by</span><span class="filter-label--line--inline">Remy Martin</span><span class="filter-label--line--inline">&nbsp;(1)</span></a></label></div></li><li class="filter-option__container" id="Ringbolt" data-auto="filter-option" data-auto-selected="false"><div class="checkbox" data-auto="checkbox"><input id="filter-option--Ringbolt-9856814" name="filter-option--Ringbolt-9856814" type="checkbox"><label class="checkbox-label" for="filter-option--Ringbolt-9856814" title="Ringbolt"><a class="filter-option--link" href="https://www.tesco.com/groceries/en-GB/shop/drinks/all?brand=Ringbolt&amp;viewAll=brand"><span class="checkbox-square checkbox-square-linked"></span><span class="checkbox-check icon-tick-white"></span><span class="visually-hidden">Filter by</span><span class="filter-label--line--inline">Ringbolt</span><span class="filter-label--line--inline">&nbsp;(1)</span></a></label></div></li><li class="filter-option__container" id="Rivarose" data-auto="filter-option" data-auto-selected="false"><div class="checkbox" data-auto="checkbox"><input id="filter-option--Rivarose-6256034" name="filter-option--Rivarose-6256034" type="checkbox"><label class="checkbox-label" for="filter-option--Rivarose-6256034" title="Rivarose"><a class="filter-option--link" href="https://www.tesco.com/groceries/en-GB/shop/drinks/all?brand=Rivarose&amp;viewAll=brand"><span class="checkbox-square checkbox-square-linked"></span><span class="checkbox-check icon-tick-white"></span><span class="visually-hidden">Filter by</span><span class="filter-label--line--inline">Rivarose</span><span class="filter-label--line--inline">&nbsp;(1)</span></a></label></div></li><li class="filter-option__container" id="Rombouts" data-auto="filter-option" data-auto-selected="false"><div class="checkbox" data-auto="checkbox"><input id="filter-option--Rombouts-7080406" name="filter-option--Rombouts-7080406" type="checkbox"><label class="checkbox-label" for="filter-option--Rombouts-7080406" title="Rombouts"><a class="filter-option--link" href="https://www.tesco.com/groceries/en-GB/shop/drinks/all?brand=Rombouts&amp;viewAll=brand"><span class="checkbox-square checkbox-square-linked"></span><span class="checkbox-check icon-tick-white"></span><span class="visually-hidden">Filter by</span><span class="filter-label--line--inline">Rombouts</span><span class="filter-label--line--inline">&nbsp;(1)</span></a></label></div></li><li class="filter-option__container" id="Roses" data-auto="filter-option" data-auto-selected="false"><div class="checkbox" data-auto="checkbox"><input id="filter-option--Roses-4477793" name="filter-option--Roses-4477793" type="checkbox"><label class="checkbox-label" for="filter-option--Roses-4477793" title="Roses"><a class="filter-option--link" href="https://www.tesco.com/groceries/en-GB/shop/drinks/all?brand=Roses&amp;viewAll=brand"><span class="checkbox-square checkbox-square-linked"></span><span class="checkbox-check icon-tick-white"></span><span class="visually-hidden">Filter by</span><span class="filter-label--line--inline">Roses</span><span class="filter-label--line--inline">&nbsp;(1)</span></a></label></div></li><li class="filter-option__container" id="Running With Bulls" data-auto="filter-option" data-auto-selected="false"><div class="checkbox" data-auto="checkbox"><input id="filter-option--Running-With-Bulls-7917017" name="filter-option--Running-With-Bulls-7917017" type="checkbox"><label class="checkbox-label" for="filter-option--Running-With-Bulls-7917017" title="Running With Bulls"><a class="filter-option--link" href="https://www.tesco.com/groceries/en-GB/shop/drinks/all?brand=Running%20With%20Bulls&amp;viewAll=brand"><span class="checkbox-square checkbox-square-linked"></span><span class="checkbox-check icon-tick-white"></span><span class="visually-hidden">Filter by</span><span class="filter-label--line--block">Running With</span><span class="filter-label--line--inline filter-label--line--truncate">Bulls</span><span class="filter-label--line--inline">&nbsp;(1)</span></a></label></div></li><li class="filter-option__container" id="Rustenberg" data-auto="filter-option" data-auto-selected="false"><div class="checkbox" data-auto="checkbox"><input id="filter-option--Rustenberg-5719329" name="filter-option--Rustenberg-5719329" type="checkbox"><label class="checkbox-label" for="filter-option--Rustenberg-5719329" title="Rustenberg"><a class="filter-option--link" href="https://www.tesco.com/groceries/en-GB/shop/drinks/all?brand=Rustenberg&amp;viewAll=brand"><span class="checkbox-square checkbox-square-linked"></span><span class="checkbox-check icon-tick-white"></span><span class="visually-hidden">Filter by</span><span class="filter-label--line--inline">Rustenberg</span><span class="filter-label--line--inline">&nbsp;(1)</span></a></label></div></li><li class="filter-option__container" id="Saltaire Brewery" data-auto="filter-option" data-auto-selected="false"><div class="checkbox" data-auto="checkbox"><input id="filter-option--Saltaire-Brewery-3804286" name="filter-option--Saltaire-Brewery-3804286" type="checkbox"><label class="checkbox-label" for="filter-option--Saltaire-Brewery-3804286" title="Saltaire Brewery"><a class="filter-option--link" href="https://www.tesco.com/groceries/en-GB/shop/drinks/all?brand=Saltaire%20Brewery&amp;viewAll=brand"><span class="checkbox-square checkbox-square-linked"></span><span class="checkbox-check icon-tick-white"></span><span class="visually-hidden">Filter by</span><span class="filter-label--line--block">Saltaire</span><span class="filter-label--line--inline filter-label--line--truncate">Brewery</span><span class="filter-label--line--inline">&nbsp;(1)</span></a></label></div></li><li class="filter-option__container" id="San Lorenzo" data-auto="filter-option" data-auto-selected="false"><div class="checkbox" data-auto="checkbox"><input id="filter-option--San-Lorenzo-4270215" name="filter-option--San-Lorenzo-4270215" type="checkbox"><label class="checkbox-label" for="filter-option--San-Lorenzo-4270215" title="San Lorenzo"><a class="filter-option--link" href="https://www.tesco.com/groceries/en-GB/shop/drinks/all?brand=San%20Lorenzo&amp;viewAll=brand"><span class="checkbox-square checkbox-square-linked"></span><span class="checkbox-check icon-tick-white"></span><span class="visually-hidden">Filter by</span><span class="filter-label--line--inline">San Lorenzo</span><span class="filter-label--line--inline">&nbsp;(1)</span></a></label></div></li><li class="filter-option__container" id="Sapporo" data-auto="filter-option" data-auto-selected="false"><div class="checkbox" data-auto="checkbox"><input id="filter-option--Sapporo-1016823" name="filter-option--Sapporo-1016823" type="checkbox"><label class="checkbox-label" for="filter-option--Sapporo-1016823" title="Sapporo"><a class="filter-option--link" href="https://www.tesco.com/groceries/en-GB/shop/drinks/all?brand=Sapporo&amp;viewAll=brand"><span class="checkbox-square checkbox-square-linked"></span><span class="checkbox-check icon-tick-white"></span><span class="visually-hidden">Filter by</span><span class="filter-label--line--inline">Sapporo</span><span class="filter-label--line--inline">&nbsp;(1)</span></a></label></div></li><li class="filter-option__container" id="Sazerac Rye" data-auto="filter-option" data-auto-selected="false"><div class="checkbox" data-auto="checkbox"><input id="filter-option--Sazerac-Rye-8484290" name="filter-option--Sazerac-Rye-8484290" type="checkbox"><label class="checkbox-label" for="filter-option--Sazerac-Rye-8484290" title="Sazerac Rye"><a class="filter-option--link" href="https://www.tesco.com/groceries/en-GB/shop/drinks/all?brand=Sazerac%20Rye&amp;viewAll=brand"><span class="checkbox-square checkbox-square-linked"></span><span class="checkbox-check icon-tick-white"></span><span class="visually-hidden">Filter by</span><span class="filter-label--line--inline">Sazerac Rye</span><span class="filter-label--line--inline">&nbsp;(1)</span></a></label></div></li><li class="filter-option__container" id="Scots Club" data-auto="filter-option" data-auto-selected="false"><div class="checkbox" data-auto="checkbox"><input id="filter-option--Scots-Club-2061444" name="filter-option--Scots-Club-2061444" type="checkbox"><label class="checkbox-label" for="filter-option--Scots-Club-2061444" title="Scots Club"><a class="filter-option--link" href="https://www.tesco.com/groceries/en-GB/shop/drinks/all?brand=Scots%20Club&amp;viewAll=brand"><span class="checkbox-square checkbox-square-linked"></span><span class="checkbox-check icon-tick-white"></span><span class="visually-hidden">Filter by</span><span class="filter-label--line--inline">Scots Club</span><span class="filter-label--line--inline">&nbsp;(1)</span></a></label></div></li><li class="filter-option__container" id="Scrumpy Jack" data-auto="filter-option" data-auto-selected="false"><div class="checkbox" data-auto="checkbox"><input id="filter-option--Scrumpy-Jack-346243" name="filter-option--Scrumpy-Jack-346243" type="checkbox"><label class="checkbox-label" for="filter-option--Scrumpy-Jack-346243" title="Scrumpy Jack"><a class="filter-option--link" href="https://www.tesco.com/groceries/en-GB/shop/drinks/all?brand=Scrumpy%20Jack&amp;viewAll=brand"><span class="checkbox-square checkbox-square-linked"></span><span class="checkbox-check icon-tick-white"></span><span class="visually-hidden">Filter by</span><span class="filter-label--line--inline">Scrumpy Jack</span><span class="filter-label--line--inline">&nbsp;(1)</span></a></label></div></li><li class="filter-option__container" id="Seedlip" data-auto="filter-option" data-auto-selected="false"><div class="checkbox" data-auto="checkbox"><input id="filter-option--Seedlip-2146204" name="filter-option--Seedlip-2146204" type="checkbox"><label class="checkbox-label" for="filter-option--Seedlip-2146204" title="Seedlip"><a class="filter-option--link" href="https://www.tesco.com/groceries/en-GB/shop/drinks/all?brand=Seedlip&amp;viewAll=brand"><span class="checkbox-square checkbox-square-linked"></span><span class="checkbox-check icon-tick-white"></span><span class="visually-hidden">Filter by</span><span class="filter-label--line--inline">Seedlip</span><span class="filter-label--line--inline">&nbsp;(1)</span></a></label></div></li><li class="filter-option__container" id="Seven Up" data-auto="filter-option" data-auto-selected="false"><div class="checkbox" data-auto="checkbox"><input id="filter-option--Seven-Up-7690914" name="filter-option--Seven-Up-7690914" type="checkbox"><label class="checkbox-label" for="filter-option--Seven-Up-7690914" title="Seven Up"><a class="filter-option--link" href="https://www.tesco.com/groceries/en-GB/shop/drinks/all?brand=Seven%20Up&amp;viewAll=brand"><span class="checkbox-square checkbox-square-linked"></span><span class="checkbox-check icon-tick-white"></span><span class="visually-hidden">Filter by</span><span class="filter-label--line--inline">Seven Up</span><span class="filter-label--line--inline">&nbsp;(1)</span></a></label></div></li><li class="filter-option__container" id="Shandy Carib" data-auto="filter-option" data-auto-selected="false"><div class="checkbox" data-auto="checkbox"><input id="filter-option--Shandy-Carib-6596960" name="filter-option--Shandy-Carib-6596960" type="checkbox"><label class="checkbox-label" for="filter-option--Shandy-Carib-6596960" title="Shandy Carib"><a class="filter-option--link" href="https://www.tesco.com/groceries/en-GB/shop/drinks/all?brand=Shandy%20Carib&amp;viewAll=brand"><span class="checkbox-square checkbox-square-linked"></span><span class="checkbox-check icon-tick-white"></span><span class="visually-hidden">Filter by</span><span class="filter-label--line--inline">Shandy Carib</span><span class="filter-label--line--inline">&nbsp;(1)</span></a></label></div></li><li class="filter-option__container" id="Shepherd Neame" data-auto="filter-option" data-auto-selected="false"><div class="checkbox" data-auto="checkbox"><input id="filter-option--Shepherd-Neame-4700046" name="filter-option--Shepherd-Neame-4700046" type="checkbox"><label class="checkbox-label" for="filter-option--Shepherd-Neame-4700046" title="Shepherd Neame"><a class="filter-option--link" href="https://www.tesco.com/groceries/en-GB/shop/drinks/all?brand=Shepherd%20Neame&amp;viewAll=brand"><span class="checkbox-square checkbox-square-linked"></span><span class="checkbox-check icon-tick-white"></span><span class="visually-hidden">Filter by</span><span class="filter-label--line--inline">Shepherd Neame</span><span class="filter-label--line--inline">&nbsp;(1)</span></a></label></div></li><li class="filter-option__container" id="Sheppys" data-auto="filter-option" data-auto-selected="false"><div class="checkbox" data-auto="checkbox"><input id="filter-option--Sheppys-9777773" name="filter-option--Sheppys-9777773" type="checkbox"><label class="checkbox-label" for="filter-option--Sheppys-9777773" title="Sheppys"><a class="filter-option--link" href="https://www.tesco.com/groceries/en-GB/shop/drinks/all?brand=Sheppys&amp;viewAll=brand"><span class="checkbox-square checkbox-square-linked"></span><span class="checkbox-check icon-tick-white"></span><span class="visually-hidden">Filter by</span><span class="filter-label--line--inline">Sheppys</span><span class="filter-label--line--inline">&nbsp;(1)</span></a></label></div></li><li class="filter-option__container" id="Silver Spoon" data-auto="filter-option" data-auto-selected="false"><div class="checkbox" data-auto="checkbox"><input id="filter-option--Silver-Spoon-6278408" name="filter-option--Silver-Spoon-6278408" type="checkbox"><label class="checkbox-label" for="filter-option--Silver-Spoon-6278408" title="Silver Spoon"><a class="filter-option--link" href="https://www.tesco.com/groceries/en-GB/shop/drinks/all?brand=Silver%20Spoon&amp;viewAll=brand"><span class="checkbox-square checkbox-square-linked"></span><span class="checkbox-check icon-tick-white"></span><span class="visually-hidden">Filter by</span><span class="filter-label--line--inline">Silver Spoon</span><span class="filter-label--line--inline">&nbsp;(1)</span></a></label></div></li><li class="filter-option__container" id="Simonnet-Febvre" data-auto="filter-option" data-auto-selected="false"><div class="checkbox" data-auto="checkbox"><input id="filter-option--Simonnet-Febvre-7146661" name="filter-option--Simonnet-Febvre-7146661" type="checkbox"><label class="checkbox-label" for="filter-option--Simonnet-Febvre-7146661" title="Simonnet-Febvre"><a class="filter-option--link" href="https://www.tesco.com/groceries/en-GB/shop/drinks/all?brand=Simonnet-Febvre&amp;viewAll=brand"><span class="checkbox-square checkbox-square-linked"></span><span class="checkbox-check icon-tick-white"></span><span class="visually-hidden">Filter by</span><span class="filter-label--line--inline filter-label--line--truncate">Simonnet-Febvr</span><span class="filter-label--line--inline">&nbsp;(1)</span></a></label></div></li><li class="filter-option__container" id="Singha" data-auto="filter-option" data-auto-selected="false"><div class="checkbox" data-auto="checkbox"><input id="filter-option--Singha-8156756" name="filter-option--Singha-8156756" type="checkbox"><label class="checkbox-label" for="filter-option--Singha-8156756" title="Singha"><a class="filter-option--link" href="https://www.tesco.com/groceries/en-GB/shop/drinks/all?brand=Singha&amp;viewAll=brand"><span class="checkbox-square checkbox-square-linked"></span><span class="checkbox-check icon-tick-white"></span><span class="visually-hidden">Filter by</span><span class="filter-label--line--inline">Singha</span><span class="filter-label--line--inline">&nbsp;(1)</span></a></label></div></li><li class="filter-option__container" id="Singleton Malt" data-auto="filter-option" data-auto-selected="false"><div class="checkbox" data-auto="checkbox"><input id="filter-option--Singleton-Malt-6289452" name="filter-option--Singleton-Malt-6289452" type="checkbox"><label class="checkbox-label" for="filter-option--Singleton-Malt-6289452" title="Singleton Malt"><a class="filter-option--link" href="https://www.tesco.com/groceries/en-GB/shop/drinks/all?brand=Singleton%20Malt&amp;viewAll=brand"><span class="checkbox-square checkbox-square-linked"></span><span class="checkbox-check icon-tick-white"></span><span class="visually-hidden">Filter by</span><span class="filter-label--line--inline">Singleton Malt</span><span class="filter-label--line--inline">&nbsp;(1)</span></a></label></div></li><li class="filter-option__container" id="Skol" data-auto="filter-option" data-auto-selected="false"><div class="checkbox" data-auto="checkbox"><input id="filter-option--Skol-4667559" name="filter-option--Skol-4667559" type="checkbox"><label class="checkbox-label" for="filter-option--Skol-4667559" title="Skol"><a class="filter-option--link" href="https://www.tesco.com/groceries/en-GB/shop/drinks/all?brand=Skol&amp;viewAll=brand"><span class="checkbox-square checkbox-square-linked"></span><span class="checkbox-check icon-tick-white"></span><span class="visually-hidden">Filter by</span><span class="filter-label--line--inline">Skol</span><span class="filter-label--line--inline">&nbsp;(1)</span></a></label></div></li><li class="filter-option__container" id="Slim Wines" data-auto="filter-option" data-auto-selected="false"><div class="checkbox" data-auto="checkbox"><input id="filter-option--Slim-Wines-7412560" name="filter-option--Slim-Wines-7412560" type="checkbox"><label class="checkbox-label" for="filter-option--Slim-Wines-7412560" title="Slim Wines"><a class="filter-option--link" href="https://www.tesco.com/groceries/en-GB/shop/drinks/all?brand=Slim%20Wines&amp;viewAll=brand"><span class="checkbox-square checkbox-square-linked"></span><span class="checkbox-check icon-tick-white"></span><span class="visually-hidden">Filter by</span><span class="filter-label--line--inline">Slim Wines</span><span class="filter-label--line--inline">&nbsp;(1)</span></a></label></div></li><li class="filter-option__container" id="Smokehead" data-auto="filter-option" data-auto-selected="false"><div class="checkbox" data-auto="checkbox"><input id="filter-option--Smokehead-3461008" name="filter-option--Smokehead-3461008" type="checkbox"><label class="checkbox-label" for="filter-option--Smokehead-3461008" title="Smokehead"><a class="filter-option--link" href="https://www.tesco.com/groceries/en-GB/shop/drinks/all?brand=Smokehead&amp;viewAll=brand"><span class="checkbox-square checkbox-square-linked"></span><span class="checkbox-check icon-tick-white"></span><span class="visually-hidden">Filter by</span><span class="filter-label--line--inline">Smokehead</span><span class="filter-label--line--inline">&nbsp;(1)</span></a></label></div></li><li class="filter-option__container" id="Snowman" data-auto="filter-option" data-auto-selected="false"><div class="checkbox" data-auto="checkbox"><input id="filter-option--Snowman-8969015" name="filter-option--Snowman-8969015" type="checkbox"><label class="checkbox-label" for="filter-option--Snowman-8969015" title="Snowman"><a class="filter-option--link" href="https://www.tesco.com/groceries/en-GB/shop/drinks/all?brand=Snowman&amp;viewAll=brand"><span class="checkbox-square checkbox-square-linked"></span><span class="checkbox-check icon-tick-white"></span><span class="visually-hidden">Filter by</span><span class="filter-label--line--inline">Snowman</span><span class="filter-label--line--inline">&nbsp;(1)</span></a></label></div></li><li class="filter-option__container" id="Soleil" data-auto="filter-option" data-auto-selected="false"><div class="checkbox" data-auto="checkbox"><input id="filter-option--Soleil-4580056" name="filter-option--Soleil-4580056" type="checkbox"><label class="checkbox-label" for="filter-option--Soleil-4580056" title="Soleil"><a class="filter-option--link" href="https://www.tesco.com/groceries/en-GB/shop/drinks/all?brand=Soleil&amp;viewAll=brand"><span class="checkbox-square checkbox-square-linked"></span><span class="checkbox-check icon-tick-white"></span><span class="visually-hidden">Filter by</span><span class="filter-label--line--inline">Soleil</span><span class="filter-label--line--inline">&nbsp;(1)</span></a></label></div></li><li class="filter-option__container" id="South Point" data-auto="filter-option" data-auto-selected="false"><div class="checkbox" data-auto="checkbox"><input id="filter-option--South-Point-7438246" name="filter-option--South-Point-7438246" type="checkbox"><label class="checkbox-label" for="filter-option--South-Point-7438246" title="South Point"><a class="filter-option--link" href="https://www.tesco.com/groceries/en-GB/shop/drinks/all?brand=South%20Point&amp;viewAll=brand"><span class="checkbox-square checkbox-square-linked"></span><span class="checkbox-check icon-tick-white"></span><span class="visually-hidden">Filter by</span><span class="filter-label--line--inline">South Point</span><span class="filter-label--line--inline">&nbsp;(1)</span></a></label></div></li><li class="filter-option__container" id="Southern Ocean" data-auto="filter-option" data-auto-selected="false"><div class="checkbox" data-auto="checkbox"><input id="filter-option--Southern-Ocean-5518854" name="filter-option--Southern-Ocean-5518854" type="checkbox"><label class="checkbox-label" for="filter-option--Southern-Ocean-5518854" title="Southern Ocean"><a class="filter-option--link" href="https://www.tesco.com/groceries/en-GB/shop/drinks/all?brand=Southern%20Ocean&amp;viewAll=brand"><span class="checkbox-square checkbox-square-linked"></span><span class="checkbox-check icon-tick-white"></span><span class="visually-hidden">Filter by</span><span class="filter-label--line--inline">Southern Ocean</span><span class="filter-label--line--inline">&nbsp;(1)</span></a></label></div></li><li class="filter-option__container" id="Spirit Of Louisi" data-auto="filter-option" data-auto-selected="false"><div class="checkbox" data-auto="checkbox"><input id="filter-option--Spirit-Of-Louisi-5297544" name="filter-option--Spirit-Of-Louisi-5297544" type="checkbox"><label class="checkbox-label" for="filter-option--Spirit-Of-Louisi-5297544" title="Spirit Of Louisi"><a class="filter-option--link" href="https://www.tesco.com/groceries/en-GB/shop/drinks/all?brand=Spirit%20Of%20Louisi&amp;viewAll=brand"><span class="checkbox-square checkbox-square-linked"></span><span class="checkbox-check icon-tick-white"></span><span class="visually-hidden">Filter by</span><span class="filter-label--line--block">Spirit Of</span><span class="filter-label--line--inline filter-label--line--truncate">Louisi</span><span class="filter-label--line--inline">&nbsp;(1)</span></a></label></div></li><li class="filter-option__container" id="Spitfire" data-auto="filter-option" data-auto-selected="false"><div class="checkbox" data-auto="checkbox"><input id="filter-option--Spitfire-2586009" name="filter-option--Spitfire-2586009" type="checkbox"><label class="checkbox-label" for="filter-option--Spitfire-2586009" title="Spitfire"><a class="filter-option--link" href="https://www.tesco.com/groceries/en-GB/shop/drinks/all?brand=Spitfire&amp;viewAll=brand"><span class="checkbox-square checkbox-square-linked"></span><span class="checkbox-check icon-tick-white"></span><span class="visually-hidden">Filter by</span><span class="filter-label--line--inline">Spitfire</span><span class="filter-label--line--inline">&nbsp;(1)</span></a></label></div></li><li class="filter-option__container" id="St Bernardus" data-auto="filter-option" data-auto-selected="false"><div class="checkbox" data-auto="checkbox"><input id="filter-option--St-Bernardus-523904" name="filter-option--St-Bernardus-523904" type="checkbox"><label class="checkbox-label" for="filter-option--St-Bernardus-523904" title="St Bernardus"><a class="filter-option--link" href="https://www.tesco.com/groceries/en-GB/shop/drinks/all?brand=St%20Bernardus&amp;viewAll=brand"><span class="checkbox-square checkbox-square-linked"></span><span class="checkbox-check icon-tick-white"></span><span class="visually-hidden">Filter by</span><span class="filter-label--line--inline">St Bernardus</span><span class="filter-label--line--inline">&nbsp;(1)</span></a></label></div></li><li class="filter-option__container" id="St Hallett" data-auto="filter-option" data-auto-selected="false"><div class="checkbox" data-auto="checkbox"><input id="filter-option--St-Hallett-7711327" name="filter-option--St-Hallett-7711327" type="checkbox"><label class="checkbox-label" for="filter-option--St-Hallett-7711327" title="St Hallett"><a class="filter-option--link" href="https://www.tesco.com/groceries/en-GB/shop/drinks/all?brand=St%20Hallett&amp;viewAll=brand"><span class="checkbox-square checkbox-square-linked"></span><span class="checkbox-check icon-tick-white"></span><span class="visually-hidden">Filter by</span><span class="filter-label--line--inline">St Hallett</span><span class="filter-label--line--inline">&nbsp;(1)</span></a></label></div></li><li class="filter-option__container" id="St Peter Brewery" data-auto="filter-option" data-auto-selected="false"><div class="checkbox" data-auto="checkbox"><input id="filter-option--St-Peter-Brewery-6291140" name="filter-option--St-Peter-Brewery-6291140" type="checkbox"><label class="checkbox-label" for="filter-option--St-Peter-Brewery-6291140" title="St Peter Brewery"><a class="filter-option--link" href="https://www.tesco.com/groceries/en-GB/shop/drinks/all?brand=St%20Peter%20Brewery&amp;viewAll=brand"><span class="checkbox-square checkbox-square-linked"></span><span class="checkbox-check icon-tick-white"></span><span class="visually-hidden">Filter by</span><span class="filter-label--line--block">St Peter</span><span class="filter-label--line--inline filter-label--line--truncate">Brewery</span><span class="filter-label--line--inline">&nbsp;(1)</span></a></label></div></li><li class="filter-option__container" id="St. Stephan&#39;s Cream" data-auto="filter-option" data-auto-selected="false"><div class="checkbox" data-auto="checkbox"><input id="filter-option--St.-Stephan&#39;s-Cream-2306660" name="filter-option--St.-Stephan&#39;s-Cream-2306660" type="checkbox"><label class="checkbox-label" for="filter-option--St.-Stephan&#39;s-Cream-2306660" title="St. Stephan&#39;s Cream"><a class="filter-option--link" href="https://www.tesco.com/groceries/en-GB/shop/drinks/all?brand=St.%20Stephan%27s%20Cream&amp;viewAll=brand"><span class="checkbox-square checkbox-square-linked"></span><span class="checkbox-check icon-tick-white"></span><span class="visually-hidden">Filter by</span><span class="filter-label--line--block">St. Stephan's</span><span class="filter-label--line--inline filter-label--line--truncate">Cream</span><span class="filter-label--line--inline">&nbsp;(1)</span></a></label></div></li><li class="filter-option__container" id="Stag" data-auto="filter-option" data-auto-selected="false"><div class="checkbox" data-auto="checkbox"><input id="filter-option--Stag-1890902" name="filter-option--Stag-1890902" type="checkbox"><label class="checkbox-label" for="filter-option--Stag-1890902" title="Stag"><a class="filter-option--link" href="https://www.tesco.com/groceries/en-GB/shop/drinks/all?brand=Stag&amp;viewAll=brand"><span class="checkbox-square checkbox-square-linked"></span><span class="checkbox-check icon-tick-white"></span><span class="visually-hidden">Filter by</span><span class="filter-label--line--inline">Stag</span><span class="filter-label--line--inline">&nbsp;(1)</span></a></label></div></li><li class="filter-option__container" id="Star" data-auto="filter-option" data-auto-selected="false"><div class="checkbox" data-auto="checkbox"><input id="filter-option--Star-4398646" name="filter-option--Star-4398646" type="checkbox"><label class="checkbox-label" for="filter-option--Star-4398646" title="Star"><a class="filter-option--link" href="https://www.tesco.com/groceries/en-GB/shop/drinks/all?brand=Star&amp;viewAll=brand"><span class="checkbox-square checkbox-square-linked"></span><span class="checkbox-check icon-tick-white"></span><span class="visually-hidden">Filter by</span><span class="filter-label--line--inline">Star</span><span class="filter-label--line--inline">&nbsp;(1)</span></a></label></div></li><li class="filter-option__container" id="Star Editions Michelle" data-auto="filter-option" data-auto-selected="false"><div class="checkbox" data-auto="checkbox"><input id="filter-option--Star-Editions-Michelle-2864444" name="filter-option--Star-Editions-Michelle-2864444" type="checkbox"><label class="checkbox-label" for="filter-option--Star-Editions-Michelle-2864444" title="Star Editions Michelle"><a class="filter-option--link" href="https://www.tesco.com/groceries/en-GB/shop/drinks/all?brand=Star%20Editions%20Michelle&amp;viewAll=brand"><span class="checkbox-square checkbox-square-linked"></span><span class="checkbox-check icon-tick-white"></span><span class="visually-hidden">Filter by</span><span class="filter-label--line--block">Star Editions</span><span class="filter-label--line--inline filter-label--line--truncate">Michelle</span><span class="filter-label--line--inline">&nbsp;(1)</span></a></label></div></li><li class="filter-option__container" id="Stellenrust" data-auto="filter-option" data-auto-selected="false"><div class="checkbox" data-auto="checkbox"><input id="filter-option--Stellenrust-4984805" name="filter-option--Stellenrust-4984805" type="checkbox"><label class="checkbox-label" for="filter-option--Stellenrust-4984805" title="Stellenrust"><a class="filter-option--link" href="https://www.tesco.com/groceries/en-GB/shop/drinks/all?brand=Stellenrust&amp;viewAll=brand"><span class="checkbox-square checkbox-square-linked"></span><span class="checkbox-check icon-tick-white"></span><span class="visually-hidden">Filter by</span><span class="filter-label--line--inline">Stellenrust</span><span class="filter-label--line--inline">&nbsp;(1)</span></a></label></div></li><li class="filter-option__container" id="Stoneleigh" data-auto="filter-option" data-auto-selected="false"><div class="checkbox" data-auto="checkbox"><input id="filter-option--Stoneleigh-2821699" name="filter-option--Stoneleigh-2821699" type="checkbox"><label class="checkbox-label" for="filter-option--Stoneleigh-2821699" title="Stoneleigh"><a class="filter-option--link" href="https://www.tesco.com/groceries/en-GB/shop/drinks/all?brand=Stoneleigh&amp;viewAll=brand"><span class="checkbox-square checkbox-square-linked"></span><span class="checkbox-check icon-tick-white"></span><span class="visually-hidden">Filter by</span><span class="filter-label--line--inline">Stoneleigh</span><span class="filter-label--line--inline">&nbsp;(1)</span></a></label></div></li><li class="filter-option__container" id="Stones" data-auto="filter-option" data-auto-selected="false"><div class="checkbox" data-auto="checkbox"><input id="filter-option--Stones-7830108" name="filter-option--Stones-7830108" type="checkbox"><label class="checkbox-label" for="filter-option--Stones-7830108" title="Stones"><a class="filter-option--link" href="https://www.tesco.com/groceries/en-GB/shop/drinks/all?brand=Stones&amp;viewAll=brand"><span class="checkbox-square checkbox-square-linked"></span><span class="checkbox-check icon-tick-white"></span><span class="visually-hidden">Filter by</span><span class="filter-label--line--inline">Stones</span><span class="filter-label--line--inline">&nbsp;(1)</span></a></label></div></li><li class="filter-option__container" id="Sundown Beach" data-auto="filter-option" data-auto-selected="false"><div class="checkbox" data-auto="checkbox"><input id="filter-option--Sundown-Beach-89081" name="filter-option--Sundown-Beach-89081" type="checkbox"><label class="checkbox-label" for="filter-option--Sundown-Beach-89081" title="Sundown Beach"><a class="filter-option--link" href="https://www.tesco.com/groceries/en-GB/shop/drinks/all?brand=Sundown%20Beach&amp;viewAll=brand"><span class="checkbox-square checkbox-square-linked"></span><span class="checkbox-check icon-tick-white"></span><span class="visually-hidden">Filter by</span><span class="filter-label--line--inline">Sundown Beach</span><span class="filter-label--line--inline">&nbsp;(1)</span></a></label></div></li><li class="filter-option__container" id="Sunny Delight" data-auto="filter-option" data-auto-selected="false"><div class="checkbox" data-auto="checkbox"><input id="filter-option--Sunny-Delight-9269476" name="filter-option--Sunny-Delight-9269476" type="checkbox"><label class="checkbox-label" for="filter-option--Sunny-Delight-9269476" title="Sunny Delight"><a class="filter-option--link" href="https://www.tesco.com/groceries/en-GB/shop/drinks/all?brand=Sunny%20Delight&amp;viewAll=brand"><span class="checkbox-square checkbox-square-linked"></span><span class="checkbox-check icon-tick-white"></span><span class="visually-hidden">Filter by</span><span class="filter-label--line--inline">Sunny Delight</span><span class="filter-label--line--inline">&nbsp;(1)</span></a></label></div></li><li class="filter-option__container" id="Sunraysia" data-auto="filter-option" data-auto-selected="false"><div class="checkbox" data-auto="checkbox"><input id="filter-option--Sunraysia-7701132" name="filter-option--Sunraysia-7701132" type="checkbox"><label class="checkbox-label" for="filter-option--Sunraysia-7701132" title="Sunraysia"><a class="filter-option--link" href="https://www.tesco.com/groceries/en-GB/shop/drinks/all?brand=Sunraysia&amp;viewAll=brand"><span class="checkbox-square checkbox-square-linked"></span><span class="checkbox-check icon-tick-white"></span><span class="visually-hidden">Filter by</span><span class="filter-label--line--inline">Sunraysia</span><span class="filter-label--line--inline">&nbsp;(1)</span></a></label></div></li><li class="filter-option__container" id="Sunsweet" data-auto="filter-option" data-auto-selected="false"><div class="checkbox" data-auto="checkbox"><input id="filter-option--Sunsweet-2420092" name="filter-option--Sunsweet-2420092" type="checkbox"><label class="checkbox-label" for="filter-option--Sunsweet-2420092" title="Sunsweet"><a class="filter-option--link" href="https://www.tesco.com/groceries/en-GB/shop/drinks/all?brand=Sunsweet&amp;viewAll=brand"><span class="checkbox-square checkbox-square-linked"></span><span class="checkbox-check icon-tick-white"></span><span class="visually-hidden">Filter by</span><span class="filter-label--line--inline">Sunsweet</span><span class="filter-label--line--inline">&nbsp;(1)</span></a></label></div></li><li class="filter-option__container" id="Super Bock" data-auto="filter-option" data-auto-selected="false"><div class="checkbox" data-auto="checkbox"><input id="filter-option--Super-Bock-6241986" name="filter-option--Super-Bock-6241986" type="checkbox"><label class="checkbox-label" for="filter-option--Super-Bock-6241986" title="Super Bock"><a class="filter-option--link" href="https://www.tesco.com/groceries/en-GB/shop/drinks/all?brand=Super%20Bock&amp;viewAll=brand"><span class="checkbox-square checkbox-square-linked"></span><span class="checkbox-check icon-tick-white"></span><span class="visually-hidden">Filter by</span><span class="filter-label--line--inline">Super Bock</span><span class="filter-label--line--inline">&nbsp;(1)</span></a></label></div></li><li class="filter-option__container" id="Sweetex" data-auto="filter-option" data-auto-selected="false"><div class="checkbox" data-auto="checkbox"><input id="filter-option--Sweetex-2233201" name="filter-option--Sweetex-2233201" type="checkbox"><label class="checkbox-label" for="filter-option--Sweetex-2233201" title="Sweetex"><a class="filter-option--link" href="https://www.tesco.com/groceries/en-GB/shop/drinks/all?brand=Sweetex&amp;viewAll=brand"><span class="checkbox-square checkbox-square-linked"></span><span class="checkbox-check icon-tick-white"></span><span class="visually-hidden">Filter by</span><span class="filter-label--line--inline">Sweetex</span><span class="filter-label--line--inline">&nbsp;(1)</span></a></label></div></li><li class="filter-option__container" id="Sxollie" data-auto="filter-option" data-auto-selected="false"><div class="checkbox" data-auto="checkbox"><input id="filter-option--Sxollie-1565657" name="filter-option--Sxollie-1565657" type="checkbox"><label class="checkbox-label" for="filter-option--Sxollie-1565657" title="Sxollie"><a class="filter-option--link" href="https://www.tesco.com/groceries/en-GB/shop/drinks/all?brand=Sxollie&amp;viewAll=brand"><span class="checkbox-square checkbox-square-linked"></span><span class="checkbox-check icon-tick-white"></span><span class="visually-hidden">Filter by</span><span class="filter-label--line--inline">Sxollie</span><span class="filter-label--line--inline">&nbsp;(1)</span></a></label></div></li><li class="filter-option__container" id="Symingtons" data-auto="filter-option" data-auto-selected="false"><div class="checkbox" data-auto="checkbox"><input id="filter-option--Symingtons-1742193" name="filter-option--Symingtons-1742193" type="checkbox"><label class="checkbox-label" for="filter-option--Symingtons-1742193" title="Symingtons"><a class="filter-option--link" href="https://www.tesco.com/groceries/en-GB/shop/drinks/all?brand=Symingtons&amp;viewAll=brand"><span class="checkbox-square checkbox-square-linked"></span><span class="checkbox-check icon-tick-white"></span><span class="visually-hidden">Filter by</span><span class="filter-label--line--inline">Symingtons</span><span class="filter-label--line--inline">&nbsp;(1)</span></a></label></div></li><li class="filter-option__container" id="Tamnavulin" data-auto="filter-option" data-auto-selected="false"><div class="checkbox" data-auto="checkbox"><input id="filter-option--Tamnavulin-4716709" name="filter-option--Tamnavulin-4716709" type="checkbox"><label class="checkbox-label" for="filter-option--Tamnavulin-4716709" title="Tamnavulin"><a class="filter-option--link" href="https://www.tesco.com/groceries/en-GB/shop/drinks/all?brand=Tamnavulin&amp;viewAll=brand"><span class="checkbox-square checkbox-square-linked"></span><span class="checkbox-check icon-tick-white"></span><span class="visually-hidden">Filter by</span><span class="filter-label--line--inline">Tamnavulin</span><span class="filter-label--line--inline">&nbsp;(1)</span></a></label></div></li><li class="filter-option__container" id="Tchibo" data-auto="filter-option" data-auto-selected="false"><div class="checkbox" data-auto="checkbox"><input id="filter-option--Tchibo-5983513" name="filter-option--Tchibo-5983513" type="checkbox"><label class="checkbox-label" for="filter-option--Tchibo-5983513" title="Tchibo"><a class="filter-option--link" href="https://www.tesco.com/groceries/en-GB/shop/drinks/all?brand=Tchibo&amp;viewAll=brand"><span class="checkbox-square checkbox-square-linked"></span><span class="checkbox-check icon-tick-white"></span><span class="visually-hidden">Filter by</span><span class="filter-label--line--inline">Tchibo</span><span class="filter-label--line--inline">&nbsp;(1)</span></a></label></div></li><li class="filter-option__container" id="Te Pa" data-auto="filter-option" data-auto-selected="false"><div class="checkbox" data-auto="checkbox"><input id="filter-option--Te-Pa-2001395" name="filter-option--Te-Pa-2001395" type="checkbox"><label class="checkbox-label" for="filter-option--Te-Pa-2001395" title="Te Pa"><a class="filter-option--link" href="https://www.tesco.com/groceries/en-GB/shop/drinks/all?brand=Te%20Pa&amp;viewAll=brand"><span class="checkbox-square checkbox-square-linked"></span><span class="checkbox-check icon-tick-white"></span><span class="visually-hidden">Filter by</span><span class="filter-label--line--inline">Te Pa</span><span class="filter-label--line--inline">&nbsp;(1)</span></a></label></div></li><li class="filter-option__container" id="Tesco Finest Bra" data-auto="filter-option" data-auto-selected="false"><div class="checkbox" data-auto="checkbox"><input id="filter-option--Tesco-Finest-Bra-7332785" name="filter-option--Tesco-Finest-Bra-7332785" type="checkbox"><label class="checkbox-label" for="filter-option--Tesco-Finest-Bra-7332785" title="Tesco Finest Bra"><a class="filter-option--link" href="https://www.tesco.com/groceries/en-GB/shop/drinks/all?brand=Tesco%20Finest%20Bra&amp;viewAll=brand"><span class="checkbox-square checkbox-square-linked"></span><span class="checkbox-check icon-tick-white"></span><span class="visually-hidden">Filter by</span><span class="filter-label--line--block">Tesco Finest</span><span class="filter-label--line--inline filter-label--line--truncate">Bra</span><span class="filter-label--line--inline">&nbsp;(1)</span></a></label></div></li><li class="filter-option__container" id="Tesco Vineyards" data-auto="filter-option" data-auto-selected="false"><div class="checkbox" data-auto="checkbox"><input id="filter-option--Tesco-Vineyards-9715293" name="filter-option--Tesco-Vineyards-9715293" type="checkbox"><label class="checkbox-label" for="filter-option--Tesco-Vineyards-9715293" title="Tesco Vineyards"><a class="filter-option--link" href="https://www.tesco.com/groceries/en-GB/shop/drinks/all?brand=Tesco%20Vineyards&amp;viewAll=brand"><span class="checkbox-square checkbox-square-linked"></span><span class="checkbox-check icon-tick-white"></span><span class="visually-hidden">Filter by</span><span class="filter-label--line--block">Tesco</span><span class="filter-label--line--inline filter-label--line--truncate">Vineyards</span><span class="filter-label--line--inline">&nbsp;(1)</span></a></label></div></li><li class="filter-option__container" id="Tetleys" data-auto="filter-option" data-auto-selected="false"><div class="checkbox" data-auto="checkbox"><input id="filter-option--Tetleys-9687807" name="filter-option--Tetleys-9687807" type="checkbox"><label class="checkbox-label" for="filter-option--Tetleys-9687807" title="Tetleys"><a class="filter-option--link" href="https://www.tesco.com/groceries/en-GB/shop/drinks/all?brand=Tetleys&amp;viewAll=brand"><span class="checkbox-square checkbox-square-linked"></span><span class="checkbox-check icon-tick-white"></span><span class="visually-hidden">Filter by</span><span class="filter-label--line--inline">Tetleys</span><span class="filter-label--line--inline">&nbsp;(1)</span></a></label></div></li><li class="filter-option__container" id="The Doctors" data-auto="filter-option" data-auto-selected="false"><div class="checkbox" data-auto="checkbox"><input id="filter-option--The-Doctors-10973" name="filter-option--The-Doctors-10973" type="checkbox"><label class="checkbox-label" for="filter-option--The-Doctors-10973" title="The Doctors"><a class="filter-option--link" href="https://www.tesco.com/groceries/en-GB/shop/drinks/all?brand=The%20Doctors&amp;viewAll=brand"><span class="checkbox-square checkbox-square-linked"></span><span class="checkbox-check icon-tick-white"></span><span class="visually-hidden">Filter by</span><span class="filter-label--line--inline">The Doctors</span><span class="filter-label--line--inline">&nbsp;(1)</span></a></label></div></li><li class="filter-option__container" id="The Pebble" data-auto="filter-option" data-auto-selected="false"><div class="checkbox" data-auto="checkbox"><input id="filter-option--The-Pebble-6624309" name="filter-option--The-Pebble-6624309" type="checkbox"><label class="checkbox-label" for="filter-option--The-Pebble-6624309" title="The Pebble"><a class="filter-option--link" href="https://www.tesco.com/groceries/en-GB/shop/drinks/all?brand=The%20Pebble&amp;viewAll=brand"><span class="checkbox-square checkbox-square-linked"></span><span class="checkbox-check icon-tick-white"></span><span class="visually-hidden">Filter by</span><span class="filter-label--line--inline">The Pebble</span><span class="filter-label--line--inline">&nbsp;(1)</span></a></label></div></li><li class="filter-option__container" id="The Woodsman" data-auto="filter-option" data-auto-selected="false"><div class="checkbox" data-auto="checkbox"><input id="filter-option--The-Woodsman-6226938" name="filter-option--The-Woodsman-6226938" type="checkbox"><label class="checkbox-label" for="filter-option--The-Woodsman-6226938" title="The Woodsman"><a class="filter-option--link" href="https://www.tesco.com/groceries/en-GB/shop/drinks/all?brand=The%20Woodsman&amp;viewAll=brand"><span class="checkbox-square checkbox-square-linked"></span><span class="checkbox-check icon-tick-white"></span><span class="visually-hidden">Filter by</span><span class="filter-label--line--inline">The Woodsman</span><span class="filter-label--line--inline">&nbsp;(1)</span></a></label></div></li><li class="filter-option__container" id="Theakstons" data-auto="filter-option" data-auto-selected="false"><div class="checkbox" data-auto="checkbox"><input id="filter-option--Theakstons-1533306" name="filter-option--Theakstons-1533306" type="checkbox"><label class="checkbox-label" for="filter-option--Theakstons-1533306" title="Theakstons"><a class="filter-option--link" href="https://www.tesco.com/groceries/en-GB/shop/drinks/all?brand=Theakstons&amp;viewAll=brand"><span class="checkbox-square checkbox-square-linked"></span><span class="checkbox-check icon-tick-white"></span><span class="visually-hidden">Filter by</span><span class="filter-label--line--inline">Theakstons</span><span class="filter-label--line--inline">&nbsp;(1)</span></a></label></div></li><li class="filter-option__container" id="Thompson&#39;s" data-auto="filter-option" data-auto-selected="false"><div class="checkbox" data-auto="checkbox"><input id="filter-option--Thompson&#39;s-2360590" name="filter-option--Thompson&#39;s-2360590" type="checkbox"><label class="checkbox-label" for="filter-option--Thompson&#39;s-2360590" title="Thompson&#39;s"><a class="filter-option--link" href="https://www.tesco.com/groceries/en-GB/shop/drinks/all?brand=Thompson%27s&amp;viewAll=brand"><span class="checkbox-square checkbox-square-linked"></span><span class="checkbox-check icon-tick-white"></span><span class="visually-hidden">Filter by</span><span class="filter-label--line--inline">Thompson's</span><span class="filter-label--line--inline">&nbsp;(1)</span></a></label></div></li><li class="filter-option__container" id="Thornbridge" data-auto="filter-option" data-auto-selected="false"><div class="checkbox" data-auto="checkbox"><input id="filter-option--Thornbridge-7887282" name="filter-option--Thornbridge-7887282" type="checkbox"><label class="checkbox-label" for="filter-option--Thornbridge-7887282" title="Thornbridge"><a class="filter-option--link" href="https://www.tesco.com/groceries/en-GB/shop/drinks/all?brand=Thornbridge&amp;viewAll=brand"><span class="checkbox-square checkbox-square-linked"></span><span class="checkbox-check icon-tick-white"></span><span class="visually-hidden">Filter by</span><span class="filter-label--line--inline">Thornbridge</span><span class="filter-label--line--inline">&nbsp;(1)</span></a></label></div></li><li class="filter-option__container" id="Thorntons" data-auto="filter-option" data-auto-selected="false"><div class="checkbox" data-auto="checkbox"><input id="filter-option--Thorntons-2770782" name="filter-option--Thorntons-2770782" type="checkbox"><label class="checkbox-label" for="filter-option--Thorntons-2770782" title="Thorntons"><a class="filter-option--link" href="https://www.tesco.com/groceries/en-GB/shop/drinks/all?brand=Thorntons&amp;viewAll=brand"><span class="checkbox-square checkbox-square-linked"></span><span class="checkbox-check icon-tick-white"></span><span class="visually-hidden">Filter by</span><span class="filter-label--line--inline">Thorntons</span><span class="filter-label--line--inline">&nbsp;(1)</span></a></label></div></li><li class="filter-option__container" id="Tsingtao" data-auto="filter-option" data-auto-selected="false"><div class="checkbox" data-auto="checkbox"><input id="filter-option--Tsingtao-636605" name="filter-option--Tsingtao-636605" type="checkbox"><label class="checkbox-label" for="filter-option--Tsingtao-636605" title="Tsingtao"><a class="filter-option--link" href="https://www.tesco.com/groceries/en-GB/shop/drinks/all?brand=Tsingtao&amp;viewAll=brand"><span class="checkbox-square checkbox-square-linked"></span><span class="checkbox-check icon-tick-white"></span><span class="visually-hidden">Filter by</span><span class="filter-label--line--inline">Tsingtao</span><span class="filter-label--line--inline">&nbsp;(1)</span></a></label></div></li><li class="filter-option__container" id="Tullamore" data-auto="filter-option" data-auto-selected="false"><div class="checkbox" data-auto="checkbox"><input id="filter-option--Tullamore-8256236" name="filter-option--Tullamore-8256236" type="checkbox"><label class="checkbox-label" for="filter-option--Tullamore-8256236" title="Tullamore"><a class="filter-option--link" href="https://www.tesco.com/groceries/en-GB/shop/drinks/all?brand=Tullamore&amp;viewAll=brand"><span class="checkbox-square checkbox-square-linked"></span><span class="checkbox-check icon-tick-white"></span><span class="visually-hidden">Filter by</span><span class="filter-label--line--inline">Tullamore</span><span class="filter-label--line--inline">&nbsp;(1)</span></a></label></div></li><li class="filter-option__container" id="Tymbark" data-auto="filter-option" data-auto-selected="false"><div class="checkbox" data-auto="checkbox"><input id="filter-option--Tymbark-770907" name="filter-option--Tymbark-770907" type="checkbox"><label class="checkbox-label" for="filter-option--Tymbark-770907" title="Tymbark"><a class="filter-option--link" href="https://www.tesco.com/groceries/en-GB/shop/drinks/all?brand=Tymbark&amp;viewAll=brand"><span class="checkbox-square checkbox-square-linked"></span><span class="checkbox-check icon-tick-white"></span><span class="visually-hidden">Filter by</span><span class="filter-label--line--inline">Tymbark</span><span class="filter-label--line--inline">&nbsp;(1)</span></a></label></div></li><li class="filter-option__container" id="Typhoo" data-auto="filter-option" data-auto-selected="false"><div class="checkbox" data-auto="checkbox"><input id="filter-option--Typhoo-620129" name="filter-option--Typhoo-620129" type="checkbox"><label class="checkbox-label" for="filter-option--Typhoo-620129" title="Typhoo"><a class="filter-option--link" href="https://www.tesco.com/groceries/en-GB/shop/drinks/all?brand=Typhoo&amp;viewAll=brand"><span class="checkbox-square checkbox-square-linked"></span><span class="checkbox-check icon-tick-white"></span><span class="visually-hidden">Filter by</span><span class="filter-label--line--inline">Typhoo</span><span class="filter-label--line--inline">&nbsp;(1)</span></a></label></div></li><li class="filter-option__container" id="Tyrrells" data-auto="filter-option" data-auto-selected="false"><div class="checkbox" data-auto="checkbox"><input id="filter-option--Tyrrells-8050949" name="filter-option--Tyrrells-8050949" type="checkbox"><label class="checkbox-label" for="filter-option--Tyrrells-8050949" title="Tyrrells"><a class="filter-option--link" href="https://www.tesco.com/groceries/en-GB/shop/drinks/all?brand=Tyrrells&amp;viewAll=brand"><span class="checkbox-square checkbox-square-linked"></span><span class="checkbox-check icon-tick-white"></span><span class="visually-hidden">Filter by</span><span class="filter-label--line--inline">Tyrrells</span><span class="filter-label--line--inline">&nbsp;(1)</span></a></label></div></li><li class="filter-option__container" id="Unknown" data-auto="filter-option" data-auto-selected="false"><div class="checkbox" data-auto="checkbox"><input id="filter-option--Unknown-4678788" name="filter-option--Unknown-4678788" type="checkbox"><label class="checkbox-label" for="filter-option--Unknown-4678788" title="Unknown"><a class="filter-option--link" href="https://www.tesco.com/groceries/en-GB/shop/drinks/all?brand=Unknown&amp;viewAll=brand"><span class="checkbox-square checkbox-square-linked"></span><span class="checkbox-check icon-tick-white"></span><span class="visually-hidden">Filter by</span><span class="filter-label--line--inline">Unknown</span><span class="filter-label--line--inline">&nbsp;(1)</span></a></label></div></li><li class="filter-option__container" id="V8" data-auto="filter-option" data-auto-selected="false"><div class="checkbox" data-auto="checkbox"><input id="filter-option--V8-6468108" name="filter-option--V8-6468108" type="checkbox"><label class="checkbox-label" for="filter-option--V8-6468108" title="V8"><a class="filter-option--link" href="https://www.tesco.com/groceries/en-GB/shop/drinks/all?brand=V8&amp;viewAll=brand"><span class="checkbox-square checkbox-square-linked"></span><span class="checkbox-check icon-tick-white"></span><span class="visually-hidden">Filter by</span><span class="filter-label--line--inline">V8</span><span class="filter-label--line--inline">&nbsp;(1)</span></a></label></div></li><li class="filter-option__container" id="Vallade" data-auto="filter-option" data-auto-selected="false"><div class="checkbox" data-auto="checkbox"><input id="filter-option--Vallade-9745422" name="filter-option--Vallade-9745422" type="checkbox"><label class="checkbox-label" for="filter-option--Vallade-9745422" title="Vallade"><a class="filter-option--link" href="https://www.tesco.com/groceries/en-GB/shop/drinks/all?brand=Vallade&amp;viewAll=brand"><span class="checkbox-square checkbox-square-linked"></span><span class="checkbox-check icon-tick-white"></span><span class="visually-hidden">Filter by</span><span class="filter-label--line--inline">Vallade</span><span class="filter-label--line--inline">&nbsp;(1)</span></a></label></div></li><li class="filter-option__container" id="Vina Albali" data-auto="filter-option" data-auto-selected="false"><div class="checkbox" data-auto="checkbox"><input id="filter-option--Vina-Albali-2034334" name="filter-option--Vina-Albali-2034334" type="checkbox"><label class="checkbox-label" for="filter-option--Vina-Albali-2034334" title="Vina Albali"><a class="filter-option--link" href="https://www.tesco.com/groceries/en-GB/shop/drinks/all?brand=Vina%20Albali&amp;viewAll=brand"><span class="checkbox-square checkbox-square-linked"></span><span class="checkbox-check icon-tick-white"></span><span class="visually-hidden">Filter by</span><span class="filter-label--line--inline">Vina Albali</span><span class="filter-label--line--inline">&nbsp;(1)</span></a></label></div></li><li class="filter-option__container" id="Wainwright" data-auto="filter-option" data-auto-selected="false"><div class="checkbox" data-auto="checkbox"><input id="filter-option--Wainwright-4228568" name="filter-option--Wainwright-4228568" type="checkbox"><label class="checkbox-label" for="filter-option--Wainwright-4228568" title="Wainwright"><a class="filter-option--link" href="https://www.tesco.com/groceries/en-GB/shop/drinks/all?brand=Wainwright&amp;viewAll=brand"><span class="checkbox-square checkbox-square-linked"></span><span class="checkbox-check icon-tick-white"></span><span class="visually-hidden">Filter by</span><span class="filter-label--line--inline">Wainwright</span><span class="filter-label--line--inline">&nbsp;(1)</span></a></label></div></li><li class="filter-option__container" id="Warninks" data-auto="filter-option" data-auto-selected="false"><div class="checkbox" data-auto="checkbox"><input id="filter-option--Warninks-4148610" name="filter-option--Warninks-4148610" type="checkbox"><label class="checkbox-label" for="filter-option--Warninks-4148610" title="Warninks"><a class="filter-option--link" href="https://www.tesco.com/groceries/en-GB/shop/drinks/all?brand=Warninks&amp;viewAll=brand"><span class="checkbox-square checkbox-square-linked"></span><span class="checkbox-check icon-tick-white"></span><span class="visually-hidden">Filter by</span><span class="filter-label--line--inline">Warninks</span><span class="filter-label--line--inline">&nbsp;(1)</span></a></label></div></li><li class="filter-option__container" id="Warsteiner" data-auto="filter-option" data-auto-selected="false"><div class="checkbox" data-auto="checkbox"><input id="filter-option--Warsteiner-8664826" name="filter-option--Warsteiner-8664826" type="checkbox"><label class="checkbox-label" for="filter-option--Warsteiner-8664826" title="Warsteiner"><a class="filter-option--link" href="https://www.tesco.com/groceries/en-GB/shop/drinks/all?brand=Warsteiner&amp;viewAll=brand"><span class="checkbox-square checkbox-square-linked"></span><span class="checkbox-check icon-tick-white"></span><span class="visually-hidden">Filter by</span><span class="filter-label--line--inline">Warsteiner</span><span class="filter-label--line--inline">&nbsp;(1)</span></a></label></div></li><li class="filter-option__container" id="Welch&#39;s" data-auto="filter-option" data-auto-selected="false"><div class="checkbox" data-auto="checkbox"><input id="filter-option--Welch&#39;s-6241290" name="filter-option--Welch&#39;s-6241290" type="checkbox"><label class="checkbox-label" for="filter-option--Welch&#39;s-6241290" title="Welch&#39;s"><a class="filter-option--link" href="https://www.tesco.com/groceries/en-GB/shop/drinks/all?brand=Welch%27s&amp;viewAll=brand"><span class="checkbox-square checkbox-square-linked"></span><span class="checkbox-check icon-tick-white"></span><span class="visually-hidden">Filter by</span><span class="filter-label--line--inline">Welch's</span><span class="filter-label--line--inline">&nbsp;(1)</span></a></label></div></li><li class="filter-option__container" id="Westmalle" data-auto="filter-option" data-auto-selected="false"><div class="checkbox" data-auto="checkbox"><input id="filter-option--Westmalle-890930" name="filter-option--Westmalle-890930" type="checkbox"><label class="checkbox-label" for="filter-option--Westmalle-890930" title="Westmalle"><a class="filter-option--link" href="https://www.tesco.com/groceries/en-GB/shop/drinks/all?brand=Westmalle&amp;viewAll=brand"><span class="checkbox-square checkbox-square-linked"></span><span class="checkbox-check icon-tick-white"></span><span class="visually-hidden">Filter by</span><span class="filter-label--line--inline">Westmalle</span><span class="filter-label--line--inline">&nbsp;(1)</span></a></label></div></li><li class="filter-option__container" id="Whisky" data-auto="filter-option" data-auto-selected="false"><div class="checkbox" data-auto="checkbox"><input id="filter-option--Whisky-3868947" name="filter-option--Whisky-3868947" type="checkbox"><label class="checkbox-label" for="filter-option--Whisky-3868947" title="Whisky"><a class="filter-option--link" href="https://www.tesco.com/groceries/en-GB/shop/drinks/all?brand=Whisky&amp;viewAll=brand"><span class="checkbox-square checkbox-square-linked"></span><span class="checkbox-check icon-tick-white"></span><span class="visually-hidden">Filter by</span><span class="filter-label--line--inline">Whisky</span><span class="filter-label--line--inline">&nbsp;(1)</span></a></label></div></li><li class="filter-option__container" id="Wild Turkey" data-auto="filter-option" data-auto-selected="false"><div class="checkbox" data-auto="checkbox"><input id="filter-option--Wild-Turkey-8357477" name="filter-option--Wild-Turkey-8357477" type="checkbox"><label class="checkbox-label" for="filter-option--Wild-Turkey-8357477" title="Wild Turkey"><a class="filter-option--link" href="https://www.tesco.com/groceries/en-GB/shop/drinks/all?brand=Wild%20Turkey&amp;viewAll=brand"><span class="checkbox-square checkbox-square-linked"></span><span class="checkbox-check icon-tick-white"></span><span class="visually-hidden">Filter by</span><span class="filter-label--line--inline">Wild Turkey</span><span class="filter-label--line--inline">&nbsp;(1)</span></a></label></div></li><li class="filter-option__container" id="Windsor" data-auto="filter-option" data-auto-selected="false"><div class="checkbox" data-auto="checkbox"><input id="filter-option--Windsor-7438935" name="filter-option--Windsor-7438935" type="checkbox"><label class="checkbox-label" for="filter-option--Windsor-7438935" title="Windsor"><a class="filter-option--link" href="https://www.tesco.com/groceries/en-GB/shop/drinks/all?brand=Windsor&amp;viewAll=brand"><span class="checkbox-square checkbox-square-linked"></span><span class="checkbox-check icon-tick-white"></span><span class="visually-hidden">Filter by</span><span class="filter-label--line--inline">Windsor</span><span class="filter-label--line--inline">&nbsp;(1)</span></a></label></div></li><li class="filter-option__container" id="Wirra Wirra" data-auto="filter-option" data-auto-selected="false"><div class="checkbox" data-auto="checkbox"><input id="filter-option--Wirra-Wirra-2941171" name="filter-option--Wirra-Wirra-2941171" type="checkbox"><label class="checkbox-label" for="filter-option--Wirra-Wirra-2941171" title="Wirra Wirra"><a class="filter-option--link" href="https://www.tesco.com/groceries/en-GB/shop/drinks/all?brand=Wirra%20Wirra&amp;viewAll=brand"><span class="checkbox-square checkbox-square-linked"></span><span class="checkbox-check icon-tick-white"></span><span class="visually-hidden">Filter by</span><span class="filter-label--line--inline">Wirra Wirra</span><span class="filter-label--line--inline">&nbsp;(1)</span></a></label></div></li><li class="filter-option__container" id="Woodford Reserve" data-auto="filter-option" data-auto-selected="false"><div class="checkbox" data-auto="checkbox"><input id="filter-option--Woodford-Reserve-1351472" name="filter-option--Woodford-Reserve-1351472" type="checkbox"><label class="checkbox-label" for="filter-option--Woodford-Reserve-1351472" title="Woodford Reserve"><a class="filter-option--link" href="https://www.tesco.com/groceries/en-GB/shop/drinks/all?brand=Woodford%20Reserve&amp;viewAll=brand"><span class="checkbox-square checkbox-square-linked"></span><span class="checkbox-check icon-tick-white"></span><span class="visually-hidden">Filter by</span><span class="filter-label--line--block">Woodford</span><span class="filter-label--line--inline filter-label--line--truncate">Reserve</span><span class="filter-label--line--inline">&nbsp;(1)</span></a></label></div></li><li class="filter-option__container" id="Woodforde&#39;s" data-auto="filter-option" data-auto-selected="false"><div class="checkbox" data-auto="checkbox"><input id="filter-option--Woodforde&#39;s-8536123" name="filter-option--Woodforde&#39;s-8536123" type="checkbox"><label class="checkbox-label" for="filter-option--Woodforde&#39;s-8536123" title="Woodforde&#39;s"><a class="filter-option--link" href="https://www.tesco.com/groceries/en-GB/shop/drinks/all?brand=Woodforde%27s&amp;viewAll=brand"><span class="checkbox-square checkbox-square-linked"></span><span class="checkbox-check icon-tick-white"></span><span class="visually-hidden">Filter by</span><span class="filter-label--line--inline">Woodforde's</span><span class="filter-label--line--inline">&nbsp;(1)</span></a></label></div></li><li class="filter-option__container" id="Wray &amp; Nephew" data-auto="filter-option" data-auto-selected="false"><div class="checkbox" data-auto="checkbox"><input id="filter-option--Wray-Nephew-2562225" name="filter-option--Wray-Nephew-2562225" type="checkbox"><label class="checkbox-label" for="filter-option--Wray-Nephew-2562225" title="Wray &amp; Nephew"><a class="filter-option--link" href="https://www.tesco.com/groceries/en-GB/shop/drinks/all?brand=Wray%20%26%20Nephew&amp;viewAll=brand"><span class="checkbox-square checkbox-square-linked"></span><span class="checkbox-check icon-tick-white"></span><span class="visually-hidden">Filter by</span><span class="filter-label--line--inline">Wray &amp; Nephew</span><span class="filter-label--line--inline">&nbsp;(1)</span></a></label></div></li><li class="filter-option__container" id="Wynns" data-auto="filter-option" data-auto-selected="false"><div class="checkbox" data-auto="checkbox"><input id="filter-option--Wynns-7227636" name="filter-option--Wynns-7227636" type="checkbox"><label class="checkbox-label" for="filter-option--Wynns-7227636" title="Wynns"><a class="filter-option--link" href="https://www.tesco.com/groceries/en-GB/shop/drinks/all?brand=Wynns&amp;viewAll=brand"><span class="checkbox-square checkbox-square-linked"></span><span class="checkbox-check icon-tick-white"></span><span class="visually-hidden">Filter by</span><span class="filter-label--line--inline">Wynns</span><span class="filter-label--line--inline">&nbsp;(1)</span></a></label></div></li><li class="filter-option__container" id="Yorkshire" data-auto="filter-option" data-auto-selected="false"><div class="checkbox" data-auto="checkbox"><input id="filter-option--Yorkshire-8338615" name="filter-option--Yorkshire-8338615" type="checkbox"><label class="checkbox-label" for="filter-option--Yorkshire-8338615" title="Yorkshire"><a class="filter-option--link" href="https://www.tesco.com/groceries/en-GB/shop/drinks/all?brand=Yorkshire&amp;viewAll=brand"><span class="checkbox-square checkbox-square-linked"></span><span class="checkbox-check icon-tick-white"></span><span class="visually-hidden">Filter by</span><span class="filter-label--line--inline">Yorkshire</span><span class="filter-label--line--inline">&nbsp;(1)</span></a></label></div></li><li class="filter-option__container" id="Zlato Valley" data-auto="filter-option" data-auto-selected="false"><div class="checkbox" data-auto="checkbox"><input id="filter-option--Zlato-Valley-4775562" name="filter-option--Zlato-Valley-4775562" type="checkbox"><label class="checkbox-label" for="filter-option--Zlato-Valley-4775562" title="Zlato Valley"><a class="filter-option--link" href="https://www.tesco.com/groceries/en-GB/shop/drinks/all?brand=Zlato%20Valley&amp;viewAll=brand"><span class="checkbox-square checkbox-square-linked"></span><span class="checkbox-check icon-tick-white"></span><span class="visually-hidden">Filter by</span><span class="filter-label--line--inline">Zlato Valley</span><span class="filter-label--line--inline">&nbsp;(1)</span></a></label></div></li><li class="more-filters--container hidden"><button class="button-text more-filters">More brands<span class="icon icon-header_down_triangle expand-icon"></span></button></li><li class="more-filters--container"><button class="button-text more-filters">Fewer brands<span class="icon icon-header_down_triangle contract-icon"></span></button></li></ul></li></ul></div></div></li><li data-auto="filter-lifestyle-and-dietary"><div class="filter-select__FilterSelectContainer-x4zufj-0 iRBCDW filter-select-container filter-lifestyle-and-dietary"><button aria-controls="filter-lifestyle-and-dietary" aria-expanded="false" class="button-text filter-select" data-auto="filter-lifestyle-and-dietary-select"><span class="filter-select--label specific-filter-label">Lifestyle &amp; Dietary</span><span class="icon icon-header_down_triangle"></span></button></div><div aria-hidden="true" class="filter-options-container last-child" id="filter-lifestyle-and-dietary" data-auto="filter-lifestyle-and-dietary-dropdown"><div class="filter-options">Filters should not be used as an alternative to medical advice. Always check the label.<ul aria-label="Lifestyle &amp; Dietary"><li class="current-filters" data-auto="dietary"><ul><li class="filter-option__container selected" id="all" data-auto="filter-option" data-auto-selected="true"><div class="radio" data-auto="radio-button"><a class="filter-option--link" href="https://www.tesco.com/groceries/en-GB/shop/drinks/all" title="All Lifestyle &amp; Dietary"><div class="radio-button radio-button--on"></div><div class="radio__label"><span class="visually-hidden">Filter by</span><span class="filter-label--line--block">All Lifestyle</span><span class="filter-label--line--inline filter-label--line--truncate">&amp; Dietary</span><span class="filter-label--line--inline">&nbsp;</span></div></a></div></li><li class="filter-option__container" id="Pescetarian" data-auto="filter-option" data-auto-selected="false"><div class="radio" data-auto="radio-button"><a class="filter-option--link" href="https://www.tesco.com/groceries/en-GB/shop/drinks/all?dietary=Pescetarian&amp;viewAll=dietary" title="Pescetarian"><div class="radio-button radio-button--off"></div><div class="radio__label"><span class="visually-hidden">Filter by</span><span class="filter-label--line--inline">Pescetarian</span><span class="filter-label--line--inline">&nbsp;(1943)</span></div></a></div></li><li class="filter-option__container" id="Vegetarian" data-auto="filter-option" data-auto-selected="false"><div class="radio" data-auto="radio-button"><a class="filter-option--link" href="https://www.tesco.com/groceries/en-GB/shop/drinks/all?dietary=Vegetarian&amp;viewAll=dietary" title="Vegetarian"><div class="radio-button radio-button--off"></div><div class="radio__label"><span class="visually-hidden">Filter by</span><span class="filter-label--line--inline">Vegetarian</span><span class="filter-label--line--inline">&nbsp;(1941)</span></div></a></div></li><li class="filter-option__container" id="Lacto-vegetarian" data-auto="filter-option" data-auto-selected="false"><div class="radio" data-auto="radio-button"><a class="filter-option--link" href="https://www.tesco.com/groceries/en-GB/shop/drinks/all?dietary=Lacto-vegetarian&amp;viewAll=dietary" title="Lacto-vegetarian"><div class="radio-button radio-button--off"></div><div class="radio__label"><span class="visually-hidden">Filter by</span><span class="filter-label--line--inline filter-label--line--truncate">Lacto-vegetari</span><span class="filter-label--line--inline">&nbsp;(1849)</span></div></a></div></li><li class="filter-option__container" id="Ovo-vegetarian" data-auto="filter-option" data-auto-selected="false"><div class="radio" data-auto="radio-button"><a class="filter-option--link" href="https://www.tesco.com/groceries/en-GB/shop/drinks/all?dietary=Ovo-vegetarian&amp;viewAll=dietary" title="Ovo-vegetarian"><div class="radio-button radio-button--off"></div><div class="radio__label"><span class="visually-hidden">Filter by</span><span class="filter-label--line--inline filter-label--line--truncate">Ovo-vegetarian</span><span class="filter-label--line--inline">&nbsp;(1710)</span></div></a></div></li><li class="filter-option__container" id="Vegan" data-auto="filter-option" data-auto-selected="false"><div class="radio" data-auto="radio-button"><a class="filter-option--link" href="https://www.tesco.com/groceries/en-GB/shop/drinks/all?dietary=Vegan&amp;viewAll=dietary" title="Vegan"><div class="radio-button radio-button--off"></div><div class="radio__label"><span class="visually-hidden">Filter by</span><span class="filter-label--line--inline">Vegan</span><span class="filter-label--line--inline">&nbsp;(1682)</span></div></a></div></li><li class="filter-option__container" id="No egg" data-auto="filter-option" data-auto-selected="false"><div class="radio" data-auto="radio-button"><a class="filter-option--link" href="https://www.tesco.com/groceries/en-GB/shop/drinks/all?dietary=No%20egg&amp;viewAll=dietary" title="No egg"><div class="radio-button radio-button--off"></div><div class="radio__label"><span class="visually-hidden">Filter by</span><span class="filter-label--line--inline">No egg</span><span class="filter-label--line--inline">&nbsp;(1543)</span></div></a></div></li><li class="filter-option__container" id="No soya" data-auto="filter-option" data-auto-selected="false"><div class="radio" data-auto="radio-button"><a class="filter-option--link" href="https://www.tesco.com/groceries/en-GB/shop/drinks/all?dietary=No%20soya&amp;viewAll=dietary" title="No soya"><div class="radio-button radio-button--off"></div><div class="radio__label"><span class="visually-hidden">Filter by</span><span class="filter-label--line--inline">No soya</span><span class="filter-label--line--inline">&nbsp;(1501)</span></div></a></div></li><li class="filter-option__container" id="No lactose" data-auto="filter-option" data-auto-selected="false"><div class="radio" data-auto="radio-button"><a class="filter-option--link" href="https://www.tesco.com/groceries/en-GB/shop/drinks/all?dietary=No%20lactose&amp;viewAll=dietary" title="No lactose"><div class="radio-button radio-button--off"></div><div class="radio__label"><span class="visually-hidden">Filter by</span><span class="filter-label--line--inline">No lactose</span><span class="filter-label--line--inline">&nbsp;(1364)</span></div></a></div></li><li class="filter-option__container" id="No milk" data-auto="filter-option" data-auto-selected="false"><div class="radio" data-auto="radio-button"><a class="filter-option--link" href="https://www.tesco.com/groceries/en-GB/shop/drinks/all?dietary=No%20milk&amp;viewAll=dietary" title="No milk"><div class="radio-button radio-button--off"></div><div class="radio__label"><span class="visually-hidden">Filter by</span><span class="filter-label--line--inline">No milk</span><span class="filter-label--line--inline">&nbsp;(1364)</span></div></a></div></li><li class="filter-option__container" id="No gluten" data-auto="filter-option" data-auto-selected="false"><div class="radio" data-auto="radio-button"><a class="filter-option--link" href="https://www.tesco.com/groceries/en-GB/shop/drinks/all?dietary=No%20gluten&amp;viewAll=dietary" title="No gluten"><div class="radio-button radio-button--off"></div><div class="radio__label"><span class="visually-hidden">Filter by</span><span class="filter-label--line--inline">No gluten</span><span class="filter-label--line--inline">&nbsp;(1322)</span></div></a></div></li><li class="filter-option__container" id="Halal" data-auto="filter-option" data-auto-selected="false"><div class="radio" data-auto="radio-button"><a class="filter-option--link" href="https://www.tesco.com/groceries/en-GB/shop/drinks/all?dietary=Halal&amp;viewAll=dietary" title="Halal"><div class="radio-button radio-button--off"></div><div class="radio__label"><span class="visually-hidden">Filter by</span><span class="filter-label--line--inline">Halal</span><span class="filter-label--line--inline">&nbsp;(1141)</span></div></a></div></li><li class="more-filters--container"><button class="button-text more-filters">More Lifestyle &amp; Dietary<span class="icon icon-header_down_triangle expand-icon"></span></button></li><li class="more-filters--container hidden"><button class="button-text more-filters">Fewer Lifestyle &amp; Dietary<span class="icon icon-header_down_triangle contract-icon"></span></button></li></ul></li></ul><div class="filter-options-footer"><span><span>In partnership with SpoonGuru.&nbsp;<a href="https://www.tesco.com/help/terms-and-conditions/#Dietary" class="filter-options-footer--lifestyle-and-dietary-link" target="_blank" rel="noopener">Find out more about each filter<span class="icon icon-chevron_right"></span></a></span></span></div></div></div></li></ul></div><div class="sort-control-container"><label class="instructions-label" for="sort-by">Sort by: </label><ul class="selects-row grid"><li><div class="filter-select-container"><select class="filter-select sort-control" id="sort-by"><option value="relevance">Relevance</option><option value="price-ascending">Price: Low to High</option><option value="price-descending">Price: High to Low</option></select><span class="icon icon-header_down_triangle"></span></div></li></ul></div></div></div><div class="filter-by-mobile"><a data-auto="filter-by-mobile-button" class="button button-secondary small" href="https://www.tesco.com/groceries/en-GB/shop/drinks/all#sort-n-filter"><span>Sort and filter</span><span class="items-count" data-auto="items-count"> (3082)</span></a></div></div></div><div class="product-lists"><div class="product-lists-wrapper"><div><div class="overlay-spinner--overlay overlay-spinner--large" data-auto="overlay-spinner"></div></div><div class="category product-list--page product-list--current-page"><div class="list-page-1"><ul class="product-list grid" data-auto="product-list" data-auto-last-updated="1669291044906"><li class="product-list--list-item first"><div class="styles__StyledVerticalTileWrapper-dvv1wj-0 dtCNPH"><div data-auto="product-tile" data-auto-type="Quantity" data-auto-available="true" data-auto-is-restricted-disabled="false" data-auto-is-substitute="false" class="styles__StyledVerticalTile-dvv1wj-1 gSCsYK"><div class="styles__StyledTileContentWrapper-dvv1wj-2 bkNhNP beans"><div id="tile-282774907" data-auto-id="282774907" class="styles__StyledTiledContent-dvv1wj-3 bcglTg"><a href="https://www.tesco.com/groceries/en-GB/products/282774907" aria-hidden="true" class="product-image-wrapper" tabindex="1"><div class="product-image__container"><picture><img class="styled__Image-sjvkdn-0 bJErKA product-image beans-responsive-image__image" src="./tesco_html_brand_drinks_files/2db44994-bdee-49d7-aab6-8627f2e06e0d_902365747.jpeg" srcset="https://digitalcontent.api.tesco.com/v2/media/ghs/baebee8f-8624-47c9-b059-00d17b642227/2db44994-bdee-49d7-aab6-8627f2e06e0d_902365747.jpeg?h=225&amp;w=225 768w, https://digitalcontent.api.tesco.com/v2/media/ghs/baebee8f-8624-47c9-b059-00d17b642227/2db44994-bdee-49d7-aab6-8627f2e06e0d_902365747.jpeg?h=225&amp;w=225 4000w" alt="Pepsi Max 24 X 330Ml"></picture></div></a><div class="product-details--wrapper"><h3 class="styles__H3-oa5soe-0 bCKNNq"><a href="https://www.tesco.com/groceries/en-GB/products/282774907" class="styled__Anchor-sc-1xbujuz-0 csVOnh beans-link__anchor" data-auto="product-tile--title"><span class="styled__Text-sc-1xbujuz-1 ldbwMG beans-link__text">Pepsi Max 24 X 330Ml</span></a></h3><div class="styles__StyledProductDetailsContent-dvv1wj-5 ddRSrq"><a href="https://www.tesco.com/groceries/en-GB/reviews/submission/282774907?from=%2Fshop%2Fdrinks%2Fall" aria-label="Write a review for Pepsi Max 24 X 330Ml" class="styled__Anchor-sc-1xbujuz-0 jSzuDt write-a-review-link beans-link__anchor" data-auto="review-link"><span class="styled__Text-sc-1xbujuz-1 fyDIEo beans-link__text">Write a review</span><span class="styled__IconContainer-sc-1xbujuz-2 bSauSL beans-link__icon-container"><svg aria-hidden="true" class="styled__SVG-xxa4wh-1 hQMCqc beans-link__icon beans-icon__svg" height="13.33" preserveAspectRatio="xMinYMax meet" viewBox="-1 0 12 20" width="8" xmlns="http://www.w3.org/2000/svg" color="currentColor"><path d="M1.312 1.348L10.276 10l-8.964 8.644" fill="none" stroke="currentColor"></path></svg></span></a><div><a href="https://www.tesco.com/groceries/en-GB/shop/drinks/fizzy-and-soft-drinks/cola/sugar-free-cola" class="styled__Anchor-sc-1xbujuz-0 jSzuDt rest-of-shelf-link beans-link__anchor" data-auto="rest-of-shelf-link"><span class="styled__Text-sc-1xbujuz-1 fyDIEo beans-link__text">Rest of <span class="visually-hidden">Sugar Free Cola</span> shelf</span><span class="styled__IconContainer-sc-1xbujuz-2 bSauSL beans-link__icon-container"><svg aria-hidden="true" class="styled__SVG-xxa4wh-1 hQMCqc beans-link__icon beans-icon__svg" height="13.33" preserveAspectRatio="xMinYMax meet" viewBox="-1 0 12 20" width="8" xmlns="http://www.w3.org/2000/svg" color="currentColor"><path d="M1.312 1.348L10.276 10l-8.964 8.644" fill="none" stroke="currentColor"></path></svg></span></a></div><div class="product-info-message-section"><div class="product-info-message-list"></div></div></div><div class="styles__StyledPromotionsWithBuyBoxWrapper-dvv1wj-8 cZskDh"><div class="styles__StyledPromotionsAboveMobile-dvv1wj-7 iPTMuo"><div class="styles__StyledPromotionsWithClubcardPriceContainer-sc-1vdpoop-0 bsPFbn"><div class="styles__StyledClubcardLogo-sc-1vdpoop-2 elOZEB"><div class="styles__Wrapper-sc-1d2phhy-0 hgBuQG undefined special-offer-sash"><span class="styles__CircleWrapper-sc-1d2phhy-2 hCbzjm"><strong class="styles__TextWrapper-sc-1d2phhy-1 bLXNGg">Clubcard Price</strong></span></div></div><a href="https://www.tesco.com/groceries/en-GB/promotions/88597383"><div class="styles__ProductPromotionStyling-sc-1vdpoop-3 WGKAK"><div class="styles__StyledPromotionsOfferContent-sc-1vdpoop-1 cPSekc"><span class="offer-text">£7.50 Clubcard Price</span></div><span class="dates">Offer valid for delivery from 16/11/2022 until 29/11/2022</span></div></a></div></div><div class="styles__StyledBuyBoxWrapper-dvv1wj-4 dSvjUC"><div class="styles__StyledBuyBoxContainer-sc-1wx0qp6-0 erryje" data-auto="buybox-container"><div class="styles__SafeFormWrapper-jtpu2t-0 lcrYKS"><form action="https://www.tesco.com/groceries/en-GB/trolley/items/282774907?_method=PUT" method="POST"><input type="submit" class="hidden"><input name="id" type="hidden" value="282774907"><input name="identifier" type="hidden" value="Page"><input name="anchorId" type="hidden" value="#tile-282774907"><input name="returnUrl" type="hidden" value="/groceries/en-GB/shop/drinks/all?redirectIfUnavailable=true#tile-282774907"><input name="backToUrl" type="hidden" value="#"><input name="oldValue" type="hidden" value="0"><input name="oldUnitChoice" type="hidden" value="pcs"><input name="newUnitChoice" type="hidden" value="pcs"><div class="base-components__RootElement-sc-1mosoyj-1 styled__Container-sc-6nhkzi-0 jptQqM hSNpTb beans-buybox__container"><div class="base-components__BaseElement-sc-1mosoyj-0 styled__PriceAndActions-sc-6nhkzi-3 oznwo eEPLov beans-buybox__price-and-actions"><div class="base-components__RootElement-sc-1mosoyj-1 styled__Container-sc-8qlq5b-0 jptQqM bgZrjw styled__StyledPrice-sc-6nhkzi-5 iYHeik beans-buybox__price beans-price__container"><p class="styled__StyledHeading-sc-119w3hf-2 jWPEtj styled__Text-sc-8qlq5b-1 lnaeiZ beans-price__text">£9.50</p><p class="styled__StyledFootnote-sc-119w3hf-7 icrlVF styled__Subtext-sc-8qlq5b-2 bNJmdc beans-price__subtext">£0.12/100ml</p></div><div class="base-components__RootElement-sc-1mosoyj-1 styled__Container-vtxwzb-0 jptQqM bDFhXJ beans-buybox__actions beans-quantity-controls__container"><div class="base-components__RootElement-sc-1mosoyj-1 styled__Container-sc-16t2b2a-0 jptQqM PUfgZ styled__StyledFormGroup-vtxwzb-1 kzKuAr beans-quantity-controls__form-group beans-form-group__container"><label class="styled__StyledLabel-sc-1ttuvhr-0 izGEjV beans-form-group__label beans-label" for="quantity-controls-282774907">Quantity controls </label><div class="base-components__BaseElement-sc-1mosoyj-0 styled__Children-sc-16t2b2a-3 oznwo gdJvjO beans-form-group__children"><div class="styled__StyledQuantityControlWrapper-vtxwzb-6 LCxOg"><label id="quantity-controls-282774907-label" class="styled__VisuallyHiddenLabel-vtxwzb-7 gXlLiM">Quantity of Pepsi Max 24 X 330Ml</label><div class="component__Wrapper-sc-1kpmik-3 dReplG input-wrapper"><input class="base-components__RootElement-sc-1mosoyj-1 styled__StyledInput-sc-1jd5f57-0 component__StyledAsInput-sc-1kpmik-4 jptQqM eJLlow styled__StyledInput-vtxwzb-3 lwMHo beans-quantity-controls__input beans-input" data-auto="beans-quantity-controls-input" autocomplete="off" id="quantity-controls-282774907" maxlength="2" name="newValue" type="number" aria-labelledby="quantity-controls-282774907-label" value="1"></div></div><button class="styled__BaseButton-rsekm1-0 styled__PrimaryButton-rsekm1-2 jChbeY geeWOF styled__StyledButton-vtxwzb-5 japAxb beans-quantity-controls__add-button beans-button__container" type="submit" data-auto="beans-quantity-controls-add-button" aria-label="Quantity of Pepsi Max 24 X 330Ml"><span class="base-components__BaseElement-sc-1mosoyj-0 styled__InnerContainer-rsekm1-1 oznwo fuFres beans-button__inner-container"><span class="base-components__BaseElement-sc-1mosoyj-0 styled__TextSpan-rsekm1-4 oznwo GDiMp beans-button__text">Add</span></span></button></div></div></div></div></div><input name="_csrf" type="hidden" value="0WbpBJF9-cS-fAMl-ByHnl5hECj1JaZiBQ20"></form></div></div></div></div></div><div class="hidden-medium product-info-section-small"><div class="product-info-message-list"></div></div></div><div class="styles__StyledPromotionsMobile-dvv1wj-6 Bxaeb"><div><div class="styles__StyledPromotionsWithClubcardPriceContainer-sc-1vdpoop-0 bsPFbn"><div class="styles__StyledClubcardLogo-sc-1vdpoop-2 elOZEB"><div class="styles__Wrapper-sc-1d2phhy-0 hgBuQG undefined special-offer-sash"><span class="styles__CircleWrapper-sc-1d2phhy-2 hCbzjm"><strong class="styles__TextWrapper-sc-1d2phhy-1 bLXNGg">Clubcard Price</strong></span></div></div><a href="https://www.tesco.com/groceries/en-GB/promotions/88597383"><div class="styles__ProductPromotionStyling-sc-1vdpoop-3 WGKAK"><div class="styles__StyledPromotionsOfferContent-sc-1vdpoop-1 cPSekc"><span class="offer-text">£7.50 Clubcard Price</span></div><span class="dates">Offer valid for delivery from 16/11/2022 until 29/11/2022</span></div></a></div></div></div></div></div></div></li><li class="product-list--list-item"><div class="styles__StyledVerticalTileWrapper-dvv1wj-0 dtCNPH"><div data-auto="product-tile" data-auto-type="Quantity" data-auto-available="true" data-auto-is-restricted-disabled="false" data-auto-is-substitute="false" class="styles__StyledVerticalTile-dvv1wj-1 gSCsYK"><div class="styles__StyledTileContentWrapper-dvv1wj-2 bkNhNP beans"><div id="tile-306657722" data-auto-id="306657722" class="styles__StyledTiledContent-dvv1wj-3 bcglTg"><a href="https://www.tesco.com/groceries/en-GB/products/306657722" aria-hidden="true" class="product-image-wrapper" tabindex="1"><div class="product-image__container"><picture><img class="styled__Image-sjvkdn-0 bJErKA product-image beans-responsive-image__image" src="./tesco_html_brand_drinks_files/475f2a2e-8232-4b0c-915e-402ae63bd7a4_1571595214.jpeg" srcset="https://digitalcontent.api.tesco.com/v2/media/ghs/13658483-4764-4367-a289-0b06fbacbf9b/475f2a2e-8232-4b0c-915e-402ae63bd7a4_1571595214.jpeg?h=225&amp;w=225 768w, https://digitalcontent.api.tesco.com/v2/media/ghs/13658483-4764-4367-a289-0b06fbacbf9b/475f2a2e-8232-4b0c-915e-402ae63bd7a4_1571595214.jpeg?h=225&amp;w=225 4000w" alt="Tesco Elmhurst English Still Water 6 X 2 Litre"></picture></div></a><div class="product-details--wrapper"><h3 class="styles__H3-oa5soe-0 bCKNNq"><a href="https://www.tesco.com/groceries/en-GB/products/306657722" class="styled__Anchor-sc-1xbujuz-0 csVOnh beans-link__anchor" data-auto="product-tile--title"><span class="styled__Text-sc-1xbujuz-1 ldbwMG beans-link__text">Tesco Elmhurst English Still Water 6 X 2 Litre</span></a></h3><div class="styles__StyledPromotionsAboveMobile-dvv1wj-7 iPTMuo"></div><div class="styles__StyledProductDetailsContent-dvv1wj-5 ddRSrq"><a href="https://www.tesco.com/groceries/en-GB/reviews/submission/306657722?from=%2Fshop%2Fdrinks%2Fall" aria-label="Write a review for Tesco Elmhurst English Still Water 6 X 2 Litre" class="styled__Anchor-sc-1xbujuz-0 jSzuDt write-a-review-link beans-link__anchor" data-auto="review-link"><span class="styled__Text-sc-1xbujuz-1 fyDIEo beans-link__text">Write a review</span><span class="styled__IconContainer-sc-1xbujuz-2 bSauSL beans-link__icon-container"><svg aria-hidden="true" class="styled__SVG-xxa4wh-1 hQMCqc beans-link__icon beans-icon__svg" height="13.33" preserveAspectRatio="xMinYMax meet" viewBox="-1 0 12 20" width="8" xmlns="http://www.w3.org/2000/svg" color="currentColor"><path d="M1.312 1.348L10.276 10l-8.964 8.644" fill="none" stroke="currentColor"></path></svg></span></a><div><a href="https://www.tesco.com/groceries/en-GB/shop/drinks/water/still-water/large-still-water" class="styled__Anchor-sc-1xbujuz-0 jSzuDt rest-of-shelf-link beans-link__anchor" data-auto="rest-of-shelf-link"><span class="styled__Text-sc-1xbujuz-1 fyDIEo beans-link__text">Rest of <span class="visually-hidden">Large Still Water</span> shelf</span><span class="styled__IconContainer-sc-1xbujuz-2 bSauSL beans-link__icon-container"><svg aria-hidden="true" class="styled__SVG-xxa4wh-1 hQMCqc beans-link__icon beans-icon__svg" height="13.33" preserveAspectRatio="xMinYMax meet" viewBox="-1 0 12 20" width="8" xmlns="http://www.w3.org/2000/svg" color="currentColor"><path d="M1.312 1.348L10.276 10l-8.964 8.644" fill="none" stroke="currentColor"></path></svg></span></a></div><div class="product-info-message-section"><div class="product-info-message-list"></div></div></div><div class="styles__StyledBuyBoxWrapper-dvv1wj-4 dSvjUC"><div class="styles__StyledBuyBoxContainer-sc-1wx0qp6-0 erryje" data-auto="buybox-container"><div class="styles__SafeFormWrapper-jtpu2t-0 lcrYKS"><form action="https://www.tesco.com/groceries/en-GB/trolley/items/306657722?_method=PUT" method="POST"><input type="submit" class="hidden"><input name="id" type="hidden" value="306657722"><input name="identifier" type="hidden" value="Page"><input name="anchorId" type="hidden" value="#tile-306657722"><input name="returnUrl" type="hidden" value="/groceries/en-GB/shop/drinks/all?redirectIfUnavailable=true#tile-306657722"><input name="backToUrl" type="hidden" value="#"><input name="oldValue" type="hidden" value="0"><input name="oldUnitChoice" type="hidden" value="pcs"><input name="newUnitChoice" type="hidden" value="pcs"><div class="base-components__RootElement-sc-1mosoyj-1 styled__Container-sc-6nhkzi-0 jptQqM hSNpTb beans-buybox__container"><div class="base-components__BaseElement-sc-1mosoyj-0 styled__PriceAndActions-sc-6nhkzi-3 oznwo eEPLov beans-buybox__price-and-actions"><div class="base-components__RootElement-sc-1mosoyj-1 styled__Container-sc-8qlq5b-0 jptQqM bgZrjw styled__StyledPrice-sc-6nhkzi-5 iYHeik beans-buybox__price beans-price__container"><p class="styled__StyledHeading-sc-119w3hf-2 jWPEtj styled__Text-sc-8qlq5b-1 lnaeiZ beans-price__text">£2.40</p><p class="styled__StyledFootnote-sc-119w3hf-7 icrlVF styled__Subtext-sc-8qlq5b-2 bNJmdc beans-price__subtext">£0.02/100ml</p></div><div class="base-components__RootElement-sc-1mosoyj-1 styled__Container-vtxwzb-0 jptQqM bDFhXJ beans-buybox__actions beans-quantity-controls__container"><div class="base-components__RootElement-sc-1mosoyj-1 styled__Container-sc-16t2b2a-0 jptQqM PUfgZ styled__StyledFormGroup-vtxwzb-1 kzKuAr beans-quantity-controls__form-group beans-form-group__container"><label class="styled__StyledLabel-sc-1ttuvhr-0 izGEjV beans-form-group__label beans-label" for="quantity-controls-306657722">Quantity controls </label><div class="base-components__BaseElement-sc-1mosoyj-0 styled__Children-sc-16t2b2a-3 oznwo gdJvjO beans-form-group__children"><div class="styled__StyledQuantityControlWrapper-vtxwzb-6 LCxOg"><label id="quantity-controls-306657722-label" class="styled__VisuallyHiddenLabel-vtxwzb-7 gXlLiM">Quantity of Tesco Elmhurst English Still Water 6 X 2 Litre</label><div class="component__Wrapper-sc-1kpmik-3 dReplG input-wrapper"><input class="base-components__RootElement-sc-1mosoyj-1 styled__StyledInput-sc-1jd5f57-0 component__StyledAsInput-sc-1kpmik-4 jptQqM eJLlow styled__StyledInput-vtxwzb-3 lwMHo beans-quantity-controls__input beans-input" data-auto="beans-quantity-controls-input" autocomplete="off" id="quantity-controls-306657722" maxlength="2" name="newValue" type="number" aria-labelledby="quantity-controls-306657722-label" value="1"></div></div><button class="styled__BaseButton-rsekm1-0 styled__PrimaryButton-rsekm1-2 jChbeY geeWOF styled__StyledButton-vtxwzb-5 japAxb beans-quantity-controls__add-button beans-button__container" type="submit" data-auto="beans-quantity-controls-add-button" aria-label="Quantity of Tesco Elmhurst English Still Water 6 X 2 Litre"><span class="base-components__BaseElement-sc-1mosoyj-0 styled__InnerContainer-rsekm1-1 oznwo fuFres beans-button__inner-container"><span class="base-components__BaseElement-sc-1mosoyj-0 styled__TextSpan-rsekm1-4 oznwo GDiMp beans-button__text">Add</span></span></button></div></div></div></div></div><input name="_csrf" type="hidden" value="0WbpBJF9-cS-fAMl-ByHnl5hECj1JaZiBQ20"></form></div></div></div></div><div class="hidden-medium product-info-section-small"><div class="product-info-message-list"></div></div></div></div></div></div></li><li class="product-list--list-item"><div class="styles__StyledVerticalTileWrapper-dvv1wj-0 dtCNPH"><div data-auto="product-tile" data-auto-type="Quantity" data-auto-available="true" data-auto-is-restricted-disabled="false" data-auto-is-substitute="false" class="styles__StyledVerticalTile-dvv1wj-1 gSCsYK"><div class="styles__StyledTileContentWrapper-dvv1wj-2 bkNhNP beans"><div id="tile-281474446" data-auto-id="281474446" class="styles__StyledTiledContent-dvv1wj-3 bcglTg"><a href="https://www.tesco.com/groceries/en-GB/products/281474446" aria-hidden="true" class="product-image-wrapper" tabindex="1"><div class="product-image__container"><picture><img class="styled__Image-sjvkdn-0 bJErKA product-image beans-responsive-image__image" src="./tesco_html_brand_drinks_files/b25c0463-f066-4d40-8e66-65b18c0dff3c_1542530797.jpeg" srcset="https://digitalcontent.api.tesco.com/v2/media/ghs/d3b45371-f5bf-4423-b948-c57af949bea9/b25c0463-f066-4d40-8e66-65b18c0dff3c_1542530797.jpeg?h=225&amp;w=225 768w, https://digitalcontent.api.tesco.com/v2/media/ghs/d3b45371-f5bf-4423-b948-c57af949bea9/b25c0463-f066-4d40-8e66-65b18c0dff3c_1542530797.jpeg?h=225&amp;w=225 4000w" alt="Diet Coke Fridgepack 10 X 330Ml"></picture></div></a><div class="product-details--wrapper"><h3 class="styles__H3-oa5soe-0 bCKNNq"><a href="https://www.tesco.com/groceries/en-GB/products/281474446" class="styled__Anchor-sc-1xbujuz-0 csVOnh beans-link__anchor" data-auto="product-tile--title"><span class="styled__Text-sc-1xbujuz-1 ldbwMG beans-link__text">Diet Coke Fridgepack 10 X 330Ml</span></a></h3><div class="styles__StyledProductDetailsContent-dvv1wj-5 ddRSrq"><a href="https://www.tesco.com/groceries/en-GB/reviews/submission/281474446?from=%2Fshop%2Fdrinks%2Fall" aria-label="Write a review for Diet Coke Fridgepack 10 X 330Ml" class="styled__Anchor-sc-1xbujuz-0 jSzuDt write-a-review-link beans-link__anchor" data-auto="review-link"><span class="styled__Text-sc-1xbujuz-1 fyDIEo beans-link__text">Write a review</span><span class="styled__IconContainer-sc-1xbujuz-2 bSauSL beans-link__icon-container"><svg aria-hidden="true" class="styled__SVG-xxa4wh-1 hQMCqc beans-link__icon beans-icon__svg" height="13.33" preserveAspectRatio="xMinYMax meet" viewBox="-1 0 12 20" width="8" xmlns="http://www.w3.org/2000/svg" color="currentColor"><path d="M1.312 1.348L10.276 10l-8.964 8.644" fill="none" stroke="currentColor"></path></svg></span></a><div><a href="https://www.tesco.com/groceries/en-GB/shop/drinks/fizzy-and-soft-drinks/cola/sugar-free-cola" class="styled__Anchor-sc-1xbujuz-0 jSzuDt rest-of-shelf-link beans-link__anchor" data-auto="rest-of-shelf-link"><span class="styled__Text-sc-1xbujuz-1 fyDIEo beans-link__text">Rest of <span class="visually-hidden">Sugar Free Cola</span> shelf</span><span class="styled__IconContainer-sc-1xbujuz-2 bSauSL beans-link__icon-container"><svg aria-hidden="true" class="styled__SVG-xxa4wh-1 hQMCqc beans-link__icon beans-icon__svg" height="13.33" preserveAspectRatio="xMinYMax meet" viewBox="-1 0 12 20" width="8" xmlns="http://www.w3.org/2000/svg" color="currentColor"><path d="M1.312 1.348L10.276 10l-8.964 8.644" fill="none" stroke="currentColor"></path></svg></span></a></div><div class="product-info-message-section"><div class="product-info-message-list"></div></div></div><div class="styles__StyledPromotionsWithBuyBoxWrapper-dvv1wj-8 cZskDh"><div class="styles__StyledPromotionsAboveMobile-dvv1wj-7 iPTMuo"><div class="styles__StyledPromotionsWithClubcardPriceContainer-sc-1vdpoop-0 bsPFbn"><div class="styles__StyledClubcardLogo-sc-1vdpoop-2 elOZEB"><div class="styles__Wrapper-sc-1d2phhy-0 hgBuQG undefined special-offer-sash"><span class="styles__CircleWrapper-sc-1d2phhy-2 hCbzjm"><strong class="styles__TextWrapper-sc-1d2phhy-1 bLXNGg">Clubcard Price</strong></span></div></div><a href="https://www.tesco.com/groceries/en-GB/promotions/88592432"><div class="styles__ProductPromotionStyling-sc-1vdpoop-3 WGKAK"><div class="styles__StyledPromotionsOfferContent-sc-1vdpoop-1 cPSekc"><span class="offer-text">Any 2 for £7 Clubcard Price - Selected Diet Coke Or Coca Cola 10x330ml</span></div><span class="dates">Offer valid for delivery from 16/11/2022 until 06/12/2022</span></div></a></div></div><div class="styles__StyledBuyBoxWrapper-dvv1wj-4 dSvjUC"><div class="styles__StyledBuyBoxContainer-sc-1wx0qp6-0 erryje" data-auto="buybox-container"><div class="styles__SafeFormWrapper-jtpu2t-0 lcrYKS"><form action="https://www.tesco.com/groceries/en-GB/trolley/items/281474446?_method=PUT" method="POST"><input type="submit" class="hidden"><input name="id" type="hidden" value="281474446"><input name="identifier" type="hidden" value="Page"><input name="anchorId" type="hidden" value="#tile-281474446"><input name="returnUrl" type="hidden" value="/groceries/en-GB/shop/drinks/all?redirectIfUnavailable=true#tile-281474446"><input name="backToUrl" type="hidden" value="#"><input name="oldValue" type="hidden" value="0"><input name="oldUnitChoice" type="hidden" value="pcs"><input name="newUnitChoice" type="hidden" value="pcs"><div class="base-components__RootElement-sc-1mosoyj-1 styled__Container-sc-6nhkzi-0 jptQqM hSNpTb beans-buybox__container"><div class="base-components__BaseElement-sc-1mosoyj-0 styled__PriceAndActions-sc-6nhkzi-3 oznwo eEPLov beans-buybox__price-and-actions"><div class="base-components__RootElement-sc-1mosoyj-1 styled__Container-sc-8qlq5b-0 jptQqM bgZrjw styled__StyledPrice-sc-6nhkzi-5 iYHeik beans-buybox__price beans-price__container"><p class="styled__StyledHeading-sc-119w3hf-2 jWPEtj styled__Text-sc-8qlq5b-1 lnaeiZ beans-price__text">£4.69</p><p class="styled__StyledFootnote-sc-119w3hf-7 icrlVF styled__Subtext-sc-8qlq5b-2 bNJmdc beans-price__subtext">£0.14/100ml</p></div><div class="base-components__RootElement-sc-1mosoyj-1 styled__Container-vtxwzb-0 jptQqM bDFhXJ beans-buybox__actions beans-quantity-controls__container"><div class="base-components__RootElement-sc-1mosoyj-1 styled__Container-sc-16t2b2a-0 jptQqM PUfgZ styled__StyledFormGroup-vtxwzb-1 kzKuAr beans-quantity-controls__form-group beans-form-group__container"><label class="styled__StyledLabel-sc-1ttuvhr-0 izGEjV beans-form-group__label beans-label" for="quantity-controls-281474446">Quantity controls </label><div class="base-components__BaseElement-sc-1mosoyj-0 styled__Children-sc-16t2b2a-3 oznwo gdJvjO beans-form-group__children"><div class="styled__StyledQuantityControlWrapper-vtxwzb-6 LCxOg"><label id="quantity-controls-281474446-label" class="styled__VisuallyHiddenLabel-vtxwzb-7 gXlLiM">Quantity of Diet Coke Fridgepack 10 X 330Ml</label><div class="component__Wrapper-sc-1kpmik-3 dReplG input-wrapper"><input class="base-components__RootElement-sc-1mosoyj-1 styled__StyledInput-sc-1jd5f57-0 component__StyledAsInput-sc-1kpmik-4 jptQqM eJLlow styled__StyledInput-vtxwzb-3 lwMHo beans-quantity-controls__input beans-input" data-auto="beans-quantity-controls-input" autocomplete="off" id="quantity-controls-281474446" maxlength="2" name="newValue" type="number" aria-labelledby="quantity-controls-281474446-label" value="1"></div></div><button class="styled__BaseButton-rsekm1-0 styled__PrimaryButton-rsekm1-2 jChbeY geeWOF styled__StyledButton-vtxwzb-5 japAxb beans-quantity-controls__add-button beans-button__container" type="submit" data-auto="beans-quantity-controls-add-button" aria-label="Quantity of Diet Coke Fridgepack 10 X 330Ml"><span class="base-components__BaseElement-sc-1mosoyj-0 styled__InnerContainer-rsekm1-1 oznwo fuFres beans-button__inner-container"><span class="base-components__BaseElement-sc-1mosoyj-0 styled__TextSpan-rsekm1-4 oznwo GDiMp beans-button__text">Add</span></span></button></div></div></div></div></div><input name="_csrf" type="hidden" value="0WbpBJF9-cS-fAMl-ByHnl5hECj1JaZiBQ20"></form></div></div></div></div></div><div class="hidden-medium product-info-section-small"><div class="product-info-message-list"></div></div></div><div class="styles__StyledPromotionsMobile-dvv1wj-6 Bxaeb"><div><div class="styles__StyledPromotionsWithClubcardPriceContainer-sc-1vdpoop-0 bsPFbn"><div class="styles__StyledClubcardLogo-sc-1vdpoop-2 elOZEB"><div class="styles__Wrapper-sc-1d2phhy-0 hgBuQG undefined special-offer-sash"><span class="styles__CircleWrapper-sc-1d2phhy-2 hCbzjm"><strong class="styles__TextWrapper-sc-1d2phhy-1 bLXNGg">Clubcard Price</strong></span></div></div><a href="https://www.tesco.com/groceries/en-GB/promotions/88592432"><div class="styles__ProductPromotionStyling-sc-1vdpoop-3 WGKAK"><div class="styles__StyledPromotionsOfferContent-sc-1vdpoop-1 cPSekc"><span class="offer-text">Any 2 for £7 Clubcard Price - Selected Diet Coke Or Coca Cola 10x330ml</span></div><span class="dates">Offer valid for delivery from 16/11/2022 until 06/12/2022</span></div></a></div></div></div></div></div></div></li><li class="product-list--list-item"><div class="styles__StyledVerticalTileWrapper-dvv1wj-0 dtCNPH"><div data-auto="product-tile" data-auto-type="Quantity" data-auto-available="true" data-auto-is-restricted-disabled="false" data-auto-is-substitute="false" class="styles__StyledVerticalTile-dvv1wj-1 gSCsYK"><div class="styles__StyledTileContentWrapper-dvv1wj-2 bkNhNP beans"><div id="tile-258056066" data-auto-id="258056066" class="styles__StyledTiledContent-dvv1wj-3 bcglTg"><a href="https://www.tesco.com/groceries/en-GB/products/258056066" aria-hidden="true" class="product-image-wrapper" tabindex="1"><div class="product-image__container"><picture><img class="styled__Image-sjvkdn-0 bJErKA product-image beans-responsive-image__image" src="./tesco_html_brand_drinks_files/a4bc53a3-151f-41ab-8235-aa210aad3833_482590535.jpeg" srcset="https://digitalcontent.api.tesco.com/v2/media/ghs/0f8a0616-72f3-46c2-9ed5-e698055e3656/a4bc53a3-151f-41ab-8235-aa210aad3833_482590535.jpeg?h=225&amp;w=225 768w, https://digitalcontent.api.tesco.com/v2/media/ghs/0f8a0616-72f3-46c2-9ed5-e698055e3656/a4bc53a3-151f-41ab-8235-aa210aad3833_482590535.jpeg?h=225&amp;w=225 4000w" alt="Pepsi Max Cola Bottle"></picture></div></a><div class="product-details--wrapper"><h3 class="styles__H3-oa5soe-0 bCKNNq"><a href="https://www.tesco.com/groceries/en-GB/products/258056066" class="styled__Anchor-sc-1xbujuz-0 csVOnh beans-link__anchor" data-auto="product-tile--title"><span class="styled__Text-sc-1xbujuz-1 ldbwMG beans-link__text">Pepsi Max Cola Bottle</span></a></h3><div class="styles__StyledProductDetailsContent-dvv1wj-5 ddRSrq"><a href="https://www.tesco.com/groceries/en-GB/reviews/submission/258056066?from=%2Fshop%2Fdrinks%2Fall" aria-label="Write a review for Pepsi Max Cola Bottle" class="styled__Anchor-sc-1xbujuz-0 jSzuDt write-a-review-link beans-link__anchor" data-auto="review-link"><span class="styled__Text-sc-1xbujuz-1 fyDIEo beans-link__text">Write a review</span><span class="styled__IconContainer-sc-1xbujuz-2 bSauSL beans-link__icon-container"><svg aria-hidden="true" class="styled__SVG-xxa4wh-1 hQMCqc beans-link__icon beans-icon__svg" height="13.33" preserveAspectRatio="xMinYMax meet" viewBox="-1 0 12 20" width="8" xmlns="http://www.w3.org/2000/svg" color="currentColor"><path d="M1.312 1.348L10.276 10l-8.964 8.644" fill="none" stroke="currentColor"></path></svg></span></a><div><a href="https://www.tesco.com/groceries/en-GB/shop/drinks/fizzy-and-soft-drinks/cola/sugar-free-cola" class="styled__Anchor-sc-1xbujuz-0 jSzuDt rest-of-shelf-link beans-link__anchor" data-auto="rest-of-shelf-link"><span class="styled__Text-sc-1xbujuz-1 fyDIEo beans-link__text">Rest of <span class="visually-hidden">Sugar Free Cola</span> shelf</span><span class="styled__IconContainer-sc-1xbujuz-2 bSauSL beans-link__icon-container"><svg aria-hidden="true" class="styled__SVG-xxa4wh-1 hQMCqc beans-link__icon beans-icon__svg" height="13.33" preserveAspectRatio="xMinYMax meet" viewBox="-1 0 12 20" width="8" xmlns="http://www.w3.org/2000/svg" color="currentColor"><path d="M1.312 1.348L10.276 10l-8.964 8.644" fill="none" stroke="currentColor"></path></svg></span></a></div><div class="product-info-message-section"><div class="product-info-message-list"></div></div></div><div class="styles__StyledPromotionsWithBuyBoxWrapper-dvv1wj-8 cZskDh"><div class="styles__StyledPromotionsAboveMobile-dvv1wj-7 iPTMuo"><div class="styles__StyledPromotionsWithClubcardPriceContainer-sc-1vdpoop-0 bsPFbn"><div class="styles__StyledClubcardLogo-sc-1vdpoop-2 elOZEB"><div class="styles__Wrapper-sc-1d2phhy-0 hgBuQG undefined special-offer-sash"><span class="styles__CircleWrapper-sc-1d2phhy-2 hCbzjm"><strong class="styles__TextWrapper-sc-1d2phhy-1 bLXNGg">Clubcard Price</strong></span></div></div><a href="https://www.tesco.com/groceries/en-GB/promotions/88613983"><div class="styles__ProductPromotionStyling-sc-1vdpoop-3 WGKAK"><div class="styles__StyledPromotionsOfferContent-sc-1vdpoop-1 cPSekc"><span class="offer-text">Any 2 for £3.50 Clubcard Price - Selected Pepsi Max Or Pepsi Diet 2l </span></div><span class="dates">Offer valid for delivery from 16/11/2022 until 29/11/2022</span></div></a></div></div><div class="styles__StyledBuyBoxWrapper-dvv1wj-4 dSvjUC"><div class="styles__StyledBuyBoxContainer-sc-1wx0qp6-0 erryje" data-auto="buybox-container"><div class="styles__SafeFormWrapper-jtpu2t-0 lcrYKS"><form action="https://www.tesco.com/groceries/en-GB/trolley/items/258056066?_method=PUT" method="POST"><input type="submit" class="hidden"><input name="id" type="hidden" value="258056066"><input name="identifier" type="hidden" value="Page"><input name="anchorId" type="hidden" value="#tile-258056066"><input name="returnUrl" type="hidden" value="/groceries/en-GB/shop/drinks/all?redirectIfUnavailable=true#tile-258056066"><input name="backToUrl" type="hidden" value="#"><input name="oldValue" type="hidden" value="0"><input name="oldUnitChoice" type="hidden" value="pcs"><input name="newUnitChoice" type="hidden" value="pcs"><div class="base-components__RootElement-sc-1mosoyj-1 styled__Container-sc-6nhkzi-0 jptQqM hSNpTb beans-buybox__container"><div class="base-components__BaseElement-sc-1mosoyj-0 styled__PriceAndActions-sc-6nhkzi-3 oznwo eEPLov beans-buybox__price-and-actions"><div class="base-components__RootElement-sc-1mosoyj-1 styled__Container-sc-8qlq5b-0 jptQqM bgZrjw styled__StyledPrice-sc-6nhkzi-5 iYHeik beans-buybox__price beans-price__container"><p class="styled__StyledHeading-sc-119w3hf-2 jWPEtj styled__Text-sc-8qlq5b-1 lnaeiZ beans-price__text">£2.00</p><p class="styled__StyledFootnote-sc-119w3hf-7 icrlVF styled__Subtext-sc-8qlq5b-2 bNJmdc beans-price__subtext">£0.10/100ml</p></div><div class="base-components__RootElement-sc-1mosoyj-1 styled__Container-vtxwzb-0 jptQqM bDFhXJ beans-buybox__actions beans-quantity-controls__container"><div class="base-components__RootElement-sc-1mosoyj-1 styled__Container-sc-16t2b2a-0 jptQqM PUfgZ styled__StyledFormGroup-vtxwzb-1 kzKuAr beans-quantity-controls__form-group beans-form-group__container"><label class="styled__StyledLabel-sc-1ttuvhr-0 izGEjV beans-form-group__label beans-label" for="quantity-controls-258056066">Quantity controls </label><div class="base-components__BaseElement-sc-1mosoyj-0 styled__Children-sc-16t2b2a-3 oznwo gdJvjO beans-form-group__children"><div class="styled__StyledQuantityControlWrapper-vtxwzb-6 LCxOg"><label id="quantity-controls-258056066-label" class="styled__VisuallyHiddenLabel-vtxwzb-7 gXlLiM">Quantity of Pepsi Max Cola Bottle</label><div class="component__Wrapper-sc-1kpmik-3 dReplG input-wrapper"><input class="base-components__RootElement-sc-1mosoyj-1 styled__StyledInput-sc-1jd5f57-0 component__StyledAsInput-sc-1kpmik-4 jptQqM eJLlow styled__StyledInput-vtxwzb-3 lwMHo beans-quantity-controls__input beans-input" data-auto="beans-quantity-controls-input" autocomplete="off" id="quantity-controls-258056066" maxlength="2" name="newValue" type="number" aria-labelledby="quantity-controls-258056066-label" value="1"></div></div><button class="styled__BaseButton-rsekm1-0 styled__PrimaryButton-rsekm1-2 jChbeY geeWOF styled__StyledButton-vtxwzb-5 japAxb beans-quantity-controls__add-button beans-button__container" type="submit" data-auto="beans-quantity-controls-add-button" aria-label="Quantity of Pepsi Max Cola Bottle"><span class="base-components__BaseElement-sc-1mosoyj-0 styled__InnerContainer-rsekm1-1 oznwo fuFres beans-button__inner-container"><span class="base-components__BaseElement-sc-1mosoyj-0 styled__TextSpan-rsekm1-4 oznwo GDiMp beans-button__text">Add</span></span></button></div></div></div></div></div><input name="_csrf" type="hidden" value="0WbpBJF9-cS-fAMl-ByHnl5hECj1JaZiBQ20"></form></div></div></div></div></div><div class="hidden-medium product-info-section-small"><div class="product-info-message-list"></div></div></div><div class="styles__StyledPromotionsMobile-dvv1wj-6 Bxaeb"><div><div class="styles__StyledPromotionsWithClubcardPriceContainer-sc-1vdpoop-0 bsPFbn"><div class="styles__StyledClubcardLogo-sc-1vdpoop-2 elOZEB"><div class="styles__Wrapper-sc-1d2phhy-0 hgBuQG undefined special-offer-sash"><span class="styles__CircleWrapper-sc-1d2phhy-2 hCbzjm"><strong class="styles__TextWrapper-sc-1d2phhy-1 bLXNGg">Clubcard Price</strong></span></div></div><a href="https://www.tesco.com/groceries/en-GB/promotions/88613983"><div class="styles__ProductPromotionStyling-sc-1vdpoop-3 WGKAK"><div class="styles__StyledPromotionsOfferContent-sc-1vdpoop-1 cPSekc"><span class="offer-text">Any 2 for £3.50 Clubcard Price - Selected Pepsi Max Or Pepsi Diet 2l </span></div><span class="dates">Offer valid for delivery from 16/11/2022 until 29/11/2022</span></div></a></div></div></div></div></div></div></li><li class="product-list--list-item"><div class="styles__StyledVerticalTileWrapper-dvv1wj-0 dtCNPH"><div data-auto="product-tile" data-auto-type="Quantity" data-auto-available="true" data-auto-is-restricted-disabled="false" data-auto-is-substitute="false" class="styles__StyledVerticalTile-dvv1wj-1 gSCsYK"><div class="styles__StyledTileContentWrapper-dvv1wj-2 bkNhNP beans"><div id="tile-259738623" data-auto-id="259738623" class="styles__StyledTiledContent-dvv1wj-3 bcglTg"><a href="https://www.tesco.com/groceries/en-GB/products/259738623" aria-hidden="true" class="product-image-wrapper" tabindex="1"><div class="product-image__container"><picture><img class="styled__Image-sjvkdn-0 bJErKA product-image beans-responsive-image__image" src="./tesco_html_brand_drinks_files/7d4427bd-3ba7-47c0-80d3-bec5d274098e_1009570356.jpeg" srcset="https://digitalcontent.api.tesco.com/v2/media/ghs/5f439d6c-0a87-4794-8e94-7e019e703ce0/7d4427bd-3ba7-47c0-80d3-bec5d274098e_1009570356.jpeg?h=225&amp;w=225 768w, https://digitalcontent.api.tesco.com/v2/media/ghs/5f439d6c-0a87-4794-8e94-7e019e703ce0/7d4427bd-3ba7-47c0-80d3-bec5d274098e_1009570356.jpeg?h=225&amp;w=225 4000w" alt="Nestle Pure Life Water 12X500ml"></picture></div></a><div class="product-details--wrapper"><h3 class="styles__H3-oa5soe-0 bCKNNq"><a href="https://www.tesco.com/groceries/en-GB/products/259738623" class="styled__Anchor-sc-1xbujuz-0 csVOnh beans-link__anchor" data-auto="product-tile--title"><span class="styled__Text-sc-1xbujuz-1 ldbwMG beans-link__text">Nestle Pure Life Water 12X500ml</span></a></h3><div class="styles__StyledPromotionsAboveMobile-dvv1wj-7 iPTMuo"></div><div class="styles__StyledProductDetailsContent-dvv1wj-5 ddRSrq"><a href="https://www.tesco.com/groceries/en-GB/reviews/submission/259738623?from=%2Fshop%2Fdrinks%2Fall" aria-label="Write a review for Nestle Pure Life Water 12X500ml" class="styled__Anchor-sc-1xbujuz-0 jSzuDt write-a-review-link beans-link__anchor" data-auto="review-link"><span class="styled__Text-sc-1xbujuz-1 fyDIEo beans-link__text">Write a review</span><span class="styled__IconContainer-sc-1xbujuz-2 bSauSL beans-link__icon-container"><svg aria-hidden="true" class="styled__SVG-xxa4wh-1 hQMCqc beans-link__icon beans-icon__svg" height="13.33" preserveAspectRatio="xMinYMax meet" viewBox="-1 0 12 20" width="8" xmlns="http://www.w3.org/2000/svg" color="currentColor"><path d="M1.312 1.348L10.276 10l-8.964 8.644" fill="none" stroke="currentColor"></path></svg></span></a><div><a href="https://www.tesco.com/groceries/en-GB/shop/drinks/water/still-water/small-still-water" class="styled__Anchor-sc-1xbujuz-0 jSzuDt rest-of-shelf-link beans-link__anchor" data-auto="rest-of-shelf-link"><span class="styled__Text-sc-1xbujuz-1 fyDIEo beans-link__text">Rest of <span class="visually-hidden">Small Still Water</span> shelf</span><span class="styled__IconContainer-sc-1xbujuz-2 bSauSL beans-link__icon-container"><svg aria-hidden="true" class="styled__SVG-xxa4wh-1 hQMCqc beans-link__icon beans-icon__svg" height="13.33" preserveAspectRatio="xMinYMax meet" viewBox="-1 0 12 20" width="8" xmlns="http://www.w3.org/2000/svg" color="currentColor"><path d="M1.312 1.348L10.276 10l-8.964 8.644" fill="none" stroke="currentColor"></path></svg></span></a></div><div class="product-info-message-section"><div class="product-info-message-list"></div></div></div><div class="styles__StyledBuyBoxWrapper-dvv1wj-4 dSvjUC"><div class="styles__StyledBuyBoxContainer-sc-1wx0qp6-0 erryje" data-auto="buybox-container"><div class="styles__SafeFormWrapper-jtpu2t-0 lcrYKS"><form action="https://www.tesco.com/groceries/en-GB/trolley/items/259738623?_method=PUT" method="POST"><input type="submit" class="hidden"><input name="id" type="hidden" value="259738623"><input name="identifier" type="hidden" value="Page"><input name="anchorId" type="hidden" value="#tile-259738623"><input name="returnUrl" type="hidden" value="/groceries/en-GB/shop/drinks/all?redirectIfUnavailable=true#tile-259738623"><input name="backToUrl" type="hidden" value="#"><input name="oldValue" type="hidden" value="0"><input name="oldUnitChoice" type="hidden" value="pcs"><input name="newUnitChoice" type="hidden" value="pcs"><div class="base-components__RootElement-sc-1mosoyj-1 styled__Container-sc-6nhkzi-0 jptQqM hSNpTb beans-buybox__container"><div class="base-components__BaseElement-sc-1mosoyj-0 styled__PriceAndActions-sc-6nhkzi-3 oznwo eEPLov beans-buybox__price-and-actions"><div class="base-components__RootElement-sc-1mosoyj-1 styled__Container-sc-8qlq5b-0 jptQqM bgZrjw styled__StyledPrice-sc-6nhkzi-5 iYHeik beans-buybox__price beans-price__container"><p class="styled__StyledHeading-sc-119w3hf-2 jWPEtj styled__Text-sc-8qlq5b-1 lnaeiZ beans-price__text">£2.15</p><p class="styled__StyledFootnote-sc-119w3hf-7 icrlVF styled__Subtext-sc-8qlq5b-2 bNJmdc beans-price__subtext">£0.04/100ml</p></div><div class="base-components__RootElement-sc-1mosoyj-1 styled__Container-vtxwzb-0 jptQqM bDFhXJ beans-buybox__actions beans-quantity-controls__container"><div class="base-components__RootElement-sc-1mosoyj-1 styled__Container-sc-16t2b2a-0 jptQqM PUfgZ styled__StyledFormGroup-vtxwzb-1 kzKuAr beans-quantity-controls__form-group beans-form-group__container"><label class="styled__StyledLabel-sc-1ttuvhr-0 izGEjV beans-form-group__label beans-label" for="quantity-controls-259738623">Quantity controls </label><div class="base-components__BaseElement-sc-1mosoyj-0 styled__Children-sc-16t2b2a-3 oznwo gdJvjO beans-form-group__children"><div class="styled__StyledQuantityControlWrapper-vtxwzb-6 LCxOg"><label id="quantity-controls-259738623-label" class="styled__VisuallyHiddenLabel-vtxwzb-7 gXlLiM">Quantity of Nestle Pure Life Water 12X500ml</label><div class="component__Wrapper-sc-1kpmik-3 dReplG input-wrapper"><input class="base-components__RootElement-sc-1mosoyj-1 styled__StyledInput-sc-1jd5f57-0 component__StyledAsInput-sc-1kpmik-4 jptQqM eJLlow styled__StyledInput-vtxwzb-3 lwMHo beans-quantity-controls__input beans-input" data-auto="beans-quantity-controls-input" autocomplete="off" id="quantity-controls-259738623" maxlength="2" name="newValue" type="number" aria-labelledby="quantity-controls-259738623-label" value="1"></div></div><button class="styled__BaseButton-rsekm1-0 styled__PrimaryButton-rsekm1-2 jChbeY geeWOF styled__StyledButton-vtxwzb-5 japAxb beans-quantity-controls__add-button beans-button__container" type="submit" data-auto="beans-quantity-controls-add-button" aria-label="Quantity of Nestle Pure Life Water 12X500ml"><span class="base-components__BaseElement-sc-1mosoyj-0 styled__InnerContainer-rsekm1-1 oznwo fuFres beans-button__inner-container"><span class="base-components__BaseElement-sc-1mosoyj-0 styled__TextSpan-rsekm1-4 oznwo GDiMp beans-button__text">Add</span></span></button></div></div></div></div></div><input name="_csrf" type="hidden" value="0WbpBJF9-cS-fAMl-ByHnl5hECj1JaZiBQ20"></form></div></div></div></div><div class="hidden-medium product-info-section-small"><div class="product-info-message-list"></div></div></div></div></div></div></li><li class="product-list--list-item"><div class="styles__StyledVerticalTileWrapper-dvv1wj-0 dtCNPH"><div data-auto="product-tile" data-auto-type="Quantity" data-auto-available="true" data-auto-is-restricted-disabled="false" data-auto-is-substitute="false" class="styles__StyledVerticalTile-dvv1wj-1 gSCsYK"><div class="styles__StyledTileContentWrapper-dvv1wj-2 bkNhNP beans"><div id="tile-254859580" data-auto-id="254859580" class="styles__StyledTiledContent-dvv1wj-3 bcglTg"><a href="https://www.tesco.com/groceries/en-GB/products/254859580" aria-hidden="true" class="product-image-wrapper" tabindex="1"><div class="product-image__container"><picture><img class="styled__Image-sjvkdn-0 bJErKA product-image beans-responsive-image__image" src="./tesco_html_brand_drinks_files/b6d2d5ce-3958-469e-84e4-5613eff80d9d_1985060341.jpeg" srcset="https://digitalcontent.api.tesco.com/v2/media/ghs/2d1b2d1c-8c0f-471b-bc37-2dd1988259a1/b6d2d5ce-3958-469e-84e4-5613eff80d9d_1985060341.jpeg?h=225&amp;w=225 768w, https://digitalcontent.api.tesco.com/v2/media/ghs/2d1b2d1c-8c0f-471b-bc37-2dd1988259a1/b6d2d5ce-3958-469e-84e4-5613eff80d9d_1985060341.jpeg?h=225&amp;w=225 4000w" alt="Tesco Pure Apple Juice 1 Litre"></picture></div></a><div class="product-details--wrapper"><h3 class="styles__H3-oa5soe-0 bCKNNq"><a href="https://www.tesco.com/groceries/en-GB/products/254859580" class="styled__Anchor-sc-1xbujuz-0 csVOnh beans-link__anchor" data-auto="product-tile--title"><span class="styled__Text-sc-1xbujuz-1 ldbwMG beans-link__text">Tesco Pure Apple Juice 1 Litre</span></a></h3><div class="styles__StyledProductDetailsContent-dvv1wj-5 ddRSrq"><a href="https://www.tesco.com/groceries/en-GB/reviews/submission/254859580?from=%2Fshop%2Fdrinks%2Fall" aria-label="Write a review for Tesco Pure Apple Juice 1 Litre" class="styled__Anchor-sc-1xbujuz-0 jSzuDt write-a-review-link beans-link__anchor" data-auto="review-link"><span class="styled__Text-sc-1xbujuz-1 fyDIEo beans-link__text">Write a review</span><span class="styled__IconContainer-sc-1xbujuz-2 bSauSL beans-link__icon-container"><svg aria-hidden="true" class="styled__SVG-xxa4wh-1 hQMCqc beans-link__icon beans-icon__svg" height="13.33" preserveAspectRatio="xMinYMax meet" viewBox="-1 0 12 20" width="8" xmlns="http://www.w3.org/2000/svg" color="currentColor"><path d="M1.312 1.348L10.276 10l-8.964 8.644" fill="none" stroke="currentColor"></path></svg></span></a><div><a href="https://www.tesco.com/groceries/en-GB/shop/drinks/juices-and-smoothies/long-life-juice/long-life-apple-juice" class="styled__Anchor-sc-1xbujuz-0 jSzuDt rest-of-shelf-link beans-link__anchor" data-auto="rest-of-shelf-link"><span class="styled__Text-sc-1xbujuz-1 fyDIEo beans-link__text">Rest of <span class="visually-hidden">Long Life Apple Juice</span> shelf</span><span class="styled__IconContainer-sc-1xbujuz-2 bSauSL beans-link__icon-container"><svg aria-hidden="true" class="styled__SVG-xxa4wh-1 hQMCqc beans-link__icon beans-icon__svg" height="13.33" preserveAspectRatio="xMinYMax meet" viewBox="-1 0 12 20" width="8" xmlns="http://www.w3.org/2000/svg" color="currentColor"><path d="M1.312 1.348L10.276 10l-8.964 8.644" fill="none" stroke="currentColor"></path></svg></span></a></div><div class="product-info-message-section"><div class="product-info-message-list"></div></div></div><div class="styles__StyledPromotionsWithBuyBoxWrapper-dvv1wj-8 cZskDh"><div class="styles__StyledPromotionsAboveMobile-dvv1wj-7 iPTMuo"><div class="styles__StyledPromotionsWithClubcardPriceContainer-sc-1vdpoop-0 bsPFbn"><div class="styles__StyledClubcardLogo-sc-1vdpoop-2 elOZEB"><div class="styles__Wrapper-sc-1d2phhy-0 hgBuQG undefined special-offer-sash"><span class="styles__CircleWrapper-sc-1d2phhy-2 hCbzjm"><strong class="styles__TextWrapper-sc-1d2phhy-1 bLXNGg">Clubcard Price</strong></span></div></div><a href="https://www.tesco.com/groceries/en-GB/promotions/88596985"><div class="styles__ProductPromotionStyling-sc-1vdpoop-3 WGKAK"><div class="styles__StyledPromotionsOfferContent-sc-1vdpoop-1 cPSekc"><span class="offer-text">Any 4 for £3.50 Clubcard Price - Tesco Orange Or Apple Juice 1 Litre</span></div><span class="dates">Offer valid for delivery from 17/10/2022 until 31/12/2023</span></div></a></div></div><div class="styles__StyledBuyBoxWrapper-dvv1wj-4 dSvjUC"><div class="styles__StyledBuyBoxContainer-sc-1wx0qp6-0 erryje" data-auto="buybox-container"><div class="styles__SafeFormWrapper-jtpu2t-0 lcrYKS"><form action="https://www.tesco.com/groceries/en-GB/trolley/items/254859580?_method=PUT" method="POST"><input type="submit" class="hidden"><input name="id" type="hidden" value="254859580"><input name="identifier" type="hidden" value="Page"><input name="anchorId" type="hidden" value="#tile-254859580"><input name="returnUrl" type="hidden" value="/groceries/en-GB/shop/drinks/all?redirectIfUnavailable=true#tile-254859580"><input name="backToUrl" type="hidden" value="#"><input name="oldValue" type="hidden" value="0"><input name="oldUnitChoice" type="hidden" value="pcs"><input name="newUnitChoice" type="hidden" value="pcs"><div class="base-components__RootElement-sc-1mosoyj-1 styled__Container-sc-6nhkzi-0 jptQqM hSNpTb beans-buybox__container"><div class="base-components__BaseElement-sc-1mosoyj-0 styled__PriceAndActions-sc-6nhkzi-3 oznwo eEPLov beans-buybox__price-and-actions"><div class="base-components__RootElement-sc-1mosoyj-1 styled__Container-sc-8qlq5b-0 jptQqM bgZrjw styled__StyledPrice-sc-6nhkzi-5 iYHeik beans-buybox__price beans-price__container"><p class="styled__StyledHeading-sc-119w3hf-2 jWPEtj styled__Text-sc-8qlq5b-1 lnaeiZ beans-price__text">£1.00</p><p class="styled__StyledFootnote-sc-119w3hf-7 icrlVF styled__Subtext-sc-8qlq5b-2 bNJmdc beans-price__subtext">£0.10/100ml</p></div><div class="base-components__RootElement-sc-1mosoyj-1 styled__Container-vtxwzb-0 jptQqM bDFhXJ beans-buybox__actions beans-quantity-controls__container"><div class="base-components__RootElement-sc-1mosoyj-1 styled__Container-sc-16t2b2a-0 jptQqM PUfgZ styled__StyledFormGroup-vtxwzb-1 kzKuAr beans-quantity-controls__form-group beans-form-group__container"><label class="styled__StyledLabel-sc-1ttuvhr-0 izGEjV beans-form-group__label beans-label" for="quantity-controls-254859580">Quantity controls </label><div class="base-components__BaseElement-sc-1mosoyj-0 styled__Children-sc-16t2b2a-3 oznwo gdJvjO beans-form-group__children"><div class="styled__StyledQuantityControlWrapper-vtxwzb-6 LCxOg"><label id="quantity-controls-254859580-label" class="styled__VisuallyHiddenLabel-vtxwzb-7 gXlLiM">Quantity of Tesco Pure Apple Juice 1 Litre</label><div class="component__Wrapper-sc-1kpmik-3 dReplG input-wrapper"><input class="base-components__RootElement-sc-1mosoyj-1 styled__StyledInput-sc-1jd5f57-0 component__StyledAsInput-sc-1kpmik-4 jptQqM eJLlow styled__StyledInput-vtxwzb-3 lwMHo beans-quantity-controls__input beans-input" data-auto="beans-quantity-controls-input" autocomplete="off" id="quantity-controls-254859580" maxlength="2" name="newValue" type="number" aria-labelledby="quantity-controls-254859580-label" value="1"></div></div><button class="styled__BaseButton-rsekm1-0 styled__PrimaryButton-rsekm1-2 jChbeY geeWOF styled__StyledButton-vtxwzb-5 japAxb beans-quantity-controls__add-button beans-button__container" type="submit" data-auto="beans-quantity-controls-add-button" aria-label="Quantity of Tesco Pure Apple Juice 1 Litre"><span class="base-components__BaseElement-sc-1mosoyj-0 styled__InnerContainer-rsekm1-1 oznwo fuFres beans-button__inner-container"><span class="base-components__BaseElement-sc-1mosoyj-0 styled__TextSpan-rsekm1-4 oznwo GDiMp beans-button__text">Add</span></span></button></div></div></div></div></div><input name="_csrf" type="hidden" value="0WbpBJF9-cS-fAMl-ByHnl5hECj1JaZiBQ20"></form></div></div></div></div></div><div class="hidden-medium product-info-section-small"><div class="product-info-message-list"></div></div></div><div class="styles__StyledPromotionsMobile-dvv1wj-6 Bxaeb"><div><div class="styles__StyledPromotionsWithClubcardPriceContainer-sc-1vdpoop-0 bsPFbn"><div class="styles__StyledClubcardLogo-sc-1vdpoop-2 elOZEB"><div class="styles__Wrapper-sc-1d2phhy-0 hgBuQG undefined special-offer-sash"><span class="styles__CircleWrapper-sc-1d2phhy-2 hCbzjm"><strong class="styles__TextWrapper-sc-1d2phhy-1 bLXNGg">Clubcard Price</strong></span></div></div><a href="https://www.tesco.com/groceries/en-GB/promotions/88596985"><div class="styles__ProductPromotionStyling-sc-1vdpoop-3 WGKAK"><div class="styles__StyledPromotionsOfferContent-sc-1vdpoop-1 cPSekc"><span class="offer-text">Any 4 for £3.50 Clubcard Price - Tesco Orange Or Apple Juice 1 Litre</span></div><span class="dates">Offer valid for delivery from 17/10/2022 until 31/12/2023</span></div></a></div></div></div></div></div></div></li><li class="product-list--list-item"><div class="styles__StyledVerticalTileWrapper-dvv1wj-0 dtCNPH"><div data-auto="product-tile" data-auto-type="Quantity" data-auto-available="true" data-auto-is-restricted-disabled="false" data-auto-is-substitute="false" class="styles__StyledVerticalTile-dvv1wj-1 gSCsYK"><div class="styles__StyledTileContentWrapper-dvv1wj-2 bkNhNP beans"><div id="tile-254857357" data-auto-id="254857357" class="styles__StyledTiledContent-dvv1wj-3 bcglTg"><a href="https://www.tesco.com/groceries/en-GB/products/254857357" aria-hidden="true" class="product-image-wrapper" tabindex="1"><div class="product-image__container"><picture><img class="styled__Image-sjvkdn-0 bJErKA product-image beans-responsive-image__image" src="./tesco_html_brand_drinks_files/6bd5b1ab-eee7-488f-897e-57f93ce0f8c8_1498988729.jpeg" srcset="https://digitalcontent.api.tesco.com/v2/media/ghs/419be571-d71a-4f2b-a963-349ece833966/6bd5b1ab-eee7-488f-897e-57f93ce0f8c8_1498988729.jpeg?h=225&amp;w=225 768w, https://digitalcontent.api.tesco.com/v2/media/ghs/419be571-d71a-4f2b-a963-349ece833966/6bd5b1ab-eee7-488f-897e-57f93ce0f8c8_1498988729.jpeg?h=225&amp;w=225 4000w" alt="Tesco Soda Water 1 Litre"></picture></div></a><div class="product-details--wrapper"><h3 class="styles__H3-oa5soe-0 bCKNNq"><a href="https://www.tesco.com/groceries/en-GB/products/254857357" class="styled__Anchor-sc-1xbujuz-0 csVOnh beans-link__anchor" data-auto="product-tile--title"><span class="styled__Text-sc-1xbujuz-1 ldbwMG beans-link__text">Tesco Soda Water 1 Litre</span></a></h3><div class="styles__StyledPromotionsAboveMobile-dvv1wj-7 iPTMuo"></div><div class="styles__StyledProductDetailsContent-dvv1wj-5 ddRSrq"><a href="https://www.tesco.com/groceries/en-GB/reviews/submission/254857357?from=%2Fshop%2Fdrinks%2Fall" aria-label="Write a review for Tesco Soda Water 1 Litre" class="styled__Anchor-sc-1xbujuz-0 jSzuDt write-a-review-link beans-link__anchor" data-auto="review-link"><span class="styled__Text-sc-1xbujuz-1 fyDIEo beans-link__text">Write a review</span><span class="styled__IconContainer-sc-1xbujuz-2 bSauSL beans-link__icon-container"><svg aria-hidden="true" class="styled__SVG-xxa4wh-1 hQMCqc beans-link__icon beans-icon__svg" height="13.33" preserveAspectRatio="xMinYMax meet" viewBox="-1 0 12 20" width="8" xmlns="http://www.w3.org/2000/svg" color="currentColor"><path d="M1.312 1.348L10.276 10l-8.964 8.644" fill="none" stroke="currentColor"></path></svg></span></a><div><a href="https://www.tesco.com/groceries/en-GB/shop/drinks/adult-soft-drinks-and-mixers/tonic-and-mixers/tonic-and-soda-water" class="styled__Anchor-sc-1xbujuz-0 jSzuDt rest-of-shelf-link beans-link__anchor" data-auto="rest-of-shelf-link"><span class="styled__Text-sc-1xbujuz-1 fyDIEo beans-link__text">Rest of <span class="visually-hidden">Tonic &amp; Soda Water</span> shelf</span><span class="styled__IconContainer-sc-1xbujuz-2 bSauSL beans-link__icon-container"><svg aria-hidden="true" class="styled__SVG-xxa4wh-1 hQMCqc beans-link__icon beans-icon__svg" height="13.33" preserveAspectRatio="xMinYMax meet" viewBox="-1 0 12 20" width="8" xmlns="http://www.w3.org/2000/svg" color="currentColor"><path d="M1.312 1.348L10.276 10l-8.964 8.644" fill="none" stroke="currentColor"></path></svg></span></a></div><div class="product-info-message-section"><div class="product-info-message-list"></div></div></div><div class="styles__StyledBuyBoxWrapper-dvv1wj-4 dSvjUC"><div class="styles__StyledBuyBoxContainer-sc-1wx0qp6-0 erryje" data-auto="buybox-container"><div class="styles__SafeFormWrapper-jtpu2t-0 lcrYKS"><form action="https://www.tesco.com/groceries/en-GB/trolley/items/254857357?_method=PUT" method="POST"><input type="submit" class="hidden"><input name="id" type="hidden" value="254857357"><input name="identifier" type="hidden" value="Page"><input name="anchorId" type="hidden" value="#tile-254857357"><input name="returnUrl" type="hidden" value="/groceries/en-GB/shop/drinks/all?redirectIfUnavailable=true#tile-254857357"><input name="backToUrl" type="hidden" value="#"><input name="oldValue" type="hidden" value="0"><input name="oldUnitChoice" type="hidden" value="pcs"><input name="newUnitChoice" type="hidden" value="pcs"><div class="base-components__RootElement-sc-1mosoyj-1 styled__Container-sc-6nhkzi-0 jptQqM hSNpTb beans-buybox__container"><div class="base-components__BaseElement-sc-1mosoyj-0 styled__PriceAndActions-sc-6nhkzi-3 oznwo eEPLov beans-buybox__price-and-actions"><div class="base-components__RootElement-sc-1mosoyj-1 styled__Container-sc-8qlq5b-0 jptQqM bgZrjw styled__StyledPrice-sc-6nhkzi-5 iYHeik beans-buybox__price beans-price__container"><p class="styled__StyledHeading-sc-119w3hf-2 jWPEtj styled__Text-sc-8qlq5b-1 lnaeiZ beans-price__text">£0.70</p><p class="styled__StyledFootnote-sc-119w3hf-7 icrlVF styled__Subtext-sc-8qlq5b-2 bNJmdc beans-price__subtext">£0.07/100ml</p></div><div class="base-components__RootElement-sc-1mosoyj-1 styled__Container-vtxwzb-0 jptQqM bDFhXJ beans-buybox__actions beans-quantity-controls__container"><div class="base-components__RootElement-sc-1mosoyj-1 styled__Container-sc-16t2b2a-0 jptQqM PUfgZ styled__StyledFormGroup-vtxwzb-1 kzKuAr beans-quantity-controls__form-group beans-form-group__container"><label class="styled__StyledLabel-sc-1ttuvhr-0 izGEjV beans-form-group__label beans-label" for="quantity-controls-254857357">Quantity controls </label><div class="base-components__BaseElement-sc-1mosoyj-0 styled__Children-sc-16t2b2a-3 oznwo gdJvjO beans-form-group__children"><div class="styled__StyledQuantityControlWrapper-vtxwzb-6 LCxOg"><label id="quantity-controls-254857357-label" class="styled__VisuallyHiddenLabel-vtxwzb-7 gXlLiM">Quantity of Tesco Soda Water 1 Litre</label><div class="component__Wrapper-sc-1kpmik-3 dReplG input-wrapper"><input class="base-components__RootElement-sc-1mosoyj-1 styled__StyledInput-sc-1jd5f57-0 component__StyledAsInput-sc-1kpmik-4 jptQqM eJLlow styled__StyledInput-vtxwzb-3 lwMHo beans-quantity-controls__input beans-input" data-auto="beans-quantity-controls-input" autocomplete="off" id="quantity-controls-254857357" maxlength="2" name="newValue" type="number" aria-labelledby="quantity-controls-254857357-label" value="1"></div></div><button class="styled__BaseButton-rsekm1-0 styled__PrimaryButton-rsekm1-2 jChbeY geeWOF styled__StyledButton-vtxwzb-5 japAxb beans-quantity-controls__add-button beans-button__container" type="submit" data-auto="beans-quantity-controls-add-button" aria-label="Quantity of Tesco Soda Water 1 Litre"><span class="base-components__BaseElement-sc-1mosoyj-0 styled__InnerContainer-rsekm1-1 oznwo fuFres beans-button__inner-container"><span class="base-components__BaseElement-sc-1mosoyj-0 styled__TextSpan-rsekm1-4 oznwo GDiMp beans-button__text">Add</span></span></button></div></div></div></div></div><input name="_csrf" type="hidden" value="0WbpBJF9-cS-fAMl-ByHnl5hECj1JaZiBQ20"></form></div></div></div></div><div class="hidden-medium product-info-section-small"><div class="product-info-message-list"></div></div></div></div></div></div></li><li class="product-list--list-item"><div class="styles__StyledVerticalTileWrapper-dvv1wj-0 dtCNPH"><div data-auto="product-tile" data-auto-type="Quantity" data-auto-available="true" data-auto-is-restricted-disabled="false" data-auto-is-substitute="false" class="styles__StyledVerticalTile-dvv1wj-1 gSCsYK"><div class="styles__StyledTileContentWrapper-dvv1wj-2 bkNhNP beans"><div id="tile-260507026" data-auto-id="260507026" class="styles__StyledTiledContent-dvv1wj-3 bcglTg"><a href="https://www.tesco.com/groceries/en-GB/products/260507026" aria-hidden="true" class="product-image-wrapper" tabindex="1"><div class="product-image__container"><picture><img class="styled__Image-sjvkdn-0 bJErKA product-image beans-responsive-image__image" src="./tesco_html_brand_drinks_files/513062c2-3892-4b35-a6f0-44f8324c339c_1830141470.jpeg" srcset="https://digitalcontent.api.tesco.com/v2/media/ghs/57e7c7fd-2218-4cab-9975-84e029133f02/513062c2-3892-4b35-a6f0-44f8324c339c_1830141470.jpeg?h=225&amp;w=225 768w, https://digitalcontent.api.tesco.com/v2/media/ghs/57e7c7fd-2218-4cab-9975-84e029133f02/513062c2-3892-4b35-a6f0-44f8324c339c_1830141470.jpeg?h=225&amp;w=225 4000w" alt="Coca Cola Zero 2 Litre"></picture></div></a><div class="product-details--wrapper"><h3 class="styles__H3-oa5soe-0 bCKNNq"><a href="https://www.tesco.com/groceries/en-GB/products/260507026" class="styled__Anchor-sc-1xbujuz-0 csVOnh beans-link__anchor" data-auto="product-tile--title"><span class="styled__Text-sc-1xbujuz-1 ldbwMG beans-link__text">Coca Cola Zero 2 Litre</span></a></h3><div class="styles__StyledProductDetailsContent-dvv1wj-5 ddRSrq"><a href="https://www.tesco.com/groceries/en-GB/reviews/submission/260507026?from=%2Fshop%2Fdrinks%2Fall" aria-label="Write a review for Coca Cola Zero 2 Litre" class="styled__Anchor-sc-1xbujuz-0 jSzuDt write-a-review-link beans-link__anchor" data-auto="review-link"><span class="styled__Text-sc-1xbujuz-1 fyDIEo beans-link__text">Write a review</span><span class="styled__IconContainer-sc-1xbujuz-2 bSauSL beans-link__icon-container"><svg aria-hidden="true" class="styled__SVG-xxa4wh-1 hQMCqc beans-link__icon beans-icon__svg" height="13.33" preserveAspectRatio="xMinYMax meet" viewBox="-1 0 12 20" width="8" xmlns="http://www.w3.org/2000/svg" color="currentColor"><path d="M1.312 1.348L10.276 10l-8.964 8.644" fill="none" stroke="currentColor"></path></svg></span></a><div><a href="https://www.tesco.com/groceries/en-GB/shop/drinks/fizzy-and-soft-drinks/cola/sugar-free-cola" class="styled__Anchor-sc-1xbujuz-0 jSzuDt rest-of-shelf-link beans-link__anchor" data-auto="rest-of-shelf-link"><span class="styled__Text-sc-1xbujuz-1 fyDIEo beans-link__text">Rest of <span class="visually-hidden">Sugar Free Cola</span> shelf</span><span class="styled__IconContainer-sc-1xbujuz-2 bSauSL beans-link__icon-container"><svg aria-hidden="true" class="styled__SVG-xxa4wh-1 hQMCqc beans-link__icon beans-icon__svg" height="13.33" preserveAspectRatio="xMinYMax meet" viewBox="-1 0 12 20" width="8" xmlns="http://www.w3.org/2000/svg" color="currentColor"><path d="M1.312 1.348L10.276 10l-8.964 8.644" fill="none" stroke="currentColor"></path></svg></span></a></div><div class="product-info-message-section"><div class="product-info-message-list"></div></div></div><div class="styles__StyledPromotionsWithBuyBoxWrapper-dvv1wj-8 cZskDh"><div class="styles__StyledPromotionsAboveMobile-dvv1wj-7 iPTMuo"><div class="styles__StyledPromotionsWithClubcardPriceContainer-sc-1vdpoop-0 bsPFbn"><div class="styles__StyledClubcardLogo-sc-1vdpoop-2 elOZEB"><div class="styles__Wrapper-sc-1d2phhy-0 hgBuQG undefined special-offer-sash"><span class="styles__CircleWrapper-sc-1d2phhy-2 hCbzjm"><strong class="styles__TextWrapper-sc-1d2phhy-1 bLXNGg">Clubcard Price</strong></span></div></div><a href="https://www.tesco.com/groceries/en-GB/promotions/88602852"><div class="styles__ProductPromotionStyling-sc-1vdpoop-3 WGKAK"><div class="styles__StyledPromotionsOfferContent-sc-1vdpoop-1 cPSekc"><span class="offer-text">Any 2 for £3.50 Clubcard Price - Selected Diet Coke Or Zero Drinks 2 Litre</span></div><span class="dates">Offer valid for delivery from 26/10/2022 until 27/12/2022</span></div></a></div></div><div class="styles__StyledBuyBoxWrapper-dvv1wj-4 dSvjUC"><div class="styles__StyledBuyBoxContainer-sc-1wx0qp6-0 erryje" data-auto="buybox-container"><div class="styles__SafeFormWrapper-jtpu2t-0 lcrYKS"><form action="https://www.tesco.com/groceries/en-GB/trolley/items/260507026?_method=PUT" method="POST"><input type="submit" class="hidden"><input name="id" type="hidden" value="260507026"><input name="identifier" type="hidden" value="Page"><input name="anchorId" type="hidden" value="#tile-260507026"><input name="returnUrl" type="hidden" value="/groceries/en-GB/shop/drinks/all?redirectIfUnavailable=true#tile-260507026"><input name="backToUrl" type="hidden" value="#"><input name="oldValue" type="hidden" value="0"><input name="oldUnitChoice" type="hidden" value="pcs"><input name="newUnitChoice" type="hidden" value="pcs"><div class="base-components__RootElement-sc-1mosoyj-1 styled__Container-sc-6nhkzi-0 jptQqM hSNpTb beans-buybox__container"><div class="base-components__BaseElement-sc-1mosoyj-0 styled__PriceAndActions-sc-6nhkzi-3 oznwo eEPLov beans-buybox__price-and-actions"><div class="base-components__RootElement-sc-1mosoyj-1 styled__Container-sc-8qlq5b-0 jptQqM bgZrjw styled__StyledPrice-sc-6nhkzi-5 iYHeik beans-buybox__price beans-price__container"><p class="styled__StyledHeading-sc-119w3hf-2 jWPEtj styled__Text-sc-8qlq5b-1 lnaeiZ beans-price__text">£1.99</p><p class="styled__StyledFootnote-sc-119w3hf-7 icrlVF styled__Subtext-sc-8qlq5b-2 bNJmdc beans-price__subtext">£0.10/100ml</p></div><div class="base-components__RootElement-sc-1mosoyj-1 styled__Container-vtxwzb-0 jptQqM bDFhXJ beans-buybox__actions beans-quantity-controls__container"><div class="base-components__RootElement-sc-1mosoyj-1 styled__Container-sc-16t2b2a-0 jptQqM PUfgZ styled__StyledFormGroup-vtxwzb-1 kzKuAr beans-quantity-controls__form-group beans-form-group__container"><label class="styled__StyledLabel-sc-1ttuvhr-0 izGEjV beans-form-group__label beans-label" for="quantity-controls-260507026">Quantity controls </label><div class="base-components__BaseElement-sc-1mosoyj-0 styled__Children-sc-16t2b2a-3 oznwo gdJvjO beans-form-group__children"><div class="styled__StyledQuantityControlWrapper-vtxwzb-6 LCxOg"><label id="quantity-controls-260507026-label" class="styled__VisuallyHiddenLabel-vtxwzb-7 gXlLiM">Quantity of Coca Cola Zero 2 Litre</label><div class="component__Wrapper-sc-1kpmik-3 dReplG input-wrapper"><input class="base-components__RootElement-sc-1mosoyj-1 styled__StyledInput-sc-1jd5f57-0 component__StyledAsInput-sc-1kpmik-4 jptQqM eJLlow styled__StyledInput-vtxwzb-3 lwMHo beans-quantity-controls__input beans-input" data-auto="beans-quantity-controls-input" autocomplete="off" id="quantity-controls-260507026" maxlength="2" name="newValue" type="number" aria-labelledby="quantity-controls-260507026-label" value="1"></div></div><button class="styled__BaseButton-rsekm1-0 styled__PrimaryButton-rsekm1-2 jChbeY geeWOF styled__StyledButton-vtxwzb-5 japAxb beans-quantity-controls__add-button beans-button__container" type="submit" data-auto="beans-quantity-controls-add-button" aria-label="Quantity of Coca Cola Zero 2 Litre"><span class="base-components__BaseElement-sc-1mosoyj-0 styled__InnerContainer-rsekm1-1 oznwo fuFres beans-button__inner-container"><span class="base-components__BaseElement-sc-1mosoyj-0 styled__TextSpan-rsekm1-4 oznwo GDiMp beans-button__text">Add</span></span></button></div></div></div></div></div><input name="_csrf" type="hidden" value="0WbpBJF9-cS-fAMl-ByHnl5hECj1JaZiBQ20"></form></div></div></div></div></div><div class="hidden-medium product-info-section-small"><div class="product-info-message-list"></div></div></div><div class="styles__StyledPromotionsMobile-dvv1wj-6 Bxaeb"><div><div class="styles__StyledPromotionsWithClubcardPriceContainer-sc-1vdpoop-0 bsPFbn"><div class="styles__StyledClubcardLogo-sc-1vdpoop-2 elOZEB"><div class="styles__Wrapper-sc-1d2phhy-0 hgBuQG undefined special-offer-sash"><span class="styles__CircleWrapper-sc-1d2phhy-2 hCbzjm"><strong class="styles__TextWrapper-sc-1d2phhy-1 bLXNGg">Clubcard Price</strong></span></div></div><a href="https://www.tesco.com/groceries/en-GB/promotions/88602852"><div class="styles__ProductPromotionStyling-sc-1vdpoop-3 WGKAK"><div class="styles__StyledPromotionsOfferContent-sc-1vdpoop-1 cPSekc"><span class="offer-text">Any 2 for £3.50 Clubcard Price - Selected Diet Coke Or Zero Drinks 2 Litre</span></div><span class="dates">Offer valid for delivery from 26/10/2022 until 27/12/2022</span></div></a></div></div></div></div></div></div></li><li class="product-list--list-item"><div class="styles__StyledVerticalTileWrapper-dvv1wj-0 dtCNPH"><div data-auto="product-tile" data-auto-type="Quantity" data-auto-available="true" data-auto-is-restricted-disabled="false" data-auto-is-substitute="false" class="styles__StyledVerticalTile-dvv1wj-1 gSCsYK"><div class="styles__StyledTileContentWrapper-dvv1wj-2 bkNhNP beans"><div id="tile-297132631" data-auto-id="297132631" class="styles__StyledTiledContent-dvv1wj-3 bcglTg"><a href="https://www.tesco.com/groceries/en-GB/products/297132631" aria-hidden="true" class="product-image-wrapper" tabindex="1"><div class="product-image__container"><picture><img class="styled__Image-sjvkdn-0 bJErKA product-image beans-responsive-image__image" src="./tesco_html_brand_drinks_files/0d71805b-5cca-4252-bc5a-10b750b5b418_427742675.jpeg" srcset="https://digitalcontent.api.tesco.com/v2/media/ghs/bfa9b9ba-5f54-4f62-b87e-cd2addd17f29/0d71805b-5cca-4252-bc5a-10b750b5b418_427742675.jpeg?h=225&amp;w=225 768w, https://digitalcontent.api.tesco.com/v2/media/ghs/bfa9b9ba-5f54-4f62-b87e-cd2addd17f29/0d71805b-5cca-4252-bc5a-10b750b5b418_427742675.jpeg?h=225&amp;w=225 4000w" alt="Diet Coke 2L"></picture></div></a><div class="product-details--wrapper"><h3 class="styles__H3-oa5soe-0 bCKNNq"><a href="https://www.tesco.com/groceries/en-GB/products/297132631" class="styled__Anchor-sc-1xbujuz-0 csVOnh beans-link__anchor" data-auto="product-tile--title"><span class="styled__Text-sc-1xbujuz-1 ldbwMG beans-link__text">Diet Coke 2L</span></a></h3><div class="styles__StyledProductDetailsContent-dvv1wj-5 ddRSrq"><a href="https://www.tesco.com/groceries/en-GB/reviews/submission/297132631?from=%2Fshop%2Fdrinks%2Fall" aria-label="Write a review for Diet Coke 2L" class="styled__Anchor-sc-1xbujuz-0 jSzuDt write-a-review-link beans-link__anchor" data-auto="review-link"><span class="styled__Text-sc-1xbujuz-1 fyDIEo beans-link__text">Write a review</span><span class="styled__IconContainer-sc-1xbujuz-2 bSauSL beans-link__icon-container"><svg aria-hidden="true" class="styled__SVG-xxa4wh-1 hQMCqc beans-link__icon beans-icon__svg" height="13.33" preserveAspectRatio="xMinYMax meet" viewBox="-1 0 12 20" width="8" xmlns="http://www.w3.org/2000/svg" color="currentColor"><path d="M1.312 1.348L10.276 10l-8.964 8.644" fill="none" stroke="currentColor"></path></svg></span></a><div><a href="https://www.tesco.com/groceries/en-GB/shop/drinks/fizzy-and-soft-drinks/cola/sugar-free-cola" class="styled__Anchor-sc-1xbujuz-0 jSzuDt rest-of-shelf-link beans-link__anchor" data-auto="rest-of-shelf-link"><span class="styled__Text-sc-1xbujuz-1 fyDIEo beans-link__text">Rest of <span class="visually-hidden">Sugar Free Cola</span> shelf</span><span class="styled__IconContainer-sc-1xbujuz-2 bSauSL beans-link__icon-container"><svg aria-hidden="true" class="styled__SVG-xxa4wh-1 hQMCqc beans-link__icon beans-icon__svg" height="13.33" preserveAspectRatio="xMinYMax meet" viewBox="-1 0 12 20" width="8" xmlns="http://www.w3.org/2000/svg" color="currentColor"><path d="M1.312 1.348L10.276 10l-8.964 8.644" fill="none" stroke="currentColor"></path></svg></span></a></div><div class="product-info-message-section"><div class="product-info-message-list"></div></div></div><div class="styles__StyledPromotionsWithBuyBoxWrapper-dvv1wj-8 cZskDh"><div class="styles__StyledPromotionsAboveMobile-dvv1wj-7 iPTMuo"><div class="styles__StyledPromotionsWithClubcardPriceContainer-sc-1vdpoop-0 bsPFbn"><div class="styles__StyledClubcardLogo-sc-1vdpoop-2 elOZEB"><div class="styles__Wrapper-sc-1d2phhy-0 hgBuQG undefined special-offer-sash"><span class="styles__CircleWrapper-sc-1d2phhy-2 hCbzjm"><strong class="styles__TextWrapper-sc-1d2phhy-1 bLXNGg">Clubcard Price</strong></span></div></div><a href="https://www.tesco.com/groceries/en-GB/promotions/88602852"><div class="styles__ProductPromotionStyling-sc-1vdpoop-3 WGKAK"><div class="styles__StyledPromotionsOfferContent-sc-1vdpoop-1 cPSekc"><span class="offer-text">Any 2 for £3.50 Clubcard Price - Selected Diet Coke Or Zero Drinks 2 Litre</span></div><span class="dates">Offer valid for delivery from 26/10/2022 until 27/12/2022</span></div></a></div></div><div class="styles__StyledBuyBoxWrapper-dvv1wj-4 dSvjUC"><div class="styles__StyledBuyBoxContainer-sc-1wx0qp6-0 erryje" data-auto="buybox-container"><div class="styles__SafeFormWrapper-jtpu2t-0 lcrYKS"><form action="https://www.tesco.com/groceries/en-GB/trolley/items/297132631?_method=PUT" method="POST"><input type="submit" class="hidden"><input name="id" type="hidden" value="297132631"><input name="identifier" type="hidden" value="Page"><input name="anchorId" type="hidden" value="#tile-297132631"><input name="returnUrl" type="hidden" value="/groceries/en-GB/shop/drinks/all?redirectIfUnavailable=true#tile-297132631"><input name="backToUrl" type="hidden" value="#"><input name="oldValue" type="hidden" value="0"><input name="oldUnitChoice" type="hidden" value="pcs"><input name="newUnitChoice" type="hidden" value="pcs"><div class="base-components__RootElement-sc-1mosoyj-1 styled__Container-sc-6nhkzi-0 jptQqM hSNpTb beans-buybox__container"><div class="base-components__BaseElement-sc-1mosoyj-0 styled__PriceAndActions-sc-6nhkzi-3 oznwo eEPLov beans-buybox__price-and-actions"><div class="base-components__RootElement-sc-1mosoyj-1 styled__Container-sc-8qlq5b-0 jptQqM bgZrjw styled__StyledPrice-sc-6nhkzi-5 iYHeik beans-buybox__price beans-price__container"><p class="styled__StyledHeading-sc-119w3hf-2 jWPEtj styled__Text-sc-8qlq5b-1 lnaeiZ beans-price__text">£1.99</p><p class="styled__StyledFootnote-sc-119w3hf-7 icrlVF styled__Subtext-sc-8qlq5b-2 bNJmdc beans-price__subtext">£0.10/100ml</p></div><div class="base-components__RootElement-sc-1mosoyj-1 styled__Container-vtxwzb-0 jptQqM bDFhXJ beans-buybox__actions beans-quantity-controls__container"><div class="base-components__RootElement-sc-1mosoyj-1 styled__Container-sc-16t2b2a-0 jptQqM PUfgZ styled__StyledFormGroup-vtxwzb-1 kzKuAr beans-quantity-controls__form-group beans-form-group__container"><label class="styled__StyledLabel-sc-1ttuvhr-0 izGEjV beans-form-group__label beans-label" for="quantity-controls-297132631">Quantity controls </label><div class="base-components__BaseElement-sc-1mosoyj-0 styled__Children-sc-16t2b2a-3 oznwo gdJvjO beans-form-group__children"><div class="styled__StyledQuantityControlWrapper-vtxwzb-6 LCxOg"><label id="quantity-controls-297132631-label" class="styled__VisuallyHiddenLabel-vtxwzb-7 gXlLiM">Quantity of Diet Coke 2L</label><div class="component__Wrapper-sc-1kpmik-3 dReplG input-wrapper"><input class="base-components__RootElement-sc-1mosoyj-1 styled__StyledInput-sc-1jd5f57-0 component__StyledAsInput-sc-1kpmik-4 jptQqM eJLlow styled__StyledInput-vtxwzb-3 lwMHo beans-quantity-controls__input beans-input" data-auto="beans-quantity-controls-input" autocomplete="off" id="quantity-controls-297132631" maxlength="2" name="newValue" type="number" aria-labelledby="quantity-controls-297132631-label" value="1"></div></div><button class="styled__BaseButton-rsekm1-0 styled__PrimaryButton-rsekm1-2 jChbeY geeWOF styled__StyledButton-vtxwzb-5 japAxb beans-quantity-controls__add-button beans-button__container" type="submit" data-auto="beans-quantity-controls-add-button" aria-label="Quantity of Diet Coke 2L"><span class="base-components__BaseElement-sc-1mosoyj-0 styled__InnerContainer-rsekm1-1 oznwo fuFres beans-button__inner-container"><span class="base-components__BaseElement-sc-1mosoyj-0 styled__TextSpan-rsekm1-4 oznwo GDiMp beans-button__text">Add</span></span></button></div></div></div></div></div><input name="_csrf" type="hidden" value="0WbpBJF9-cS-fAMl-ByHnl5hECj1JaZiBQ20"></form></div></div></div></div></div><div class="hidden-medium product-info-section-small"><div class="product-info-message-list"></div></div></div><div class="styles__StyledPromotionsMobile-dvv1wj-6 Bxaeb"><div><div class="styles__StyledPromotionsWithClubcardPriceContainer-sc-1vdpoop-0 bsPFbn"><div class="styles__StyledClubcardLogo-sc-1vdpoop-2 elOZEB"><div class="styles__Wrapper-sc-1d2phhy-0 hgBuQG undefined special-offer-sash"><span class="styles__CircleWrapper-sc-1d2phhy-2 hCbzjm"><strong class="styles__TextWrapper-sc-1d2phhy-1 bLXNGg">Clubcard Price</strong></span></div></div><a href="https://www.tesco.com/groceries/en-GB/promotions/88602852"><div class="styles__ProductPromotionStyling-sc-1vdpoop-3 WGKAK"><div class="styles__StyledPromotionsOfferContent-sc-1vdpoop-1 cPSekc"><span class="offer-text">Any 2 for £3.50 Clubcard Price - Selected Diet Coke Or Zero Drinks 2 Litre</span></div><span class="dates">Offer valid for delivery from 26/10/2022 until 27/12/2022</span></div></a></div></div></div></div></div></div></li><li class="product-list--list-item"><div class="styles__StyledVerticalTileWrapper-dvv1wj-0 dtCNPH"><div data-auto="product-tile" data-auto-type="Quantity" data-auto-available="true" data-auto-is-restricted-disabled="false" data-auto-is-substitute="false" class="styles__StyledVerticalTile-dvv1wj-1 gSCsYK"><div class="styles__StyledTileContentWrapper-dvv1wj-2 bkNhNP beans"><div id="tile-310142179" data-auto-id="310142179" class="styles__StyledTiledContent-dvv1wj-3 bcglTg"><a href="https://www.tesco.com/groceries/en-GB/products/310142179" aria-hidden="true" class="product-image-wrapper" tabindex="1"><div class="product-image__container"><picture><img class="styled__Image-sjvkdn-0 bJErKA product-image beans-responsive-image__image" src="./tesco_html_brand_drinks_files/8f68bd12-eb13-44f1-a7e0-9286f2c81575_576975524.jpeg" srcset="https://digitalcontent.api.tesco.com/v2/media/ghs/67fa3034-4afd-4cbd-82ad-a774e5f231ab/8f68bd12-eb13-44f1-a7e0-9286f2c81575_576975524.jpeg?h=225&amp;w=225 768w, https://digitalcontent.api.tesco.com/v2/media/ghs/67fa3034-4afd-4cbd-82ad-a774e5f231ab/8f68bd12-eb13-44f1-a7e0-9286f2c81575_576975524.jpeg?h=225&amp;w=225 4000w" alt="Tesco Elmhurst Natural Mineral Still Water 12X500ml"></picture></div></a><div class="product-details--wrapper"><h3 class="styles__H3-oa5soe-0 bCKNNq"><a href="https://www.tesco.com/groceries/en-GB/products/310142179" class="styled__Anchor-sc-1xbujuz-0 csVOnh beans-link__anchor" data-auto="product-tile--title"><span class="styled__Text-sc-1xbujuz-1 ldbwMG beans-link__text">Tesco Elmhurst Natural Mineral Still Water 12X500ml</span></a></h3><div class="styles__StyledPromotionsAboveMobile-dvv1wj-7 iPTMuo"></div><div class="styles__StyledProductDetailsContent-dvv1wj-5 ddRSrq"><a href="https://www.tesco.com/groceries/en-GB/reviews/submission/310142179?from=%2Fshop%2Fdrinks%2Fall" aria-label="Write a review for Tesco Elmhurst Natural Mineral Still Water 12X500ml" class="styled__Anchor-sc-1xbujuz-0 jSzuDt write-a-review-link beans-link__anchor" data-auto="review-link"><span class="styled__Text-sc-1xbujuz-1 fyDIEo beans-link__text">Write a review</span><span class="styled__IconContainer-sc-1xbujuz-2 bSauSL beans-link__icon-container"><svg aria-hidden="true" class="styled__SVG-xxa4wh-1 hQMCqc beans-link__icon beans-icon__svg" height="13.33" preserveAspectRatio="xMinYMax meet" viewBox="-1 0 12 20" width="8" xmlns="http://www.w3.org/2000/svg" color="currentColor"><path d="M1.312 1.348L10.276 10l-8.964 8.644" fill="none" stroke="currentColor"></path></svg></span></a><div><a href="https://www.tesco.com/groceries/en-GB/shop/drinks/water/still-water/small-still-water" class="styled__Anchor-sc-1xbujuz-0 jSzuDt rest-of-shelf-link beans-link__anchor" data-auto="rest-of-shelf-link"><span class="styled__Text-sc-1xbujuz-1 fyDIEo beans-link__text">Rest of <span class="visually-hidden">Small Still Water</span> shelf</span><span class="styled__IconContainer-sc-1xbujuz-2 bSauSL beans-link__icon-container"><svg aria-hidden="true" class="styled__SVG-xxa4wh-1 hQMCqc beans-link__icon beans-icon__svg" height="13.33" preserveAspectRatio="xMinYMax meet" viewBox="-1 0 12 20" width="8" xmlns="http://www.w3.org/2000/svg" color="currentColor"><path d="M1.312 1.348L10.276 10l-8.964 8.644" fill="none" stroke="currentColor"></path></svg></span></a></div><div class="product-info-message-section"><div class="product-info-message-list"></div></div></div><div class="styles__StyledBuyBoxWrapper-dvv1wj-4 dSvjUC"><div class="styles__StyledBuyBoxContainer-sc-1wx0qp6-0 erryje" data-auto="buybox-container"><div class="styles__SafeFormWrapper-jtpu2t-0 lcrYKS"><form action="https://www.tesco.com/groceries/en-GB/trolley/items/310142179?_method=PUT" method="POST"><input type="submit" class="hidden"><input name="id" type="hidden" value="310142179"><input name="identifier" type="hidden" value="Page"><input name="anchorId" type="hidden" value="#tile-310142179"><input name="returnUrl" type="hidden" value="/groceries/en-GB/shop/drinks/all?redirectIfUnavailable=true#tile-310142179"><input name="backToUrl" type="hidden" value="#"><input name="oldValue" type="hidden" value="0"><input name="oldUnitChoice" type="hidden" value="pcs"><input name="newUnitChoice" type="hidden" value="pcs"><div class="base-components__RootElement-sc-1mosoyj-1 styled__Container-sc-6nhkzi-0 jptQqM hSNpTb beans-buybox__container"><div class="base-components__BaseElement-sc-1mosoyj-0 styled__PriceAndActions-sc-6nhkzi-3 oznwo eEPLov beans-buybox__price-and-actions"><div class="base-components__RootElement-sc-1mosoyj-1 styled__Container-sc-8qlq5b-0 jptQqM bgZrjw styled__StyledPrice-sc-6nhkzi-5 iYHeik beans-buybox__price beans-price__container"><p class="styled__StyledHeading-sc-119w3hf-2 jWPEtj styled__Text-sc-8qlq5b-1 lnaeiZ beans-price__text">£1.90</p><p class="styled__StyledFootnote-sc-119w3hf-7 icrlVF styled__Subtext-sc-8qlq5b-2 bNJmdc beans-price__subtext">£0.03/100ml</p></div><div class="base-components__RootElement-sc-1mosoyj-1 styled__Container-vtxwzb-0 jptQqM bDFhXJ beans-buybox__actions beans-quantity-controls__container"><div class="base-components__RootElement-sc-1mosoyj-1 styled__Container-sc-16t2b2a-0 jptQqM PUfgZ styled__StyledFormGroup-vtxwzb-1 kzKuAr beans-quantity-controls__form-group beans-form-group__container"><label class="styled__StyledLabel-sc-1ttuvhr-0 izGEjV beans-form-group__label beans-label" for="quantity-controls-310142179">Quantity controls </label><div class="base-components__BaseElement-sc-1mosoyj-0 styled__Children-sc-16t2b2a-3 oznwo gdJvjO beans-form-group__children"><div class="styled__StyledQuantityControlWrapper-vtxwzb-6 LCxOg"><label id="quantity-controls-310142179-label" class="styled__VisuallyHiddenLabel-vtxwzb-7 gXlLiM">Quantity of Tesco Elmhurst Natural Mineral Still Water 12X500ml</label><div class="component__Wrapper-sc-1kpmik-3 dReplG input-wrapper"><input class="base-components__RootElement-sc-1mosoyj-1 styled__StyledInput-sc-1jd5f57-0 component__StyledAsInput-sc-1kpmik-4 jptQqM eJLlow styled__StyledInput-vtxwzb-3 lwMHo beans-quantity-controls__input beans-input" data-auto="beans-quantity-controls-input" autocomplete="off" id="quantity-controls-310142179" maxlength="2" name="newValue" type="number" aria-labelledby="quantity-controls-310142179-label" value="1"></div></div><button class="styled__BaseButton-rsekm1-0 styled__PrimaryButton-rsekm1-2 jChbeY geeWOF styled__StyledButton-vtxwzb-5 japAxb beans-quantity-controls__add-button beans-button__container" type="submit" data-auto="beans-quantity-controls-add-button" aria-label="Quantity of Tesco Elmhurst Natural Mineral Still Water 12X500ml"><span class="base-components__BaseElement-sc-1mosoyj-0 styled__InnerContainer-rsekm1-1 oznwo fuFres beans-button__inner-container"><span class="base-components__BaseElement-sc-1mosoyj-0 styled__TextSpan-rsekm1-4 oznwo GDiMp beans-button__text">Add</span></span></button></div></div></div></div></div><input name="_csrf" type="hidden" value="0WbpBJF9-cS-fAMl-ByHnl5hECj1JaZiBQ20"></form></div></div></div></div><div class="hidden-medium product-info-section-small"><div class="product-info-message-list"></div></div></div></div></div></div></li><li class="product-list--list-item"><div class="styles__StyledVerticalTileWrapper-dvv1wj-0 dtCNPH"><div data-auto="product-tile" data-auto-type="Quantity" data-auto-available="true" data-auto-is-restricted-disabled="false" data-auto-is-substitute="false" class="styles__StyledVerticalTile-dvv1wj-1 gSCsYK"><div class="styles__StyledTileContentWrapper-dvv1wj-2 bkNhNP beans"><div id="tile-255877562" data-auto-id="255877562" class="styles__StyledTiledContent-dvv1wj-3 bcglTg"><a href="https://www.tesco.com/groceries/en-GB/products/255877562" aria-hidden="true" class="product-image-wrapper" tabindex="1"><div class="product-image__container"><picture><img class="styled__Image-sjvkdn-0 bJErKA product-image beans-responsive-image__image" src="./tesco_html_brand_drinks_files/no-image.jpeg" srcset="https://digitalcontent.api.tesco.com/v2/media/ghs-mktg/b0b04216-fa73-466d-a9d7-c9fcfa1ce9b3/no-image.jpeg 768w, https://digitalcontent.api.tesco.com/v2/media/ghs-mktg/b0b04216-fa73-466d-a9d7-c9fcfa1ce9b3/no-image.jpeg 4000w" alt="Tesco Low Calorie Indian Tonic Water 1 Litre"></picture></div></a><div class="product-details--wrapper"><h3 class="styles__H3-oa5soe-0 bCKNNq"><a href="https://www.tesco.com/groceries/en-GB/products/255877562" class="styled__Anchor-sc-1xbujuz-0 csVOnh beans-link__anchor" data-auto="product-tile--title"><span class="styled__Text-sc-1xbujuz-1 ldbwMG beans-link__text">Tesco Low Calorie Indian Tonic Water 1 Litre</span></a></h3><div class="styles__StyledPromotionsAboveMobile-dvv1wj-7 iPTMuo"></div><div class="styles__StyledProductDetailsContent-dvv1wj-5 ddRSrq"><a href="https://www.tesco.com/groceries/en-GB/reviews/submission/255877562?from=%2Fshop%2Fdrinks%2Fall" aria-label="Write a review for Tesco Low Calorie Indian Tonic Water 1 Litre" class="styled__Anchor-sc-1xbujuz-0 jSzuDt write-a-review-link beans-link__anchor" data-auto="review-link"><span class="styled__Text-sc-1xbujuz-1 fyDIEo beans-link__text">Write a review</span><span class="styled__IconContainer-sc-1xbujuz-2 bSauSL beans-link__icon-container"><svg aria-hidden="true" class="styled__SVG-xxa4wh-1 hQMCqc beans-link__icon beans-icon__svg" height="13.33" preserveAspectRatio="xMinYMax meet" viewBox="-1 0 12 20" width="8" xmlns="http://www.w3.org/2000/svg" color="currentColor"><path d="M1.312 1.348L10.276 10l-8.964 8.644" fill="none" stroke="currentColor"></path></svg></span></a><div><a href="https://www.tesco.com/groceries/en-GB/shop/drinks/adult-soft-drinks-and-mixers/tonic-and-mixers/tonic-and-soda-water" class="styled__Anchor-sc-1xbujuz-0 jSzuDt rest-of-shelf-link beans-link__anchor" data-auto="rest-of-shelf-link"><span class="styled__Text-sc-1xbujuz-1 fyDIEo beans-link__text">Rest of <span class="visually-hidden">Tonic &amp; Soda Water</span> shelf</span><span class="styled__IconContainer-sc-1xbujuz-2 bSauSL beans-link__icon-container"><svg aria-hidden="true" class="styled__SVG-xxa4wh-1 hQMCqc beans-link__icon beans-icon__svg" height="13.33" preserveAspectRatio="xMinYMax meet" viewBox="-1 0 12 20" width="8" xmlns="http://www.w3.org/2000/svg" color="currentColor"><path d="M1.312 1.348L10.276 10l-8.964 8.644" fill="none" stroke="currentColor"></path></svg></span></a></div><div class="product-info-message-section"><div class="product-info-message-list"></div></div></div><div class="styles__StyledBuyBoxWrapper-dvv1wj-4 dSvjUC"><div class="styles__StyledBuyBoxContainer-sc-1wx0qp6-0 erryje" data-auto="buybox-container"><div class="styles__SafeFormWrapper-jtpu2t-0 lcrYKS"><form action="https://www.tesco.com/groceries/en-GB/trolley/items/255877562?_method=PUT" method="POST"><input type="submit" class="hidden"><input name="id" type="hidden" value="255877562"><input name="identifier" type="hidden" value="Page"><input name="anchorId" type="hidden" value="#tile-255877562"><input name="returnUrl" type="hidden" value="/groceries/en-GB/shop/drinks/all?redirectIfUnavailable=true#tile-255877562"><input name="backToUrl" type="hidden" value="#"><input name="oldValue" type="hidden" value="0"><input name="oldUnitChoice" type="hidden" value="pcs"><input name="newUnitChoice" type="hidden" value="pcs"><div class="base-components__RootElement-sc-1mosoyj-1 styled__Container-sc-6nhkzi-0 jptQqM hSNpTb beans-buybox__container"><div class="base-components__BaseElement-sc-1mosoyj-0 styled__PriceAndActions-sc-6nhkzi-3 oznwo eEPLov beans-buybox__price-and-actions"><div class="base-components__RootElement-sc-1mosoyj-1 styled__Container-sc-8qlq5b-0 jptQqM bgZrjw styled__StyledPrice-sc-6nhkzi-5 iYHeik beans-buybox__price beans-price__container"><p class="styled__StyledHeading-sc-119w3hf-2 jWPEtj styled__Text-sc-8qlq5b-1 lnaeiZ beans-price__text">£0.70</p><p class="styled__StyledFootnote-sc-119w3hf-7 icrlVF styled__Subtext-sc-8qlq5b-2 bNJmdc beans-price__subtext">£0.07/100ml</p></div><div class="base-components__RootElement-sc-1mosoyj-1 styled__Container-vtxwzb-0 jptQqM bDFhXJ beans-buybox__actions beans-quantity-controls__container"><div class="base-components__RootElement-sc-1mosoyj-1 styled__Container-sc-16t2b2a-0 jptQqM PUfgZ styled__StyledFormGroup-vtxwzb-1 kzKuAr beans-quantity-controls__form-group beans-form-group__container"><label class="styled__StyledLabel-sc-1ttuvhr-0 izGEjV beans-form-group__label beans-label" for="quantity-controls-255877562">Quantity controls </label><div class="base-components__BaseElement-sc-1mosoyj-0 styled__Children-sc-16t2b2a-3 oznwo gdJvjO beans-form-group__children"><div class="styled__StyledQuantityControlWrapper-vtxwzb-6 LCxOg"><label id="quantity-controls-255877562-label" class="styled__VisuallyHiddenLabel-vtxwzb-7 gXlLiM">Quantity of Tesco Low Calorie Indian Tonic Water 1 Litre</label><div class="component__Wrapper-sc-1kpmik-3 dReplG input-wrapper"><input class="base-components__RootElement-sc-1mosoyj-1 styled__StyledInput-sc-1jd5f57-0 component__StyledAsInput-sc-1kpmik-4 jptQqM eJLlow styled__StyledInput-vtxwzb-3 lwMHo beans-quantity-controls__input beans-input" data-auto="beans-quantity-controls-input" autocomplete="off" id="quantity-controls-255877562" maxlength="2" name="newValue" type="number" aria-labelledby="quantity-controls-255877562-label" value="1"></div></div><button class="styled__BaseButton-rsekm1-0 styled__PrimaryButton-rsekm1-2 jChbeY geeWOF styled__StyledButton-vtxwzb-5 japAxb beans-quantity-controls__add-button beans-button__container" type="submit" data-auto="beans-quantity-controls-add-button" aria-label="Quantity of Tesco Low Calorie Indian Tonic Water 1 Litre"><span class="base-components__BaseElement-sc-1mosoyj-0 styled__InnerContainer-rsekm1-1 oznwo fuFres beans-button__inner-container"><span class="base-components__BaseElement-sc-1mosoyj-0 styled__TextSpan-rsekm1-4 oznwo GDiMp beans-button__text">Add</span></span></button></div></div></div></div></div><input name="_csrf" type="hidden" value="0WbpBJF9-cS-fAMl-ByHnl5hECj1JaZiBQ20"></form></div></div></div></div><div class="hidden-medium product-info-section-small"><div class="product-info-message-list"></div></div></div></div></div></div></li><li class="product-list--list-item"><div class="styles__StyledVerticalTileWrapper-dvv1wj-0 dtCNPH"><div data-auto="product-tile" data-auto-type="Quantity" data-auto-available="true" data-auto-is-restricted-disabled="false" data-auto-is-substitute="false" class="styles__StyledVerticalTile-dvv1wj-1 gSCsYK"><div class="styles__StyledTileContentWrapper-dvv1wj-2 bkNhNP beans"><div id="tile-282822189" data-auto-id="282822189" class="styles__StyledTiledContent-dvv1wj-3 bcglTg"><a href="https://www.tesco.com/groceries/en-GB/products/282822189" aria-hidden="true" class="product-image-wrapper" tabindex="1"><div class="product-image__container"><picture><img class="styled__Image-sjvkdn-0 bJErKA product-image beans-responsive-image__image" src="./tesco_html_brand_drinks_files/b1fef786-97c7-4f7e-926a-309aadcd11a4_1878434691.jpeg" srcset="https://digitalcontent.api.tesco.com/v2/media/ghs/e22a88c2-38b0-418e-93d4-6a91e9c2289f/b1fef786-97c7-4f7e-926a-309aadcd11a4_1878434691.jpeg?h=225&amp;w=225 768w, https://digitalcontent.api.tesco.com/v2/media/ghs/e22a88c2-38b0-418e-93d4-6a91e9c2289f/b1fef786-97c7-4f7e-926a-309aadcd11a4_1878434691.jpeg?h=225&amp;w=225 4000w" alt="Coca-Cola Coke 1.75L"></picture></div></a><div class="product-details--wrapper"><h3 class="styles__H3-oa5soe-0 bCKNNq"><a href="https://www.tesco.com/groceries/en-GB/products/282822189" class="styled__Anchor-sc-1xbujuz-0 csVOnh beans-link__anchor" data-auto="product-tile--title"><span class="styled__Text-sc-1xbujuz-1 ldbwMG beans-link__text">Coca-Cola Coke 1.75L</span></a></h3><div class="styles__StyledPromotionsAboveMobile-dvv1wj-7 iPTMuo"></div><div class="styles__StyledProductDetailsContent-dvv1wj-5 ddRSrq"><a href="https://www.tesco.com/groceries/en-GB/reviews/submission/282822189?from=%2Fshop%2Fdrinks%2Fall" aria-label="Write a review for Coca-Cola Coke 1.75L" class="styled__Anchor-sc-1xbujuz-0 jSzuDt write-a-review-link beans-link__anchor" data-auto="review-link"><span class="styled__Text-sc-1xbujuz-1 fyDIEo beans-link__text">Write a review</span><span class="styled__IconContainer-sc-1xbujuz-2 bSauSL beans-link__icon-container"><svg aria-hidden="true" class="styled__SVG-xxa4wh-1 hQMCqc beans-link__icon beans-icon__svg" height="13.33" preserveAspectRatio="xMinYMax meet" viewBox="-1 0 12 20" width="8" xmlns="http://www.w3.org/2000/svg" color="currentColor"><path d="M1.312 1.348L10.276 10l-8.964 8.644" fill="none" stroke="currentColor"></path></svg></span></a><div><a href="https://www.tesco.com/groceries/en-GB/shop/drinks/fizzy-and-soft-drinks/cola/regular-cola" class="styled__Anchor-sc-1xbujuz-0 jSzuDt rest-of-shelf-link beans-link__anchor" data-auto="rest-of-shelf-link"><span class="styled__Text-sc-1xbujuz-1 fyDIEo beans-link__text">Rest of <span class="visually-hidden">Regular Cola</span> shelf</span><span class="styled__IconContainer-sc-1xbujuz-2 bSauSL beans-link__icon-container"><svg aria-hidden="true" class="styled__SVG-xxa4wh-1 hQMCqc beans-link__icon beans-icon__svg" height="13.33" preserveAspectRatio="xMinYMax meet" viewBox="-1 0 12 20" width="8" xmlns="http://www.w3.org/2000/svg" color="currentColor"><path d="M1.312 1.348L10.276 10l-8.964 8.644" fill="none" stroke="currentColor"></path></svg></span></a></div><div class="product-info-message-section"><div class="product-info-message-list"><div class="styled__WhiteBackground-sc-9yzfq2-1 jthPIJ"><svg width="56" height="56" viewBox="0 0 56 56" fill="none" xmlns="http://www.w3.org/2000/svg"><path d="M52.1301 27.8766C52.1301 14.5534 41.3293 3.75308 28.0066 3.75308C14.6834 3.75308 3.88306 14.5534 3.88306 27.8766C3.88306 41.1998 14.6834 52.0002 28.0066 52.0002C41.3293 52.0002 52.1301 41.1998 52.1301 27.8766Z" fill="#EE1C2E"></path><path d="M19.6853 36.5687L31.8169 48.6998L52.6633 27.8998L51.9894 23.0423L31.886 43.1452L22.5438 33.803L19.6853 36.5687Z" fill="white"></path><path d="M24.2699 12.0048L23.5594 9.93467L22.8484 12.0048H24.2699ZM24.6345 13.0711H22.4844L21.9776 14.5375H20.7515L22.9815 8.31722H24.1369L26.3669 14.5375H25.1408L24.6345 13.0711Z" fill="white"></path><path d="M27.8359 14.5375H26.734V8.24609H27.8359V14.5375Z" fill="white"></path><path d="M31.5684 13.2309C31.7849 12.9886 31.8927 12.6597 31.8927 12.2446C31.8927 11.8306 31.7849 11.5016 31.5684 11.2588C31.3524 11.0159 31.0811 10.8942 30.7558 10.8942C30.4299 10.8942 30.1587 11.0159 29.9427 11.2588C29.7267 11.5016 29.6184 11.8306 29.6184 12.2446C29.6184 12.6597 29.7267 12.9886 29.9427 13.2309C30.1587 13.4738 30.4299 13.5955 30.7558 13.5955C31.0811 13.5955 31.3524 13.4738 31.5684 13.2309ZM29.4673 14.3065C29.159 14.1049 28.9177 13.8234 28.7429 13.4619C28.5681 13.101 28.481 12.6952 28.481 12.2446C28.481 11.7888 28.5655 11.3815 28.7341 11.0231C28.9032 10.6648 29.1384 10.3848 29.4405 10.1837C29.7426 9.98212 30.0891 9.88158 30.48 9.88158C30.7883 9.88158 31.0579 9.93624 31.2889 10.0455C31.5199 10.1554 31.6978 10.3106 31.8221 10.5122V8.24609H32.9239V14.5375H31.8221V13.9863C31.6916 14.1704 31.5137 14.3194 31.2889 14.4349C31.0636 14.5504 30.797 14.6086 30.4892 14.6086C30.1159 14.6086 29.7751 14.5076 29.4673 14.3065Z" fill="white"></path><path d="M34.9657 14.5375H33.8638V9.95224H34.9657V14.5375ZM33.9082 8.34408C34.0443 8.20796 34.2129 8.1399 34.4145 8.1399C34.6161 8.1399 34.7847 8.20796 34.9208 8.34408C35.0574 8.48071 35.1255 8.64931 35.1255 8.8504C35.1255 9.052 35.0574 9.22112 34.9208 9.35724C34.7847 9.49336 34.6161 9.56142 34.4145 9.56142C34.2129 9.56142 34.0443 9.49336 33.9082 9.35724C33.7715 9.22112 33.704 9.052 33.704 8.8504C33.704 8.64931 33.7715 8.48071 33.9082 8.34408Z" fill="white"></path><path d="M19.6791 19.3347C19.8894 19.1506 19.9946 18.8779 19.9946 18.5169C19.9946 18.1565 19.8894 17.8838 19.6791 17.6997C19.4682 17.5156 19.183 17.4233 18.8221 17.4233H17.5027V19.6111H18.8221C19.183 19.6111 19.4682 19.5188 19.6791 19.3347ZM17.5027 23.9628H16.0374V16.0704H18.9345C19.461 16.0704 19.9157 16.1776 20.2988 16.3921C20.6824 16.6061 20.9753 16.8995 21.1784 17.2712C21.3816 17.6435 21.4826 18.0586 21.4826 18.5169C21.4826 18.9758 21.3816 19.3909 21.1784 19.7632C20.9753 20.1354 20.6824 20.4283 20.2988 20.6423C19.9157 20.8568 19.461 20.9635 18.9345 20.9635H17.5027V23.9628Z" fill="white"></path><path d="M22.0396 18.1451H23.4379V19.0248C23.6029 18.7087 23.8359 18.4684 24.1365 18.3029C24.4376 18.1374 24.7717 18.0549 25.1404 18.0549C25.5235 18.0549 25.8241 18.1415 26.0422 18.3143L25.5689 19.4981C25.3729 19.3929 25.1662 19.3403 24.9486 19.3403C24.5124 19.3403 24.152 19.528 23.8663 19.9039C23.5802 20.2797 23.4379 20.8582 23.4379 21.6404V23.9627H22.0396V18.1451Z" fill="white"></path><path d="M27.8879 23.9627H26.4896V18.1451H27.8879V23.9627ZM26.5458 16.1044C26.7191 15.9316 26.933 15.845 27.1888 15.845C27.444 15.845 27.658 15.9316 27.8312 16.1044C28.0039 16.2771 28.0906 16.4916 28.0906 16.7468C28.0906 17.0026 28.0039 17.217 27.8312 17.3898C27.658 17.5625 27.444 17.6491 27.1888 17.6491C26.933 17.6491 26.7191 17.5625 26.5458 17.3898C26.3731 17.217 26.287 17.0026 26.287 16.7468C26.287 16.4916 26.3731 16.2771 26.5458 16.1044Z" fill="white"></path><path d="M30.0603 23.6693C29.6168 23.4141 29.2714 23.0588 29.0234 22.6041C28.7754 22.1493 28.6511 21.6327 28.6511 21.0537C28.6511 20.4752 28.7754 19.9585 29.0234 19.5038C29.2714 19.049 29.6168 18.6937 30.0603 18.438C30.5037 18.1828 31.011 18.0549 31.5823 18.0549C32.8749 18.0549 33.751 18.585 34.2093 19.6445L32.9353 20.2199C32.6424 19.6332 32.1913 19.3403 31.5823 19.3403C31.1466 19.3403 30.7857 19.4981 30.5001 19.8136C30.2144 20.1297 30.0716 20.5427 30.0716 21.0537C30.0716 21.5651 30.2144 21.9787 30.5001 22.2942C30.7857 22.6097 31.1466 22.7675 31.5823 22.7675C32.1913 22.7675 32.6424 22.4747 32.9353 21.8884L34.2093 22.4633C33.751 23.5229 32.8749 24.0529 31.5823 24.0529C31.011 24.0529 30.5037 23.9251 30.0603 23.6693Z" fill="white"></path><path d="M38.727 20.3999C38.6744 20.0694 38.5223 19.7987 38.2707 19.5883C38.0186 19.3779 37.7015 19.2728 37.3179 19.2728C36.9946 19.2728 36.7048 19.3723 36.4496 19.5713C36.1939 19.7708 36.0175 20.0467 35.9196 20.3999H38.727ZM40.1588 21.5048H35.8633C35.9381 21.9333 36.115 22.2586 36.3934 22.4803C36.6713 22.702 37.0095 22.8129 37.4081 22.8129C37.7386 22.8129 38.015 22.7433 38.2367 22.6041C38.4584 22.4649 38.6708 22.253 38.874 21.9673L40.0573 22.6097C39.7716 23.0759 39.4092 23.4327 38.9693 23.6812C38.5295 23.9287 37.983 24.0529 37.3292 24.0529C36.7125 24.0529 36.1846 23.9086 35.7453 23.6188C35.3055 23.3295 34.9765 22.9557 34.7584 22.4968C34.5403 22.0385 34.4315 21.5574 34.4315 21.0537C34.4315 20.5504 34.546 20.0694 34.7754 19.611C35.0044 19.1526 35.3374 18.7783 35.7731 18.4891C36.2088 18.1998 36.7239 18.0549 37.3179 18.0549C37.9191 18.0549 38.4341 18.19 38.8626 18.4607C39.2911 18.7314 39.6139 19.0866 39.832 19.5264C40.0501 19.9657 40.1588 20.4339 40.1588 20.9299V21.5048Z" fill="white"></path><path d="M16.3879 25.558H17.7399L19.2454 29.4977L20.751 25.558H22.1029V31.8684H20.9309V28.0282L19.6873 31.2915H18.8035L17.5599 28.0282V31.8684H16.3879V25.558Z" fill="white"></path><path d="M25.4058 30.7146C25.6131 30.5341 25.7167 30.3119 25.7167 30.0474V29.9216H24.8335C24.5746 29.9216 24.3689 29.971 24.2158 30.07C24.0626 30.169 23.9858 30.3057 23.9858 30.48C23.9858 30.6424 24.0415 30.7671 24.1529 30.8543C24.2637 30.9414 24.4277 30.9847 24.6437 30.9847C24.9443 30.9847 25.1985 30.8945 25.4058 30.7146ZM23.6074 31.7782C23.3671 31.67 23.1748 31.5122 23.0304 31.3049C22.886 31.0976 22.8138 30.8496 22.8138 30.5609C22.8138 30.1046 22.9855 29.7364 23.3279 29.457C23.6703 29.1775 24.1333 29.0378 24.7159 29.0378H25.7167V28.8754C25.7167 28.6413 25.6357 28.4531 25.4733 28.3118C25.3109 28.1711 25.0918 28.1004 24.8154 28.1004C24.5927 28.1004 24.3916 28.1592 24.2111 28.2763C24.0312 28.3933 23.8956 28.5299 23.8059 28.6862L22.9494 28.1726C23.1113 27.8782 23.3516 27.6333 23.6703 27.4379C23.9889 27.2425 24.3705 27.145 24.8154 27.145C25.4522 27.145 25.9482 27.2982 26.3024 27.6044C26.6572 27.9112 26.8345 28.3526 26.8345 28.9295V31.8685H25.9152L25.7621 31.2735C25.6115 31.4776 25.4207 31.6401 25.1892 31.7602C24.9582 31.8803 24.686 31.9401 24.3735 31.9401C24.1029 31.9401 23.8476 31.8865 23.6074 31.7782Z" fill="white"></path><path d="M27.8214 30.3V28.1726H27.1182V27.2167H27.8214V26.4417L28.9393 25.7384V27.2167H30.1381V28.1726H28.9393V30.2458C28.9393 30.6903 29.1166 30.9125 29.4709 30.9125C29.6333 30.9125 29.7895 30.8496 29.9395 30.7233L30.4443 31.5797C30.2881 31.706 30.1169 31.7978 29.9308 31.855C29.7446 31.9117 29.5549 31.9401 29.3626 31.9401C28.3355 31.9401 27.8214 31.3936 27.8214 30.3Z" fill="white"></path><path d="M31.5487 31.6339C31.194 31.4297 30.9176 31.1456 30.7196 30.7821C30.5211 30.4186 30.4221 30.0056 30.4221 29.5426C30.4221 29.0801 30.5211 28.6666 30.7196 28.3031C30.9176 27.9396 31.194 27.6555 31.5487 27.4513C31.9034 27.2471 32.3087 27.145 32.7655 27.145C33.7993 27.145 34.4995 27.5683 34.8661 28.416L33.8473 28.8754C33.6132 28.4067 33.2528 28.1726 32.7655 28.1726C32.417 28.1726 32.1288 28.2989 31.9004 28.5511C31.6719 28.8037 31.558 29.1342 31.558 29.5426C31.558 29.9509 31.6719 30.282 31.9004 30.5341C32.1288 30.7867 32.417 30.9125 32.7655 30.9125C33.2528 30.9125 33.6132 30.6785 33.8473 30.2098L34.8661 30.6697C34.4995 31.5168 33.7993 31.9401 32.7655 31.9401C32.3087 31.9401 31.9034 31.8386 31.5487 31.6339Z" fill="white"></path><path d="M35.3998 25.4863H36.5176V27.9473C36.662 27.707 36.8615 27.5132 37.1167 27.3657C37.3725 27.2188 37.6592 27.145 37.9778 27.145C38.4702 27.145 38.8579 27.2909 39.1405 27.5823C39.423 27.8736 39.5643 28.2804 39.5643 28.8037V31.8685H38.4465V29.0285C38.4465 28.7522 38.3758 28.5408 38.2346 28.3933C38.0933 28.2458 37.8907 28.1726 37.6262 28.1726C37.3199 28.1726 37.0585 28.3093 36.8419 28.5825C36.6254 28.8558 36.5176 29.275 36.5176 29.8401V31.8685H35.3998V25.4863Z" fill="white"></path></svg><p class="styled__StyledBodyText-sc-119w3hf-5 ggtTyf styled__DarkGreyBodyText-jk5kya-0 iwRWTH">Aldi Price Match</p></div></div></div></div><div class="styles__StyledBuyBoxWrapper-dvv1wj-4 dSvjUC"><div class="styles__StyledBuyBoxContainer-sc-1wx0qp6-0 erryje" data-auto="buybox-container"><div class="styles__SafeFormWrapper-jtpu2t-0 lcrYKS"><form action="https://www.tesco.com/groceries/en-GB/trolley/items/282822189?_method=PUT" method="POST"><input type="submit" class="hidden"><input name="id" type="hidden" value="282822189"><input name="identifier" type="hidden" value="Page"><input name="anchorId" type="hidden" value="#tile-282822189"><input name="returnUrl" type="hidden" value="/groceries/en-GB/shop/drinks/all?redirectIfUnavailable=true#tile-282822189"><input name="backToUrl" type="hidden" value="#"><input name="oldValue" type="hidden" value="0"><input name="oldUnitChoice" type="hidden" value="pcs"><input name="newUnitChoice" type="hidden" value="pcs"><div class="base-components__RootElement-sc-1mosoyj-1 styled__Container-sc-6nhkzi-0 jptQqM hSNpTb beans-buybox__container"><div class="base-components__BaseElement-sc-1mosoyj-0 styled__PriceAndActions-sc-6nhkzi-3 oznwo eEPLov beans-buybox__price-and-actions"><div class="base-components__RootElement-sc-1mosoyj-1 styled__Container-sc-8qlq5b-0 jptQqM bgZrjw styled__StyledPrice-sc-6nhkzi-5 iYHeik beans-buybox__price beans-price__container"><p class="styled__StyledHeading-sc-119w3hf-2 jWPEtj styled__Text-sc-8qlq5b-1 lnaeiZ beans-price__text">£2.25</p><p class="styled__StyledFootnote-sc-119w3hf-7 icrlVF styled__Subtext-sc-8qlq5b-2 bNJmdc beans-price__subtext">£0.13/100ml</p></div><div class="base-components__RootElement-sc-1mosoyj-1 styled__Container-vtxwzb-0 jptQqM bDFhXJ beans-buybox__actions beans-quantity-controls__container"><div class="base-components__RootElement-sc-1mosoyj-1 styled__Container-sc-16t2b2a-0 jptQqM PUfgZ styled__StyledFormGroup-vtxwzb-1 kzKuAr beans-quantity-controls__form-group beans-form-group__container"><label class="styled__StyledLabel-sc-1ttuvhr-0 izGEjV beans-form-group__label beans-label" for="quantity-controls-282822189">Quantity controls </label><div class="base-components__BaseElement-sc-1mosoyj-0 styled__Children-sc-16t2b2a-3 oznwo gdJvjO beans-form-group__children"><div class="styled__StyledQuantityControlWrapper-vtxwzb-6 LCxOg"><label id="quantity-controls-282822189-label" class="styled__VisuallyHiddenLabel-vtxwzb-7 gXlLiM">Quantity of Coca-Cola Coke 1.75L</label><div class="component__Wrapper-sc-1kpmik-3 dReplG input-wrapper"><input class="base-components__RootElement-sc-1mosoyj-1 styled__StyledInput-sc-1jd5f57-0 component__StyledAsInput-sc-1kpmik-4 jptQqM eJLlow styled__StyledInput-vtxwzb-3 lwMHo beans-quantity-controls__input beans-input" data-auto="beans-quantity-controls-input" autocomplete="off" id="quantity-controls-282822189" maxlength="2" name="newValue" type="number" aria-labelledby="quantity-controls-282822189-label" value="1"></div></div><button class="styled__BaseButton-rsekm1-0 styled__PrimaryButton-rsekm1-2 jChbeY geeWOF styled__StyledButton-vtxwzb-5 japAxb beans-quantity-controls__add-button beans-button__container" type="submit" data-auto="beans-quantity-controls-add-button" aria-label="Quantity of Coca-Cola Coke 1.75L"><span class="base-components__BaseElement-sc-1mosoyj-0 styled__InnerContainer-rsekm1-1 oznwo fuFres beans-button__inner-container"><span class="base-components__BaseElement-sc-1mosoyj-0 styled__TextSpan-rsekm1-4 oznwo GDiMp beans-button__text">Add</span></span></button></div></div></div></div></div><input name="_csrf" type="hidden" value="0WbpBJF9-cS-fAMl-ByHnl5hECj1JaZiBQ20"></form></div></div></div></div><div class="hidden-medium product-info-section-small"><div class="product-info-message-list"><div class="styled__WhiteBackground-sc-9yzfq2-1 jthPIJ"><svg width="56" height="56" viewBox="0 0 56 56" fill="none" xmlns="http://www.w3.org/2000/svg"><path d="M52.1301 27.8766C52.1301 14.5534 41.3293 3.75308 28.0066 3.75308C14.6834 3.75308 3.88306 14.5534 3.88306 27.8766C3.88306 41.1998 14.6834 52.0002 28.0066 52.0002C41.3293 52.0002 52.1301 41.1998 52.1301 27.8766Z" fill="#EE1C2E"></path><path d="M19.6853 36.5687L31.8169 48.6998L52.6633 27.8998L51.9894 23.0423L31.886 43.1452L22.5438 33.803L19.6853 36.5687Z" fill="white"></path><path d="M24.2699 12.0048L23.5594 9.93467L22.8484 12.0048H24.2699ZM24.6345 13.0711H22.4844L21.9776 14.5375H20.7515L22.9815 8.31722H24.1369L26.3669 14.5375H25.1408L24.6345 13.0711Z" fill="white"></path><path d="M27.8359 14.5375H26.734V8.24609H27.8359V14.5375Z" fill="white"></path><path d="M31.5684 13.2309C31.7849 12.9886 31.8927 12.6597 31.8927 12.2446C31.8927 11.8306 31.7849 11.5016 31.5684 11.2588C31.3524 11.0159 31.0811 10.8942 30.7558 10.8942C30.4299 10.8942 30.1587 11.0159 29.9427 11.2588C29.7267 11.5016 29.6184 11.8306 29.6184 12.2446C29.6184 12.6597 29.7267 12.9886 29.9427 13.2309C30.1587 13.4738 30.4299 13.5955 30.7558 13.5955C31.0811 13.5955 31.3524 13.4738 31.5684 13.2309ZM29.4673 14.3065C29.159 14.1049 28.9177 13.8234 28.7429 13.4619C28.5681 13.101 28.481 12.6952 28.481 12.2446C28.481 11.7888 28.5655 11.3815 28.7341 11.0231C28.9032 10.6648 29.1384 10.3848 29.4405 10.1837C29.7426 9.98212 30.0891 9.88158 30.48 9.88158C30.7883 9.88158 31.0579 9.93624 31.2889 10.0455C31.5199 10.1554 31.6978 10.3106 31.8221 10.5122V8.24609H32.9239V14.5375H31.8221V13.9863C31.6916 14.1704 31.5137 14.3194 31.2889 14.4349C31.0636 14.5504 30.797 14.6086 30.4892 14.6086C30.1159 14.6086 29.7751 14.5076 29.4673 14.3065Z" fill="white"></path><path d="M34.9657 14.5375H33.8638V9.95224H34.9657V14.5375ZM33.9082 8.34408C34.0443 8.20796 34.2129 8.1399 34.4145 8.1399C34.6161 8.1399 34.7847 8.20796 34.9208 8.34408C35.0574 8.48071 35.1255 8.64931 35.1255 8.8504C35.1255 9.052 35.0574 9.22112 34.9208 9.35724C34.7847 9.49336 34.6161 9.56142 34.4145 9.56142C34.2129 9.56142 34.0443 9.49336 33.9082 9.35724C33.7715 9.22112 33.704 9.052 33.704 8.8504C33.704 8.64931 33.7715 8.48071 33.9082 8.34408Z" fill="white"></path><path d="M19.6791 19.3347C19.8894 19.1506 19.9946 18.8779 19.9946 18.5169C19.9946 18.1565 19.8894 17.8838 19.6791 17.6997C19.4682 17.5156 19.183 17.4233 18.8221 17.4233H17.5027V19.6111H18.8221C19.183 19.6111 19.4682 19.5188 19.6791 19.3347ZM17.5027 23.9628H16.0374V16.0704H18.9345C19.461 16.0704 19.9157 16.1776 20.2988 16.3921C20.6824 16.6061 20.9753 16.8995 21.1784 17.2712C21.3816 17.6435 21.4826 18.0586 21.4826 18.5169C21.4826 18.9758 21.3816 19.3909 21.1784 19.7632C20.9753 20.1354 20.6824 20.4283 20.2988 20.6423C19.9157 20.8568 19.461 20.9635 18.9345 20.9635H17.5027V23.9628Z" fill="white"></path><path d="M22.0396 18.1451H23.4379V19.0248C23.6029 18.7087 23.8359 18.4684 24.1365 18.3029C24.4376 18.1374 24.7717 18.0549 25.1404 18.0549C25.5235 18.0549 25.8241 18.1415 26.0422 18.3143L25.5689 19.4981C25.3729 19.3929 25.1662 19.3403 24.9486 19.3403C24.5124 19.3403 24.152 19.528 23.8663 19.9039C23.5802 20.2797 23.4379 20.8582 23.4379 21.6404V23.9627H22.0396V18.1451Z" fill="white"></path><path d="M27.8879 23.9627H26.4896V18.1451H27.8879V23.9627ZM26.5458 16.1044C26.7191 15.9316 26.933 15.845 27.1888 15.845C27.444 15.845 27.658 15.9316 27.8312 16.1044C28.0039 16.2771 28.0906 16.4916 28.0906 16.7468C28.0906 17.0026 28.0039 17.217 27.8312 17.3898C27.658 17.5625 27.444 17.6491 27.1888 17.6491C26.933 17.6491 26.7191 17.5625 26.5458 17.3898C26.3731 17.217 26.287 17.0026 26.287 16.7468C26.287 16.4916 26.3731 16.2771 26.5458 16.1044Z" fill="white"></path><path d="M30.0603 23.6693C29.6168 23.4141 29.2714 23.0588 29.0234 22.6041C28.7754 22.1493 28.6511 21.6327 28.6511 21.0537C28.6511 20.4752 28.7754 19.9585 29.0234 19.5038C29.2714 19.049 29.6168 18.6937 30.0603 18.438C30.5037 18.1828 31.011 18.0549 31.5823 18.0549C32.8749 18.0549 33.751 18.585 34.2093 19.6445L32.9353 20.2199C32.6424 19.6332 32.1913 19.3403 31.5823 19.3403C31.1466 19.3403 30.7857 19.4981 30.5001 19.8136C30.2144 20.1297 30.0716 20.5427 30.0716 21.0537C30.0716 21.5651 30.2144 21.9787 30.5001 22.2942C30.7857 22.6097 31.1466 22.7675 31.5823 22.7675C32.1913 22.7675 32.6424 22.4747 32.9353 21.8884L34.2093 22.4633C33.751 23.5229 32.8749 24.0529 31.5823 24.0529C31.011 24.0529 30.5037 23.9251 30.0603 23.6693Z" fill="white"></path><path d="M38.727 20.3999C38.6744 20.0694 38.5223 19.7987 38.2707 19.5883C38.0186 19.3779 37.7015 19.2728 37.3179 19.2728C36.9946 19.2728 36.7048 19.3723 36.4496 19.5713C36.1939 19.7708 36.0175 20.0467 35.9196 20.3999H38.727ZM40.1588 21.5048H35.8633C35.9381 21.9333 36.115 22.2586 36.3934 22.4803C36.6713 22.702 37.0095 22.8129 37.4081 22.8129C37.7386 22.8129 38.015 22.7433 38.2367 22.6041C38.4584 22.4649 38.6708 22.253 38.874 21.9673L40.0573 22.6097C39.7716 23.0759 39.4092 23.4327 38.9693 23.6812C38.5295 23.9287 37.983 24.0529 37.3292 24.0529C36.7125 24.0529 36.1846 23.9086 35.7453 23.6188C35.3055 23.3295 34.9765 22.9557 34.7584 22.4968C34.5403 22.0385 34.4315 21.5574 34.4315 21.0537C34.4315 20.5504 34.546 20.0694 34.7754 19.611C35.0044 19.1526 35.3374 18.7783 35.7731 18.4891C36.2088 18.1998 36.7239 18.0549 37.3179 18.0549C37.9191 18.0549 38.4341 18.19 38.8626 18.4607C39.2911 18.7314 39.6139 19.0866 39.832 19.5264C40.0501 19.9657 40.1588 20.4339 40.1588 20.9299V21.5048Z" fill="white"></path><path d="M16.3879 25.558H17.7399L19.2454 29.4977L20.751 25.558H22.1029V31.8684H20.9309V28.0282L19.6873 31.2915H18.8035L17.5599 28.0282V31.8684H16.3879V25.558Z" fill="white"></path><path d="M25.4058 30.7146C25.6131 30.5341 25.7167 30.3119 25.7167 30.0474V29.9216H24.8335C24.5746 29.9216 24.3689 29.971 24.2158 30.07C24.0626 30.169 23.9858 30.3057 23.9858 30.48C23.9858 30.6424 24.0415 30.7671 24.1529 30.8543C24.2637 30.9414 24.4277 30.9847 24.6437 30.9847C24.9443 30.9847 25.1985 30.8945 25.4058 30.7146ZM23.6074 31.7782C23.3671 31.67 23.1748 31.5122 23.0304 31.3049C22.886 31.0976 22.8138 30.8496 22.8138 30.5609C22.8138 30.1046 22.9855 29.7364 23.3279 29.457C23.6703 29.1775 24.1333 29.0378 24.7159 29.0378H25.7167V28.8754C25.7167 28.6413 25.6357 28.4531 25.4733 28.3118C25.3109 28.1711 25.0918 28.1004 24.8154 28.1004C24.5927 28.1004 24.3916 28.1592 24.2111 28.2763C24.0312 28.3933 23.8956 28.5299 23.8059 28.6862L22.9494 28.1726C23.1113 27.8782 23.3516 27.6333 23.6703 27.4379C23.9889 27.2425 24.3705 27.145 24.8154 27.145C25.4522 27.145 25.9482 27.2982 26.3024 27.6044C26.6572 27.9112 26.8345 28.3526 26.8345 28.9295V31.8685H25.9152L25.7621 31.2735C25.6115 31.4776 25.4207 31.6401 25.1892 31.7602C24.9582 31.8803 24.686 31.9401 24.3735 31.9401C24.1029 31.9401 23.8476 31.8865 23.6074 31.7782Z" fill="white"></path><path d="M27.8214 30.3V28.1726H27.1182V27.2167H27.8214V26.4417L28.9393 25.7384V27.2167H30.1381V28.1726H28.9393V30.2458C28.9393 30.6903 29.1166 30.9125 29.4709 30.9125C29.6333 30.9125 29.7895 30.8496 29.9395 30.7233L30.4443 31.5797C30.2881 31.706 30.1169 31.7978 29.9308 31.855C29.7446 31.9117 29.5549 31.9401 29.3626 31.9401C28.3355 31.9401 27.8214 31.3936 27.8214 30.3Z" fill="white"></path><path d="M31.5487 31.6339C31.194 31.4297 30.9176 31.1456 30.7196 30.7821C30.5211 30.4186 30.4221 30.0056 30.4221 29.5426C30.4221 29.0801 30.5211 28.6666 30.7196 28.3031C30.9176 27.9396 31.194 27.6555 31.5487 27.4513C31.9034 27.2471 32.3087 27.145 32.7655 27.145C33.7993 27.145 34.4995 27.5683 34.8661 28.416L33.8473 28.8754C33.6132 28.4067 33.2528 28.1726 32.7655 28.1726C32.417 28.1726 32.1288 28.2989 31.9004 28.5511C31.6719 28.8037 31.558 29.1342 31.558 29.5426C31.558 29.9509 31.6719 30.282 31.9004 30.5341C32.1288 30.7867 32.417 30.9125 32.7655 30.9125C33.2528 30.9125 33.6132 30.6785 33.8473 30.2098L34.8661 30.6697C34.4995 31.5168 33.7993 31.9401 32.7655 31.9401C32.3087 31.9401 31.9034 31.8386 31.5487 31.6339Z" fill="white"></path><path d="M35.3998 25.4863H36.5176V27.9473C36.662 27.707 36.8615 27.5132 37.1167 27.3657C37.3725 27.2188 37.6592 27.145 37.9778 27.145C38.4702 27.145 38.8579 27.2909 39.1405 27.5823C39.423 27.8736 39.5643 28.2804 39.5643 28.8037V31.8685H38.4465V29.0285C38.4465 28.7522 38.3758 28.5408 38.2346 28.3933C38.0933 28.2458 37.8907 28.1726 37.6262 28.1726C37.3199 28.1726 37.0585 28.3093 36.8419 28.5825C36.6254 28.8558 36.5176 29.275 36.5176 29.8401V31.8685H35.3998V25.4863Z" fill="white"></path></svg><p class="styled__StyledBodyText-sc-119w3hf-5 ggtTyf styled__DarkGreyBodyText-jk5kya-0 iwRWTH">Aldi Price Match</p></div></div></div></div></div></div></div></li><li class="product-list--list-item"><div class="styles__StyledVerticalTileWrapper-dvv1wj-0 dtCNPH"><div data-auto="product-tile" data-auto-type="Quantity" data-auto-available="true" data-auto-is-restricted-disabled="false" data-auto-is-substitute="false" class="styles__StyledVerticalTile-dvv1wj-1 gSCsYK"><div class="styles__StyledTileContentWrapper-dvv1wj-2 bkNhNP beans"><div id="tile-276956270" data-auto-id="276956270" class="styles__StyledTiledContent-dvv1wj-3 bcglTg"><a href="https://www.tesco.com/groceries/en-GB/products/276956270" aria-hidden="true" class="product-image-wrapper" tabindex="1"><div class="product-image__container"><picture><img class="styled__Image-sjvkdn-0 bJErKA product-image beans-responsive-image__image" src="./tesco_html_brand_drinks_files/00e52de7-5db5-4a5d-ab39-3d8d4f3590ed.jpeg" srcset="https://digitalcontent.api.tesco.com/v2/media/ghs/e25b0db1-8002-4762-a553-7ab61e6c8ed4/00e52de7-5db5-4a5d-ab39-3d8d4f3590ed.jpeg?h=225&amp;w=225 768w, https://digitalcontent.api.tesco.com/v2/media/ghs/e25b0db1-8002-4762-a553-7ab61e6c8ed4/00e52de7-5db5-4a5d-ab39-3d8d4f3590ed.jpeg?h=225&amp;w=225 4000w" alt="Tesco Pressed Apple Juice Not From Concentrate 1 Litre"></picture></div></a><div class="product-details--wrapper"><h3 class="styles__H3-oa5soe-0 bCKNNq"><a href="https://www.tesco.com/groceries/en-GB/products/276956270" class="styled__Anchor-sc-1xbujuz-0 csVOnh beans-link__anchor" data-auto="product-tile--title"><span class="styled__Text-sc-1xbujuz-1 ldbwMG beans-link__text">Tesco Pressed Apple Juice Not From Concentrate 1 Litre</span></a></h3><div class="styles__StyledPromotionsAboveMobile-dvv1wj-7 iPTMuo"></div><div class="styles__StyledProductDetailsContent-dvv1wj-5 ddRSrq"><a href="https://www.tesco.com/groceries/en-GB/reviews/submission/276956270?from=%2Fshop%2Fdrinks%2Fall" aria-label="Write a review for Tesco Pressed Apple Juice Not From Concentrate 1 Litre" class="styled__Anchor-sc-1xbujuz-0 jSzuDt write-a-review-link beans-link__anchor" data-auto="review-link"><span class="styled__Text-sc-1xbujuz-1 fyDIEo beans-link__text">Write a review</span><span class="styled__IconContainer-sc-1xbujuz-2 bSauSL beans-link__icon-container"><svg aria-hidden="true" class="styled__SVG-xxa4wh-1 hQMCqc beans-link__icon beans-icon__svg" height="13.33" preserveAspectRatio="xMinYMax meet" viewBox="-1 0 12 20" width="8" xmlns="http://www.w3.org/2000/svg" color="currentColor"><path d="M1.312 1.348L10.276 10l-8.964 8.644" fill="none" stroke="currentColor"></path></svg></span></a><div><a href="https://www.tesco.com/groceries/en-GB/shop/drinks/juices-and-smoothies/fresh-juice/apple-juice" class="styled__Anchor-sc-1xbujuz-0 jSzuDt rest-of-shelf-link beans-link__anchor" data-auto="rest-of-shelf-link"><span class="styled__Text-sc-1xbujuz-1 fyDIEo beans-link__text">Rest of <span class="visually-hidden">Apple Juice</span> shelf</span><span class="styled__IconContainer-sc-1xbujuz-2 bSauSL beans-link__icon-container"><svg aria-hidden="true" class="styled__SVG-xxa4wh-1 hQMCqc beans-link__icon beans-icon__svg" height="13.33" preserveAspectRatio="xMinYMax meet" viewBox="-1 0 12 20" width="8" xmlns="http://www.w3.org/2000/svg" color="currentColor"><path d="M1.312 1.348L10.276 10l-8.964 8.644" fill="none" stroke="currentColor"></path></svg></span></a></div><div class="product-info-message-section"><div class="product-info-message-list"></div></div></div><div class="styles__StyledBuyBoxWrapper-dvv1wj-4 dSvjUC"><div class="styles__StyledBuyBoxContainer-sc-1wx0qp6-0 erryje" data-auto="buybox-container"><div class="styles__SafeFormWrapper-jtpu2t-0 lcrYKS"><form action="https://www.tesco.com/groceries/en-GB/trolley/items/276956270?_method=PUT" method="POST"><input type="submit" class="hidden"><input name="id" type="hidden" value="276956270"><input name="identifier" type="hidden" value="Page"><input name="anchorId" type="hidden" value="#tile-276956270"><input name="returnUrl" type="hidden" value="/groceries/en-GB/shop/drinks/all?redirectIfUnavailable=true#tile-276956270"><input name="backToUrl" type="hidden" value="#"><input name="oldValue" type="hidden" value="0"><input name="oldUnitChoice" type="hidden" value="pcs"><input name="newUnitChoice" type="hidden" value="pcs"><div class="base-components__RootElement-sc-1mosoyj-1 styled__Container-sc-6nhkzi-0 jptQqM hSNpTb beans-buybox__container"><div class="base-components__BaseElement-sc-1mosoyj-0 styled__PriceAndActions-sc-6nhkzi-3 oznwo eEPLov beans-buybox__price-and-actions"><div class="base-components__RootElement-sc-1mosoyj-1 styled__Container-sc-8qlq5b-0 jptQqM bgZrjw styled__StyledPrice-sc-6nhkzi-5 iYHeik beans-buybox__price beans-price__container"><p class="styled__StyledHeading-sc-119w3hf-2 jWPEtj styled__Text-sc-8qlq5b-1 lnaeiZ beans-price__text">£1.45</p><p class="styled__StyledFootnote-sc-119w3hf-7 icrlVF styled__Subtext-sc-8qlq5b-2 bNJmdc beans-price__subtext">£0.14/100ml</p></div><div class="base-components__RootElement-sc-1mosoyj-1 styled__Container-vtxwzb-0 jptQqM bDFhXJ beans-buybox__actions beans-quantity-controls__container"><div class="base-components__RootElement-sc-1mosoyj-1 styled__Container-sc-16t2b2a-0 jptQqM PUfgZ styled__StyledFormGroup-vtxwzb-1 kzKuAr beans-quantity-controls__form-group beans-form-group__container"><label class="styled__StyledLabel-sc-1ttuvhr-0 izGEjV beans-form-group__label beans-label" for="quantity-controls-276956270">Quantity controls </label><div class="base-components__BaseElement-sc-1mosoyj-0 styled__Children-sc-16t2b2a-3 oznwo gdJvjO beans-form-group__children"><div class="styled__StyledQuantityControlWrapper-vtxwzb-6 LCxOg"><label id="quantity-controls-276956270-label" class="styled__VisuallyHiddenLabel-vtxwzb-7 gXlLiM">Quantity of Tesco Pressed Apple Juice Not From Concentrate 1 Litre</label><div class="component__Wrapper-sc-1kpmik-3 dReplG input-wrapper"><input class="base-components__RootElement-sc-1mosoyj-1 styled__StyledInput-sc-1jd5f57-0 component__StyledAsInput-sc-1kpmik-4 jptQqM eJLlow styled__StyledInput-vtxwzb-3 lwMHo beans-quantity-controls__input beans-input" data-auto="beans-quantity-controls-input" autocomplete="off" id="quantity-controls-276956270" maxlength="2" name="newValue" type="number" aria-labelledby="quantity-controls-276956270-label" value="1"></div></div><button class="styled__BaseButton-rsekm1-0 styled__PrimaryButton-rsekm1-2 jChbeY geeWOF styled__StyledButton-vtxwzb-5 japAxb beans-quantity-controls__add-button beans-button__container" type="submit" data-auto="beans-quantity-controls-add-button" aria-label="Quantity of Tesco Pressed Apple Juice Not From Concentrate 1 Litre"><span class="base-components__BaseElement-sc-1mosoyj-0 styled__InnerContainer-rsekm1-1 oznwo fuFres beans-button__inner-container"><span class="base-components__BaseElement-sc-1mosoyj-0 styled__TextSpan-rsekm1-4 oznwo GDiMp beans-button__text">Add</span></span></button></div></div></div></div></div><input name="_csrf" type="hidden" value="0WbpBJF9-cS-fAMl-ByHnl5hECj1JaZiBQ20"></form></div></div></div></div><div class="hidden-medium product-info-section-small"><div class="product-info-message-list"></div></div></div></div></div></div></li><li class="product-list--list-item"><div class="styles__StyledVerticalTileWrapper-dvv1wj-0 dtCNPH"><div data-auto="product-tile" data-auto-type="Quantity" data-auto-available="true" data-auto-is-restricted-disabled="false" data-auto-is-substitute="false" class="styles__StyledVerticalTile-dvv1wj-1 gSCsYK"><div class="styles__StyledTileContentWrapper-dvv1wj-2 bkNhNP beans"><div id="tile-301219495" data-auto-id="301219495" class="styles__StyledTiledContent-dvv1wj-3 bcglTg"><a href="https://www.tesco.com/groceries/en-GB/products/301219495" aria-hidden="true" class="product-image-wrapper" tabindex="1"><div class="product-image__container"><picture><img class="styled__Image-sjvkdn-0 bJErKA product-image beans-responsive-image__image" src="./tesco_html_brand_drinks_files/39a62392-d51a-4439-9cf5-30d95efa4c4d_349138359.jpeg" srcset="https://digitalcontent.api.tesco.com/v2/media/ghs/55240c29-a5f8-4769-b9c1-1d9dc88bc362/39a62392-d51a-4439-9cf5-30d95efa4c4d_349138359.jpeg?h=225&amp;w=225 768w, https://digitalcontent.api.tesco.com/v2/media/ghs/55240c29-a5f8-4769-b9c1-1d9dc88bc362/39a62392-d51a-4439-9cf5-30d95efa4c4d_349138359.jpeg?h=225&amp;w=225 4000w" alt="Growers Harvest Pure Apple Juice 1 Litre"></picture></div></a><div class="product-details--wrapper"><h3 class="styles__H3-oa5soe-0 bCKNNq"><a href="https://www.tesco.com/groceries/en-GB/products/301219495" class="styled__Anchor-sc-1xbujuz-0 csVOnh beans-link__anchor" data-auto="product-tile--title"><span class="styled__Text-sc-1xbujuz-1 ldbwMG beans-link__text">Growers Harvest Pure Apple Juice 1 Litre</span></a></h3><div class="styles__StyledPromotionsAboveMobile-dvv1wj-7 iPTMuo"></div><div class="styles__StyledProductDetailsContent-dvv1wj-5 ddRSrq"><a href="https://www.tesco.com/groceries/en-GB/reviews/submission/301219495?from=%2Fshop%2Fdrinks%2Fall" aria-label="Write a review for Growers Harvest Pure Apple Juice 1 Litre" class="styled__Anchor-sc-1xbujuz-0 jSzuDt write-a-review-link beans-link__anchor" data-auto="review-link"><span class="styled__Text-sc-1xbujuz-1 fyDIEo beans-link__text">Write a review</span><span class="styled__IconContainer-sc-1xbujuz-2 bSauSL beans-link__icon-container"><svg aria-hidden="true" class="styled__SVG-xxa4wh-1 hQMCqc beans-link__icon beans-icon__svg" height="13.33" preserveAspectRatio="xMinYMax meet" viewBox="-1 0 12 20" width="8" xmlns="http://www.w3.org/2000/svg" color="currentColor"><path d="M1.312 1.348L10.276 10l-8.964 8.644" fill="none" stroke="currentColor"></path></svg></span></a><div><a href="https://www.tesco.com/groceries/en-GB/shop/drinks/juices-and-smoothies/long-life-juice/long-life-apple-juice" class="styled__Anchor-sc-1xbujuz-0 jSzuDt rest-of-shelf-link beans-link__anchor" data-auto="rest-of-shelf-link"><span class="styled__Text-sc-1xbujuz-1 fyDIEo beans-link__text">Rest of <span class="visually-hidden">Long Life Apple Juice</span> shelf</span><span class="styled__IconContainer-sc-1xbujuz-2 bSauSL beans-link__icon-container"><svg aria-hidden="true" class="styled__SVG-xxa4wh-1 hQMCqc beans-link__icon beans-icon__svg" height="13.33" preserveAspectRatio="xMinYMax meet" viewBox="-1 0 12 20" width="8" xmlns="http://www.w3.org/2000/svg" color="currentColor"><path d="M1.312 1.348L10.276 10l-8.964 8.644" fill="none" stroke="currentColor"></path></svg></span></a></div><div class="product-info-message-section"><div class="product-info-message-list"><div class="styled__WhiteBackground-sc-9yzfq2-1 jthPIJ"><svg width="56" height="56" viewBox="0 0 56 56" fill="none" xmlns="http://www.w3.org/2000/svg"><path d="M52.1301 27.8766C52.1301 14.5534 41.3293 3.75308 28.0066 3.75308C14.6834 3.75308 3.88306 14.5534 3.88306 27.8766C3.88306 41.1998 14.6834 52.0002 28.0066 52.0002C41.3293 52.0002 52.1301 41.1998 52.1301 27.8766Z" fill="#EE1C2E"></path><path d="M19.6853 36.5687L31.8169 48.6998L52.6633 27.8998L51.9894 23.0423L31.886 43.1452L22.5438 33.803L19.6853 36.5687Z" fill="white"></path><path d="M24.2699 12.0048L23.5594 9.93467L22.8484 12.0048H24.2699ZM24.6345 13.0711H22.4844L21.9776 14.5375H20.7515L22.9815 8.31722H24.1369L26.3669 14.5375H25.1408L24.6345 13.0711Z" fill="white"></path><path d="M27.8359 14.5375H26.734V8.24609H27.8359V14.5375Z" fill="white"></path><path d="M31.5684 13.2309C31.7849 12.9886 31.8927 12.6597 31.8927 12.2446C31.8927 11.8306 31.7849 11.5016 31.5684 11.2588C31.3524 11.0159 31.0811 10.8942 30.7558 10.8942C30.4299 10.8942 30.1587 11.0159 29.9427 11.2588C29.7267 11.5016 29.6184 11.8306 29.6184 12.2446C29.6184 12.6597 29.7267 12.9886 29.9427 13.2309C30.1587 13.4738 30.4299 13.5955 30.7558 13.5955C31.0811 13.5955 31.3524 13.4738 31.5684 13.2309ZM29.4673 14.3065C29.159 14.1049 28.9177 13.8234 28.7429 13.4619C28.5681 13.101 28.481 12.6952 28.481 12.2446C28.481 11.7888 28.5655 11.3815 28.7341 11.0231C28.9032 10.6648 29.1384 10.3848 29.4405 10.1837C29.7426 9.98212 30.0891 9.88158 30.48 9.88158C30.7883 9.88158 31.0579 9.93624 31.2889 10.0455C31.5199 10.1554 31.6978 10.3106 31.8221 10.5122V8.24609H32.9239V14.5375H31.8221V13.9863C31.6916 14.1704 31.5137 14.3194 31.2889 14.4349C31.0636 14.5504 30.797 14.6086 30.4892 14.6086C30.1159 14.6086 29.7751 14.5076 29.4673 14.3065Z" fill="white"></path><path d="M34.9657 14.5375H33.8638V9.95224H34.9657V14.5375ZM33.9082 8.34408C34.0443 8.20796 34.2129 8.1399 34.4145 8.1399C34.6161 8.1399 34.7847 8.20796 34.9208 8.34408C35.0574 8.48071 35.1255 8.64931 35.1255 8.8504C35.1255 9.052 35.0574 9.22112 34.9208 9.35724C34.7847 9.49336 34.6161 9.56142 34.4145 9.56142C34.2129 9.56142 34.0443 9.49336 33.9082 9.35724C33.7715 9.22112 33.704 9.052 33.704 8.8504C33.704 8.64931 33.7715 8.48071 33.9082 8.34408Z" fill="white"></path><path d="M19.6791 19.3347C19.8894 19.1506 19.9946 18.8779 19.9946 18.5169C19.9946 18.1565 19.8894 17.8838 19.6791 17.6997C19.4682 17.5156 19.183 17.4233 18.8221 17.4233H17.5027V19.6111H18.8221C19.183 19.6111 19.4682 19.5188 19.6791 19.3347ZM17.5027 23.9628H16.0374V16.0704H18.9345C19.461 16.0704 19.9157 16.1776 20.2988 16.3921C20.6824 16.6061 20.9753 16.8995 21.1784 17.2712C21.3816 17.6435 21.4826 18.0586 21.4826 18.5169C21.4826 18.9758 21.3816 19.3909 21.1784 19.7632C20.9753 20.1354 20.6824 20.4283 20.2988 20.6423C19.9157 20.8568 19.461 20.9635 18.9345 20.9635H17.5027V23.9628Z" fill="white"></path><path d="M22.0396 18.1451H23.4379V19.0248C23.6029 18.7087 23.8359 18.4684 24.1365 18.3029C24.4376 18.1374 24.7717 18.0549 25.1404 18.0549C25.5235 18.0549 25.8241 18.1415 26.0422 18.3143L25.5689 19.4981C25.3729 19.3929 25.1662 19.3403 24.9486 19.3403C24.5124 19.3403 24.152 19.528 23.8663 19.9039C23.5802 20.2797 23.4379 20.8582 23.4379 21.6404V23.9627H22.0396V18.1451Z" fill="white"></path><path d="M27.8879 23.9627H26.4896V18.1451H27.8879V23.9627ZM26.5458 16.1044C26.7191 15.9316 26.933 15.845 27.1888 15.845C27.444 15.845 27.658 15.9316 27.8312 16.1044C28.0039 16.2771 28.0906 16.4916 28.0906 16.7468C28.0906 17.0026 28.0039 17.217 27.8312 17.3898C27.658 17.5625 27.444 17.6491 27.1888 17.6491C26.933 17.6491 26.7191 17.5625 26.5458 17.3898C26.3731 17.217 26.287 17.0026 26.287 16.7468C26.287 16.4916 26.3731 16.2771 26.5458 16.1044Z" fill="white"></path><path d="M30.0603 23.6693C29.6168 23.4141 29.2714 23.0588 29.0234 22.6041C28.7754 22.1493 28.6511 21.6327 28.6511 21.0537C28.6511 20.4752 28.7754 19.9585 29.0234 19.5038C29.2714 19.049 29.6168 18.6937 30.0603 18.438C30.5037 18.1828 31.011 18.0549 31.5823 18.0549C32.8749 18.0549 33.751 18.585 34.2093 19.6445L32.9353 20.2199C32.6424 19.6332 32.1913 19.3403 31.5823 19.3403C31.1466 19.3403 30.7857 19.4981 30.5001 19.8136C30.2144 20.1297 30.0716 20.5427 30.0716 21.0537C30.0716 21.5651 30.2144 21.9787 30.5001 22.2942C30.7857 22.6097 31.1466 22.7675 31.5823 22.7675C32.1913 22.7675 32.6424 22.4747 32.9353 21.8884L34.2093 22.4633C33.751 23.5229 32.8749 24.0529 31.5823 24.0529C31.011 24.0529 30.5037 23.9251 30.0603 23.6693Z" fill="white"></path><path d="M38.727 20.3999C38.6744 20.0694 38.5223 19.7987 38.2707 19.5883C38.0186 19.3779 37.7015 19.2728 37.3179 19.2728C36.9946 19.2728 36.7048 19.3723 36.4496 19.5713C36.1939 19.7708 36.0175 20.0467 35.9196 20.3999H38.727ZM40.1588 21.5048H35.8633C35.9381 21.9333 36.115 22.2586 36.3934 22.4803C36.6713 22.702 37.0095 22.8129 37.4081 22.8129C37.7386 22.8129 38.015 22.7433 38.2367 22.6041C38.4584 22.4649 38.6708 22.253 38.874 21.9673L40.0573 22.6097C39.7716 23.0759 39.4092 23.4327 38.9693 23.6812C38.5295 23.9287 37.983 24.0529 37.3292 24.0529C36.7125 24.0529 36.1846 23.9086 35.7453 23.6188C35.3055 23.3295 34.9765 22.9557 34.7584 22.4968C34.5403 22.0385 34.4315 21.5574 34.4315 21.0537C34.4315 20.5504 34.546 20.0694 34.7754 19.611C35.0044 19.1526 35.3374 18.7783 35.7731 18.4891C36.2088 18.1998 36.7239 18.0549 37.3179 18.0549C37.9191 18.0549 38.4341 18.19 38.8626 18.4607C39.2911 18.7314 39.6139 19.0866 39.832 19.5264C40.0501 19.9657 40.1588 20.4339 40.1588 20.9299V21.5048Z" fill="white"></path><path d="M16.3879 25.558H17.7399L19.2454 29.4977L20.751 25.558H22.1029V31.8684H20.9309V28.0282L19.6873 31.2915H18.8035L17.5599 28.0282V31.8684H16.3879V25.558Z" fill="white"></path><path d="M25.4058 30.7146C25.6131 30.5341 25.7167 30.3119 25.7167 30.0474V29.9216H24.8335C24.5746 29.9216 24.3689 29.971 24.2158 30.07C24.0626 30.169 23.9858 30.3057 23.9858 30.48C23.9858 30.6424 24.0415 30.7671 24.1529 30.8543C24.2637 30.9414 24.4277 30.9847 24.6437 30.9847C24.9443 30.9847 25.1985 30.8945 25.4058 30.7146ZM23.6074 31.7782C23.3671 31.67 23.1748 31.5122 23.0304 31.3049C22.886 31.0976 22.8138 30.8496 22.8138 30.5609C22.8138 30.1046 22.9855 29.7364 23.3279 29.457C23.6703 29.1775 24.1333 29.0378 24.7159 29.0378H25.7167V28.8754C25.7167 28.6413 25.6357 28.4531 25.4733 28.3118C25.3109 28.1711 25.0918 28.1004 24.8154 28.1004C24.5927 28.1004 24.3916 28.1592 24.2111 28.2763C24.0312 28.3933 23.8956 28.5299 23.8059 28.6862L22.9494 28.1726C23.1113 27.8782 23.3516 27.6333 23.6703 27.4379C23.9889 27.2425 24.3705 27.145 24.8154 27.145C25.4522 27.145 25.9482 27.2982 26.3024 27.6044C26.6572 27.9112 26.8345 28.3526 26.8345 28.9295V31.8685H25.9152L25.7621 31.2735C25.6115 31.4776 25.4207 31.6401 25.1892 31.7602C24.9582 31.8803 24.686 31.9401 24.3735 31.9401C24.1029 31.9401 23.8476 31.8865 23.6074 31.7782Z" fill="white"></path><path d="M27.8214 30.3V28.1726H27.1182V27.2167H27.8214V26.4417L28.9393 25.7384V27.2167H30.1381V28.1726H28.9393V30.2458C28.9393 30.6903 29.1166 30.9125 29.4709 30.9125C29.6333 30.9125 29.7895 30.8496 29.9395 30.7233L30.4443 31.5797C30.2881 31.706 30.1169 31.7978 29.9308 31.855C29.7446 31.9117 29.5549 31.9401 29.3626 31.9401C28.3355 31.9401 27.8214 31.3936 27.8214 30.3Z" fill="white"></path><path d="M31.5487 31.6339C31.194 31.4297 30.9176 31.1456 30.7196 30.7821C30.5211 30.4186 30.4221 30.0056 30.4221 29.5426C30.4221 29.0801 30.5211 28.6666 30.7196 28.3031C30.9176 27.9396 31.194 27.6555 31.5487 27.4513C31.9034 27.2471 32.3087 27.145 32.7655 27.145C33.7993 27.145 34.4995 27.5683 34.8661 28.416L33.8473 28.8754C33.6132 28.4067 33.2528 28.1726 32.7655 28.1726C32.417 28.1726 32.1288 28.2989 31.9004 28.5511C31.6719 28.8037 31.558 29.1342 31.558 29.5426C31.558 29.9509 31.6719 30.282 31.9004 30.5341C32.1288 30.7867 32.417 30.9125 32.7655 30.9125C33.2528 30.9125 33.6132 30.6785 33.8473 30.2098L34.8661 30.6697C34.4995 31.5168 33.7993 31.9401 32.7655 31.9401C32.3087 31.9401 31.9034 31.8386 31.5487 31.6339Z" fill="white"></path><path d="M35.3998 25.4863H36.5176V27.9473C36.662 27.707 36.8615 27.5132 37.1167 27.3657C37.3725 27.2188 37.6592 27.145 37.9778 27.145C38.4702 27.145 38.8579 27.2909 39.1405 27.5823C39.423 27.8736 39.5643 28.2804 39.5643 28.8037V31.8685H38.4465V29.0285C38.4465 28.7522 38.3758 28.5408 38.2346 28.3933C38.0933 28.2458 37.8907 28.1726 37.6262 28.1726C37.3199 28.1726 37.0585 28.3093 36.8419 28.5825C36.6254 28.8558 36.5176 29.275 36.5176 29.8401V31.8685H35.3998V25.4863Z" fill="white"></path></svg><p class="styled__StyledBodyText-sc-119w3hf-5 ggtTyf styled__DarkGreyBodyText-jk5kya-0 iwRWTH">Aldi Price Match</p></div></div></div></div><div class="styles__StyledBuyBoxWrapper-dvv1wj-4 dSvjUC"><div class="styles__StyledBuyBoxContainer-sc-1wx0qp6-0 erryje" data-auto="buybox-container"><div class="styles__SafeFormWrapper-jtpu2t-0 lcrYKS"><form action="https://www.tesco.com/groceries/en-GB/trolley/items/301219495?_method=PUT" method="POST"><input type="submit" class="hidden"><input name="id" type="hidden" value="301219495"><input name="identifier" type="hidden" value="Page"><input name="anchorId" type="hidden" value="#tile-301219495"><input name="returnUrl" type="hidden" value="/groceries/en-GB/shop/drinks/all?redirectIfUnavailable=true#tile-301219495"><input name="backToUrl" type="hidden" value="#"><input name="oldValue" type="hidden" value="0"><input name="oldUnitChoice" type="hidden" value="pcs"><input name="newUnitChoice" type="hidden" value="pcs"><div class="base-components__RootElement-sc-1mosoyj-1 styled__Container-sc-6nhkzi-0 jptQqM hSNpTb beans-buybox__container"><div class="base-components__BaseElement-sc-1mosoyj-0 styled__PriceAndActions-sc-6nhkzi-3 oznwo eEPLov beans-buybox__price-and-actions"><div class="base-components__RootElement-sc-1mosoyj-1 styled__Container-sc-8qlq5b-0 jptQqM bgZrjw styled__StyledPrice-sc-6nhkzi-5 iYHeik beans-buybox__price beans-price__container"><p class="styled__StyledHeading-sc-119w3hf-2 jWPEtj styled__Text-sc-8qlq5b-1 lnaeiZ beans-price__text">£0.85</p><p class="styled__StyledFootnote-sc-119w3hf-7 icrlVF styled__Subtext-sc-8qlq5b-2 bNJmdc beans-price__subtext">£0.08/100ml</p></div><div class="base-components__RootElement-sc-1mosoyj-1 styled__Container-vtxwzb-0 jptQqM bDFhXJ beans-buybox__actions beans-quantity-controls__container"><div class="base-components__RootElement-sc-1mosoyj-1 styled__Container-sc-16t2b2a-0 jptQqM PUfgZ styled__StyledFormGroup-vtxwzb-1 kzKuAr beans-quantity-controls__form-group beans-form-group__container"><label class="styled__StyledLabel-sc-1ttuvhr-0 izGEjV beans-form-group__label beans-label" for="quantity-controls-301219495">Quantity controls </label><div class="base-components__BaseElement-sc-1mosoyj-0 styled__Children-sc-16t2b2a-3 oznwo gdJvjO beans-form-group__children"><div class="styled__StyledQuantityControlWrapper-vtxwzb-6 LCxOg"><label id="quantity-controls-301219495-label" class="styled__VisuallyHiddenLabel-vtxwzb-7 gXlLiM">Quantity of Growers Harvest Pure Apple Juice 1 Litre</label><div class="component__Wrapper-sc-1kpmik-3 dReplG input-wrapper"><input class="base-components__RootElement-sc-1mosoyj-1 styled__StyledInput-sc-1jd5f57-0 component__StyledAsInput-sc-1kpmik-4 jptQqM eJLlow styled__StyledInput-vtxwzb-3 lwMHo beans-quantity-controls__input beans-input" data-auto="beans-quantity-controls-input" autocomplete="off" id="quantity-controls-301219495" maxlength="2" name="newValue" type="number" aria-labelledby="quantity-controls-301219495-label" value="1"></div></div><button class="styled__BaseButton-rsekm1-0 styled__PrimaryButton-rsekm1-2 jChbeY geeWOF styled__StyledButton-vtxwzb-5 japAxb beans-quantity-controls__add-button beans-button__container" type="submit" data-auto="beans-quantity-controls-add-button" aria-label="Quantity of Growers Harvest Pure Apple Juice 1 Litre"><span class="base-components__BaseElement-sc-1mosoyj-0 styled__InnerContainer-rsekm1-1 oznwo fuFres beans-button__inner-container"><span class="base-components__BaseElement-sc-1mosoyj-0 styled__TextSpan-rsekm1-4 oznwo GDiMp beans-button__text">Add</span></span></button></div></div></div></div></div><input name="_csrf" type="hidden" value="0WbpBJF9-cS-fAMl-ByHnl5hECj1JaZiBQ20"></form></div></div></div></div><div class="hidden-medium product-info-section-small"><div class="product-info-message-list"><div class="styled__WhiteBackground-sc-9yzfq2-1 jthPIJ"><svg width="56" height="56" viewBox="0 0 56 56" fill="none" xmlns="http://www.w3.org/2000/svg"><path d="M52.1301 27.8766C52.1301 14.5534 41.3293 3.75308 28.0066 3.75308C14.6834 3.75308 3.88306 14.5534 3.88306 27.8766C3.88306 41.1998 14.6834 52.0002 28.0066 52.0002C41.3293 52.0002 52.1301 41.1998 52.1301 27.8766Z" fill="#EE1C2E"></path><path d="M19.6853 36.5687L31.8169 48.6998L52.6633 27.8998L51.9894 23.0423L31.886 43.1452L22.5438 33.803L19.6853 36.5687Z" fill="white"></path><path d="M24.2699 12.0048L23.5594 9.93467L22.8484 12.0048H24.2699ZM24.6345 13.0711H22.4844L21.9776 14.5375H20.7515L22.9815 8.31722H24.1369L26.3669 14.5375H25.1408L24.6345 13.0711Z" fill="white"></path><path d="M27.8359 14.5375H26.734V8.24609H27.8359V14.5375Z" fill="white"></path><path d="M31.5684 13.2309C31.7849 12.9886 31.8927 12.6597 31.8927 12.2446C31.8927 11.8306 31.7849 11.5016 31.5684 11.2588C31.3524 11.0159 31.0811 10.8942 30.7558 10.8942C30.4299 10.8942 30.1587 11.0159 29.9427 11.2588C29.7267 11.5016 29.6184 11.8306 29.6184 12.2446C29.6184 12.6597 29.7267 12.9886 29.9427 13.2309C30.1587 13.4738 30.4299 13.5955 30.7558 13.5955C31.0811 13.5955 31.3524 13.4738 31.5684 13.2309ZM29.4673 14.3065C29.159 14.1049 28.9177 13.8234 28.7429 13.4619C28.5681 13.101 28.481 12.6952 28.481 12.2446C28.481 11.7888 28.5655 11.3815 28.7341 11.0231C28.9032 10.6648 29.1384 10.3848 29.4405 10.1837C29.7426 9.98212 30.0891 9.88158 30.48 9.88158C30.7883 9.88158 31.0579 9.93624 31.2889 10.0455C31.5199 10.1554 31.6978 10.3106 31.8221 10.5122V8.24609H32.9239V14.5375H31.8221V13.9863C31.6916 14.1704 31.5137 14.3194 31.2889 14.4349C31.0636 14.5504 30.797 14.6086 30.4892 14.6086C30.1159 14.6086 29.7751 14.5076 29.4673 14.3065Z" fill="white"></path><path d="M34.9657 14.5375H33.8638V9.95224H34.9657V14.5375ZM33.9082 8.34408C34.0443 8.20796 34.2129 8.1399 34.4145 8.1399C34.6161 8.1399 34.7847 8.20796 34.9208 8.34408C35.0574 8.48071 35.1255 8.64931 35.1255 8.8504C35.1255 9.052 35.0574 9.22112 34.9208 9.35724C34.7847 9.49336 34.6161 9.56142 34.4145 9.56142C34.2129 9.56142 34.0443 9.49336 33.9082 9.35724C33.7715 9.22112 33.704 9.052 33.704 8.8504C33.704 8.64931 33.7715 8.48071 33.9082 8.34408Z" fill="white"></path><path d="M19.6791 19.3347C19.8894 19.1506 19.9946 18.8779 19.9946 18.5169C19.9946 18.1565 19.8894 17.8838 19.6791 17.6997C19.4682 17.5156 19.183 17.4233 18.8221 17.4233H17.5027V19.6111H18.8221C19.183 19.6111 19.4682 19.5188 19.6791 19.3347ZM17.5027 23.9628H16.0374V16.0704H18.9345C19.461 16.0704 19.9157 16.1776 20.2988 16.3921C20.6824 16.6061 20.9753 16.8995 21.1784 17.2712C21.3816 17.6435 21.4826 18.0586 21.4826 18.5169C21.4826 18.9758 21.3816 19.3909 21.1784 19.7632C20.9753 20.1354 20.6824 20.4283 20.2988 20.6423C19.9157 20.8568 19.461 20.9635 18.9345 20.9635H17.5027V23.9628Z" fill="white"></path><path d="M22.0396 18.1451H23.4379V19.0248C23.6029 18.7087 23.8359 18.4684 24.1365 18.3029C24.4376 18.1374 24.7717 18.0549 25.1404 18.0549C25.5235 18.0549 25.8241 18.1415 26.0422 18.3143L25.5689 19.4981C25.3729 19.3929 25.1662 19.3403 24.9486 19.3403C24.5124 19.3403 24.152 19.528 23.8663 19.9039C23.5802 20.2797 23.4379 20.8582 23.4379 21.6404V23.9627H22.0396V18.1451Z" fill="white"></path><path d="M27.8879 23.9627H26.4896V18.1451H27.8879V23.9627ZM26.5458 16.1044C26.7191 15.9316 26.933 15.845 27.1888 15.845C27.444 15.845 27.658 15.9316 27.8312 16.1044C28.0039 16.2771 28.0906 16.4916 28.0906 16.7468C28.0906 17.0026 28.0039 17.217 27.8312 17.3898C27.658 17.5625 27.444 17.6491 27.1888 17.6491C26.933 17.6491 26.7191 17.5625 26.5458 17.3898C26.3731 17.217 26.287 17.0026 26.287 16.7468C26.287 16.4916 26.3731 16.2771 26.5458 16.1044Z" fill="white"></path><path d="M30.0603 23.6693C29.6168 23.4141 29.2714 23.0588 29.0234 22.6041C28.7754 22.1493 28.6511 21.6327 28.6511 21.0537C28.6511 20.4752 28.7754 19.9585 29.0234 19.5038C29.2714 19.049 29.6168 18.6937 30.0603 18.438C30.5037 18.1828 31.011 18.0549 31.5823 18.0549C32.8749 18.0549 33.751 18.585 34.2093 19.6445L32.9353 20.2199C32.6424 19.6332 32.1913 19.3403 31.5823 19.3403C31.1466 19.3403 30.7857 19.4981 30.5001 19.8136C30.2144 20.1297 30.0716 20.5427 30.0716 21.0537C30.0716 21.5651 30.2144 21.9787 30.5001 22.2942C30.7857 22.6097 31.1466 22.7675 31.5823 22.7675C32.1913 22.7675 32.6424 22.4747 32.9353 21.8884L34.2093 22.4633C33.751 23.5229 32.8749 24.0529 31.5823 24.0529C31.011 24.0529 30.5037 23.9251 30.0603 23.6693Z" fill="white"></path><path d="M38.727 20.3999C38.6744 20.0694 38.5223 19.7987 38.2707 19.5883C38.0186 19.3779 37.7015 19.2728 37.3179 19.2728C36.9946 19.2728 36.7048 19.3723 36.4496 19.5713C36.1939 19.7708 36.0175 20.0467 35.9196 20.3999H38.727ZM40.1588 21.5048H35.8633C35.9381 21.9333 36.115 22.2586 36.3934 22.4803C36.6713 22.702 37.0095 22.8129 37.4081 22.8129C37.7386 22.8129 38.015 22.7433 38.2367 22.6041C38.4584 22.4649 38.6708 22.253 38.874 21.9673L40.0573 22.6097C39.7716 23.0759 39.4092 23.4327 38.9693 23.6812C38.5295 23.9287 37.983 24.0529 37.3292 24.0529C36.7125 24.0529 36.1846 23.9086 35.7453 23.6188C35.3055 23.3295 34.9765 22.9557 34.7584 22.4968C34.5403 22.0385 34.4315 21.5574 34.4315 21.0537C34.4315 20.5504 34.546 20.0694 34.7754 19.611C35.0044 19.1526 35.3374 18.7783 35.7731 18.4891C36.2088 18.1998 36.7239 18.0549 37.3179 18.0549C37.9191 18.0549 38.4341 18.19 38.8626 18.4607C39.2911 18.7314 39.6139 19.0866 39.832 19.5264C40.0501 19.9657 40.1588 20.4339 40.1588 20.9299V21.5048Z" fill="white"></path><path d="M16.3879 25.558H17.7399L19.2454 29.4977L20.751 25.558H22.1029V31.8684H20.9309V28.0282L19.6873 31.2915H18.8035L17.5599 28.0282V31.8684H16.3879V25.558Z" fill="white"></path><path d="M25.4058 30.7146C25.6131 30.5341 25.7167 30.3119 25.7167 30.0474V29.9216H24.8335C24.5746 29.9216 24.3689 29.971 24.2158 30.07C24.0626 30.169 23.9858 30.3057 23.9858 30.48C23.9858 30.6424 24.0415 30.7671 24.1529 30.8543C24.2637 30.9414 24.4277 30.9847 24.6437 30.9847C24.9443 30.9847 25.1985 30.8945 25.4058 30.7146ZM23.6074 31.7782C23.3671 31.67 23.1748 31.5122 23.0304 31.3049C22.886 31.0976 22.8138 30.8496 22.8138 30.5609C22.8138 30.1046 22.9855 29.7364 23.3279 29.457C23.6703 29.1775 24.1333 29.0378 24.7159 29.0378H25.7167V28.8754C25.7167 28.6413 25.6357 28.4531 25.4733 28.3118C25.3109 28.1711 25.0918 28.1004 24.8154 28.1004C24.5927 28.1004 24.3916 28.1592 24.2111 28.2763C24.0312 28.3933 23.8956 28.5299 23.8059 28.6862L22.9494 28.1726C23.1113 27.8782 23.3516 27.6333 23.6703 27.4379C23.9889 27.2425 24.3705 27.145 24.8154 27.145C25.4522 27.145 25.9482 27.2982 26.3024 27.6044C26.6572 27.9112 26.8345 28.3526 26.8345 28.9295V31.8685H25.9152L25.7621 31.2735C25.6115 31.4776 25.4207 31.6401 25.1892 31.7602C24.9582 31.8803 24.686 31.9401 24.3735 31.9401C24.1029 31.9401 23.8476 31.8865 23.6074 31.7782Z" fill="white"></path><path d="M27.8214 30.3V28.1726H27.1182V27.2167H27.8214V26.4417L28.9393 25.7384V27.2167H30.1381V28.1726H28.9393V30.2458C28.9393 30.6903 29.1166 30.9125 29.4709 30.9125C29.6333 30.9125 29.7895 30.8496 29.9395 30.7233L30.4443 31.5797C30.2881 31.706 30.1169 31.7978 29.9308 31.855C29.7446 31.9117 29.5549 31.9401 29.3626 31.9401C28.3355 31.9401 27.8214 31.3936 27.8214 30.3Z" fill="white"></path><path d="M31.5487 31.6339C31.194 31.4297 30.9176 31.1456 30.7196 30.7821C30.5211 30.4186 30.4221 30.0056 30.4221 29.5426C30.4221 29.0801 30.5211 28.6666 30.7196 28.3031C30.9176 27.9396 31.194 27.6555 31.5487 27.4513C31.9034 27.2471 32.3087 27.145 32.7655 27.145C33.7993 27.145 34.4995 27.5683 34.8661 28.416L33.8473 28.8754C33.6132 28.4067 33.2528 28.1726 32.7655 28.1726C32.417 28.1726 32.1288 28.2989 31.9004 28.5511C31.6719 28.8037 31.558 29.1342 31.558 29.5426C31.558 29.9509 31.6719 30.282 31.9004 30.5341C32.1288 30.7867 32.417 30.9125 32.7655 30.9125C33.2528 30.9125 33.6132 30.6785 33.8473 30.2098L34.8661 30.6697C34.4995 31.5168 33.7993 31.9401 32.7655 31.9401C32.3087 31.9401 31.9034 31.8386 31.5487 31.6339Z" fill="white"></path><path d="M35.3998 25.4863H36.5176V27.9473C36.662 27.707 36.8615 27.5132 37.1167 27.3657C37.3725 27.2188 37.6592 27.145 37.9778 27.145C38.4702 27.145 38.8579 27.2909 39.1405 27.5823C39.423 27.8736 39.5643 28.2804 39.5643 28.8037V31.8685H38.4465V29.0285C38.4465 28.7522 38.3758 28.5408 38.2346 28.3933C38.0933 28.2458 37.8907 28.1726 37.6262 28.1726C37.3199 28.1726 37.0585 28.3093 36.8419 28.5825C36.6254 28.8558 36.5176 29.275 36.5176 29.8401V31.8685H35.3998V25.4863Z" fill="white"></path></svg><p class="styled__StyledBodyText-sc-119w3hf-5 ggtTyf styled__DarkGreyBodyText-jk5kya-0 iwRWTH">Aldi Price Match</p></div></div></div></div></div></div></div></li><li class="product-list--list-item"><div class="styles__StyledVerticalTileWrapper-dvv1wj-0 dtCNPH"><div data-auto="product-tile" data-auto-type="Quantity" data-auto-available="true" data-auto-is-restricted-disabled="false" data-auto-is-substitute="false" class="styles__StyledVerticalTile-dvv1wj-1 gSCsYK"><div class="styles__StyledTileContentWrapper-dvv1wj-2 bkNhNP beans"><div id="tile-309761858" data-auto-id="309761858" class="styles__StyledTiledContent-dvv1wj-3 bcglTg"><a href="https://www.tesco.com/groceries/en-GB/products/309761858" aria-hidden="true" class="product-image-wrapper" tabindex="1"><div class="product-image__container"><picture><img class="styled__Image-sjvkdn-0 bJErKA product-image beans-responsive-image__image" src="./tesco_html_brand_drinks_files/53f1a41d-cd74-4bf8-9290-81c0fd77387b_2127315129.jpeg" srcset="https://digitalcontent.api.tesco.com/v2/media/ghs/ef769dbd-1682-440f-9936-d4ccd911b67e/53f1a41d-cd74-4bf8-9290-81c0fd77387b_2127315129.jpeg?h=225&amp;w=225 768w, https://digitalcontent.api.tesco.com/v2/media/ghs/ef769dbd-1682-440f-9936-d4ccd911b67e/53f1a41d-cd74-4bf8-9290-81c0fd77387b_2127315129.jpeg?h=225&amp;w=225 4000w" alt="Tesco Quadruple Strength Apple &amp; Blackcurrant Squash No Added Sugar 1.5L"></picture></div></a><div class="product-details--wrapper"><h3 class="styles__H3-oa5soe-0 bCKNNq"><a href="https://www.tesco.com/groceries/en-GB/products/309761858" class="styled__Anchor-sc-1xbujuz-0 csVOnh beans-link__anchor" data-auto="product-tile--title"><span class="styled__Text-sc-1xbujuz-1 ldbwMG beans-link__text">Tesco Quadruple Strength Apple &amp; Blackcurrant Squash No Added Sugar 1.5L</span></a></h3><div class="styles__StyledPromotionsAboveMobile-dvv1wj-7 iPTMuo"></div><div class="styles__StyledProductDetailsContent-dvv1wj-5 ddRSrq"><a href="https://www.tesco.com/groceries/en-GB/reviews/submission/309761858?from=%2Fshop%2Fdrinks%2Fall" aria-label="Write a review for Tesco Quadruple Strength Apple &amp; Blackcurrant Squash No Added Sugar 1.5L" class="styled__Anchor-sc-1xbujuz-0 jSzuDt write-a-review-link beans-link__anchor" data-auto="review-link"><span class="styled__Text-sc-1xbujuz-1 fyDIEo beans-link__text">Write a review</span><span class="styled__IconContainer-sc-1xbujuz-2 bSauSL beans-link__icon-container"><svg aria-hidden="true" class="styled__SVG-xxa4wh-1 hQMCqc beans-link__icon beans-icon__svg" height="13.33" preserveAspectRatio="xMinYMax meet" viewBox="-1 0 12 20" width="8" xmlns="http://www.w3.org/2000/svg" color="currentColor"><path d="M1.312 1.348L10.276 10l-8.964 8.644" fill="none" stroke="currentColor"></path></svg></span></a><div><a href="https://www.tesco.com/groceries/en-GB/shop/drinks/squash-and-cordial/squash/summer-fruits-and-berry-squash" class="styled__Anchor-sc-1xbujuz-0 jSzuDt rest-of-shelf-link beans-link__anchor" data-auto="rest-of-shelf-link"><span class="styled__Text-sc-1xbujuz-1 fyDIEo beans-link__text">Rest of <span class="visually-hidden">Summer Fruits &amp; Berry Squash</span> shelf</span><span class="styled__IconContainer-sc-1xbujuz-2 bSauSL beans-link__icon-container"><svg aria-hidden="true" class="styled__SVG-xxa4wh-1 hQMCqc beans-link__icon beans-icon__svg" height="13.33" preserveAspectRatio="xMinYMax meet" viewBox="-1 0 12 20" width="8" xmlns="http://www.w3.org/2000/svg" color="currentColor"><path d="M1.312 1.348L10.276 10l-8.964 8.644" fill="none" stroke="currentColor"></path></svg></span></a></div><div class="product-info-message-section"><div class="product-info-message-list"></div></div></div><div class="styles__StyledBuyBoxWrapper-dvv1wj-4 dSvjUC"><div class="styles__StyledBuyBoxContainer-sc-1wx0qp6-0 erryje" data-auto="buybox-container"><div class="styles__SafeFormWrapper-jtpu2t-0 lcrYKS"><form action="https://www.tesco.com/groceries/en-GB/trolley/items/309761858?_method=PUT" method="POST"><input type="submit" class="hidden"><input name="id" type="hidden" value="309761858"><input name="identifier" type="hidden" value="Page"><input name="anchorId" type="hidden" value="#tile-309761858"><input name="returnUrl" type="hidden" value="/groceries/en-GB/shop/drinks/all?redirectIfUnavailable=true#tile-309761858"><input name="backToUrl" type="hidden" value="#"><input name="oldValue" type="hidden" value="0"><input name="oldUnitChoice" type="hidden" value="pcs"><input name="newUnitChoice" type="hidden" value="pcs"><div class="base-components__RootElement-sc-1mosoyj-1 styled__Container-sc-6nhkzi-0 jptQqM hSNpTb beans-buybox__container"><div class="base-components__BaseElement-sc-1mosoyj-0 styled__PriceAndActions-sc-6nhkzi-3 oznwo eEPLov beans-buybox__price-and-actions"><div class="base-components__RootElement-sc-1mosoyj-1 styled__Container-sc-8qlq5b-0 jptQqM bgZrjw styled__StyledPrice-sc-6nhkzi-5 iYHeik beans-buybox__price beans-price__container"><p class="styled__StyledHeading-sc-119w3hf-2 jWPEtj styled__Text-sc-8qlq5b-1 lnaeiZ beans-price__text">£1.90</p><p class="styled__StyledFootnote-sc-119w3hf-7 icrlVF styled__Subtext-sc-8qlq5b-2 bNJmdc beans-price__subtext">£0.13/100ml</p></div><div class="base-components__RootElement-sc-1mosoyj-1 styled__Container-vtxwzb-0 jptQqM bDFhXJ beans-buybox__actions beans-quantity-controls__container"><div class="base-components__RootElement-sc-1mosoyj-1 styled__Container-sc-16t2b2a-0 jptQqM PUfgZ styled__StyledFormGroup-vtxwzb-1 kzKuAr beans-quantity-controls__form-group beans-form-group__container"><label class="styled__StyledLabel-sc-1ttuvhr-0 izGEjV beans-form-group__label beans-label" for="quantity-controls-309761858">Quantity controls </label><div class="base-components__BaseElement-sc-1mosoyj-0 styled__Children-sc-16t2b2a-3 oznwo gdJvjO beans-form-group__children"><div class="styled__StyledQuantityControlWrapper-vtxwzb-6 LCxOg"><label id="quantity-controls-309761858-label" class="styled__VisuallyHiddenLabel-vtxwzb-7 gXlLiM">Quantity of Tesco Quadruple Strength Apple &amp; Blackcurrant Squash No Added Sugar 1.5L</label><div class="component__Wrapper-sc-1kpmik-3 dReplG input-wrapper"><input class="base-components__RootElement-sc-1mosoyj-1 styled__StyledInput-sc-1jd5f57-0 component__StyledAsInput-sc-1kpmik-4 jptQqM eJLlow styled__StyledInput-vtxwzb-3 lwMHo beans-quantity-controls__input beans-input" data-auto="beans-quantity-controls-input" autocomplete="off" id="quantity-controls-309761858" maxlength="2" name="newValue" type="number" aria-labelledby="quantity-controls-309761858-label" value="1"></div></div><button class="styled__BaseButton-rsekm1-0 styled__PrimaryButton-rsekm1-2 jChbeY geeWOF styled__StyledButton-vtxwzb-5 japAxb beans-quantity-controls__add-button beans-button__container" type="submit" data-auto="beans-quantity-controls-add-button" aria-label="Quantity of Tesco Quadruple Strength Apple &amp; Blackcurrant Squash No Added Sugar 1.5L"><span class="base-components__BaseElement-sc-1mosoyj-0 styled__InnerContainer-rsekm1-1 oznwo fuFres beans-button__inner-container"><span class="base-components__BaseElement-sc-1mosoyj-0 styled__TextSpan-rsekm1-4 oznwo GDiMp beans-button__text">Add</span></span></button></div></div></div></div></div><input name="_csrf" type="hidden" value="0WbpBJF9-cS-fAMl-ByHnl5hECj1JaZiBQ20"></form></div></div></div></div><div class="hidden-medium product-info-section-small"><div class="product-info-message-list"></div></div></div></div></div></div></li><li class="product-list--list-item"><div class="styles__StyledVerticalTileWrapper-dvv1wj-0 dtCNPH"><div data-auto="product-tile" data-auto-type="Quantity" data-auto-available="true" data-auto-is-restricted-disabled="false" data-auto-is-substitute="false" class="styles__StyledVerticalTile-dvv1wj-1 gSCsYK"><div class="styles__StyledTileContentWrapper-dvv1wj-2 bkNhNP beans"><div id="tile-254859516" data-auto-id="254859516" class="styles__StyledTiledContent-dvv1wj-3 bcglTg"><a href="https://www.tesco.com/groceries/en-GB/products/254859516" aria-hidden="true" class="product-image-wrapper" tabindex="1"><div class="product-image__container"><picture><img class="styled__Image-sjvkdn-0 bJErKA product-image beans-responsive-image__image" src="./tesco_html_brand_drinks_files/3c1b1a9f-3afe-4ee8-83c9-3bac8f7d41e2_1929967848.jpeg" srcset="https://digitalcontent.api.tesco.com/v2/media/ghs/dbc36553-44c9-43de-a79f-410e5a325d26/3c1b1a9f-3afe-4ee8-83c9-3bac8f7d41e2_1929967848.jpeg?h=225&amp;w=225 768w, https://digitalcontent.api.tesco.com/v2/media/ghs/dbc36553-44c9-43de-a79f-410e5a325d26/3c1b1a9f-3afe-4ee8-83c9-3bac8f7d41e2_1929967848.jpeg?h=225&amp;w=225 4000w" alt="Tesco Pure Orange Juice Smooth 1 Litre"></picture></div></a><div class="product-details--wrapper"><h3 class="styles__H3-oa5soe-0 bCKNNq"><a href="https://www.tesco.com/groceries/en-GB/products/254859516" class="styled__Anchor-sc-1xbujuz-0 csVOnh beans-link__anchor" data-auto="product-tile--title"><span class="styled__Text-sc-1xbujuz-1 ldbwMG beans-link__text">Tesco Pure Orange Juice Smooth 1 Litre</span></a></h3><div class="styles__StyledProductDetailsContent-dvv1wj-5 ddRSrq"><a href="https://www.tesco.com/groceries/en-GB/reviews/submission/254859516?from=%2Fshop%2Fdrinks%2Fall" aria-label="Write a review for Tesco Pure Orange Juice Smooth 1 Litre" class="styled__Anchor-sc-1xbujuz-0 jSzuDt write-a-review-link beans-link__anchor" data-auto="review-link"><span class="styled__Text-sc-1xbujuz-1 fyDIEo beans-link__text">Write a review</span><span class="styled__IconContainer-sc-1xbujuz-2 bSauSL beans-link__icon-container"><svg aria-hidden="true" class="styled__SVG-xxa4wh-1 hQMCqc beans-link__icon beans-icon__svg" height="13.33" preserveAspectRatio="xMinYMax meet" viewBox="-1 0 12 20" width="8" xmlns="http://www.w3.org/2000/svg" color="currentColor"><path d="M1.312 1.348L10.276 10l-8.964 8.644" fill="none" stroke="currentColor"></path></svg></span></a><div><a href="https://www.tesco.com/groceries/en-GB/shop/drinks/juices-and-smoothies/long-life-juice/long-life-orange-juice" class="styled__Anchor-sc-1xbujuz-0 jSzuDt rest-of-shelf-link beans-link__anchor" data-auto="rest-of-shelf-link"><span class="styled__Text-sc-1xbujuz-1 fyDIEo beans-link__text">Rest of <span class="visually-hidden">Long Life Orange Juice</span> shelf</span><span class="styled__IconContainer-sc-1xbujuz-2 bSauSL beans-link__icon-container"><svg aria-hidden="true" class="styled__SVG-xxa4wh-1 hQMCqc beans-link__icon beans-icon__svg" height="13.33" preserveAspectRatio="xMinYMax meet" viewBox="-1 0 12 20" width="8" xmlns="http://www.w3.org/2000/svg" color="currentColor"><path d="M1.312 1.348L10.276 10l-8.964 8.644" fill="none" stroke="currentColor"></path></svg></span></a></div><div class="product-info-message-section"><div class="product-info-message-list"></div></div></div><div class="styles__StyledPromotionsWithBuyBoxWrapper-dvv1wj-8 cZskDh"><div class="styles__StyledPromotionsAboveMobile-dvv1wj-7 iPTMuo"><div class="styles__StyledPromotionsWithClubcardPriceContainer-sc-1vdpoop-0 bsPFbn"><div class="styles__StyledClubcardLogo-sc-1vdpoop-2 elOZEB"><div class="styles__Wrapper-sc-1d2phhy-0 hgBuQG undefined special-offer-sash"><span class="styles__CircleWrapper-sc-1d2phhy-2 hCbzjm"><strong class="styles__TextWrapper-sc-1d2phhy-1 bLXNGg">Clubcard Price</strong></span></div></div><a href="https://www.tesco.com/groceries/en-GB/promotions/88596985"><div class="styles__ProductPromotionStyling-sc-1vdpoop-3 WGKAK"><div class="styles__StyledPromotionsOfferContent-sc-1vdpoop-1 cPSekc"><span class="offer-text">Any 4 for £3.50 Clubcard Price - Tesco Orange Or Apple Juice 1 Litre</span></div><span class="dates">Offer valid for delivery from 17/10/2022 until 31/12/2023</span></div></a></div></div><div class="styles__StyledBuyBoxWrapper-dvv1wj-4 dSvjUC"><div class="styles__StyledBuyBoxContainer-sc-1wx0qp6-0 erryje" data-auto="buybox-container"><div class="styles__SafeFormWrapper-jtpu2t-0 lcrYKS"><form action="https://www.tesco.com/groceries/en-GB/trolley/items/254859516?_method=PUT" method="POST"><input type="submit" class="hidden"><input name="id" type="hidden" value="254859516"><input name="identifier" type="hidden" value="Page"><input name="anchorId" type="hidden" value="#tile-254859516"><input name="returnUrl" type="hidden" value="/groceries/en-GB/shop/drinks/all?redirectIfUnavailable=true#tile-254859516"><input name="backToUrl" type="hidden" value="#"><input name="oldValue" type="hidden" value="0"><input name="oldUnitChoice" type="hidden" value="pcs"><input name="newUnitChoice" type="hidden" value="pcs"><div class="base-components__RootElement-sc-1mosoyj-1 styled__Container-sc-6nhkzi-0 jptQqM hSNpTb beans-buybox__container"><div class="base-components__BaseElement-sc-1mosoyj-0 styled__PriceAndActions-sc-6nhkzi-3 oznwo eEPLov beans-buybox__price-and-actions"><div class="base-components__RootElement-sc-1mosoyj-1 styled__Container-sc-8qlq5b-0 jptQqM bgZrjw styled__StyledPrice-sc-6nhkzi-5 iYHeik beans-buybox__price beans-price__container"><p class="styled__StyledHeading-sc-119w3hf-2 jWPEtj styled__Text-sc-8qlq5b-1 lnaeiZ beans-price__text">£1.00</p><p class="styled__StyledFootnote-sc-119w3hf-7 icrlVF styled__Subtext-sc-8qlq5b-2 bNJmdc beans-price__subtext">£0.10/100ml</p></div><div class="base-components__RootElement-sc-1mosoyj-1 styled__Container-vtxwzb-0 jptQqM bDFhXJ beans-buybox__actions beans-quantity-controls__container"><div class="base-components__RootElement-sc-1mosoyj-1 styled__Container-sc-16t2b2a-0 jptQqM PUfgZ styled__StyledFormGroup-vtxwzb-1 kzKuAr beans-quantity-controls__form-group beans-form-group__container"><label class="styled__StyledLabel-sc-1ttuvhr-0 izGEjV beans-form-group__label beans-label" for="quantity-controls-254859516">Quantity controls </label><div class="base-components__BaseElement-sc-1mosoyj-0 styled__Children-sc-16t2b2a-3 oznwo gdJvjO beans-form-group__children"><div class="styled__StyledQuantityControlWrapper-vtxwzb-6 LCxOg"><label id="quantity-controls-254859516-label" class="styled__VisuallyHiddenLabel-vtxwzb-7 gXlLiM">Quantity of Tesco Pure Orange Juice Smooth 1 Litre</label><div class="component__Wrapper-sc-1kpmik-3 dReplG input-wrapper"><input class="base-components__RootElement-sc-1mosoyj-1 styled__StyledInput-sc-1jd5f57-0 component__StyledAsInput-sc-1kpmik-4 jptQqM eJLlow styled__StyledInput-vtxwzb-3 lwMHo beans-quantity-controls__input beans-input" data-auto="beans-quantity-controls-input" autocomplete="off" id="quantity-controls-254859516" maxlength="2" name="newValue" type="number" aria-labelledby="quantity-controls-254859516-label" value="1"></div></div><button class="styled__BaseButton-rsekm1-0 styled__PrimaryButton-rsekm1-2 jChbeY geeWOF styled__StyledButton-vtxwzb-5 japAxb beans-quantity-controls__add-button beans-button__container" type="submit" data-auto="beans-quantity-controls-add-button" aria-label="Quantity of Tesco Pure Orange Juice Smooth 1 Litre"><span class="base-components__BaseElement-sc-1mosoyj-0 styled__InnerContainer-rsekm1-1 oznwo fuFres beans-button__inner-container"><span class="base-components__BaseElement-sc-1mosoyj-0 styled__TextSpan-rsekm1-4 oznwo GDiMp beans-button__text">Add</span></span></button></div></div></div></div></div><input name="_csrf" type="hidden" value="0WbpBJF9-cS-fAMl-ByHnl5hECj1JaZiBQ20"></form></div></div></div></div></div><div class="hidden-medium product-info-section-small"><div class="product-info-message-list"></div></div></div><div class="styles__StyledPromotionsMobile-dvv1wj-6 Bxaeb"><div><div class="styles__StyledPromotionsWithClubcardPriceContainer-sc-1vdpoop-0 bsPFbn"><div class="styles__StyledClubcardLogo-sc-1vdpoop-2 elOZEB"><div class="styles__Wrapper-sc-1d2phhy-0 hgBuQG undefined special-offer-sash"><span class="styles__CircleWrapper-sc-1d2phhy-2 hCbzjm"><strong class="styles__TextWrapper-sc-1d2phhy-1 bLXNGg">Clubcard Price</strong></span></div></div><a href="https://www.tesco.com/groceries/en-GB/promotions/88596985"><div class="styles__ProductPromotionStyling-sc-1vdpoop-3 WGKAK"><div class="styles__StyledPromotionsOfferContent-sc-1vdpoop-1 cPSekc"><span class="offer-text">Any 4 for £3.50 Clubcard Price - Tesco Orange Or Apple Juice 1 Litre</span></div><span class="dates">Offer valid for delivery from 17/10/2022 until 31/12/2023</span></div></a></div></div></div></div></div></div></li><li class="product-list--list-item"><div class="styles__StyledVerticalTileWrapper-dvv1wj-0 dtCNPH"><div data-auto="product-tile" data-auto-type="Quantity" data-auto-available="true" data-auto-is-restricted-disabled="false" data-auto-is-substitute="false" class="styles__StyledVerticalTile-dvv1wj-1 gSCsYK"><div class="styles__StyledTileContentWrapper-dvv1wj-2 bkNhNP beans"><div id="tile-258997144" data-auto-id="258997144" class="styles__StyledTiledContent-dvv1wj-3 bcglTg"><a href="https://www.tesco.com/groceries/en-GB/products/258997144" aria-hidden="true" class="product-image-wrapper" tabindex="1"><div class="product-image__container"><picture><img class="styled__Image-sjvkdn-0 bJErKA product-image beans-responsive-image__image" src="data:image/gif;base64,R0lGODlhAQABAAAAACH5BAEKAAEALAAAAAABAAEAAAICTAEAOw==" srcset="https://digitalcontent.api.tesco.com/v2/media/ghs/804c8912-1e3c-4edd-8831-ab0c855da35c/1614f58e-e284-43a3-a7b9-ace0e5a7c3db.jpeg?h=225&amp;w=225 768w, data:image/gif;base64,R0lGODlhAQABAAAAACH5BAEKAAEALAAAAAABAAEAAAICTAEAOw== 4000w" alt="Tesco Orange Juice With Bits Not From Concentrate 1L"></picture></div></a><div class="product-details--wrapper"><h3 class="styles__H3-oa5soe-0 bCKNNq"><a href="https://www.tesco.com/groceries/en-GB/products/258997144" class="styled__Anchor-sc-1xbujuz-0 csVOnh beans-link__anchor" data-auto="product-tile--title"><span class="styled__Text-sc-1xbujuz-1 ldbwMG beans-link__text">Tesco Orange Juice With Bits Not From Concentrate 1L</span></a></h3><div class="styles__StyledPromotionsAboveMobile-dvv1wj-7 iPTMuo"></div><div class="styles__StyledProductDetailsContent-dvv1wj-5 ddRSrq"><a href="https://www.tesco.com/groceries/en-GB/reviews/submission/258997144?from=%2Fshop%2Fdrinks%2Fall" aria-label="Write a review for Tesco Orange Juice With Bits Not From Concentrate 1L" class="styled__Anchor-sc-1xbujuz-0 jSzuDt write-a-review-link beans-link__anchor" data-auto="review-link"><span class="styled__Text-sc-1xbujuz-1 fyDIEo beans-link__text">Write a review</span><span class="styled__IconContainer-sc-1xbujuz-2 bSauSL beans-link__icon-container"><svg aria-hidden="true" class="styled__SVG-xxa4wh-1 hQMCqc beans-link__icon beans-icon__svg" height="13.33" preserveAspectRatio="xMinYMax meet" viewBox="-1 0 12 20" width="8" xmlns="http://www.w3.org/2000/svg" color="currentColor"><path d="M1.312 1.348L10.276 10l-8.964 8.644" fill="none" stroke="currentColor"></path></svg></span></a><div><a href="https://www.tesco.com/groceries/en-GB/shop/drinks/juices-and-smoothies/fresh-juice/orange-juice" class="styled__Anchor-sc-1xbujuz-0 jSzuDt rest-of-shelf-link beans-link__anchor" data-auto="rest-of-shelf-link"><span class="styled__Text-sc-1xbujuz-1 fyDIEo beans-link__text">Rest of <span class="visually-hidden">Orange Juice</span> shelf</span><span class="styled__IconContainer-sc-1xbujuz-2 bSauSL beans-link__icon-container"><svg aria-hidden="true" class="styled__SVG-xxa4wh-1 hQMCqc beans-link__icon beans-icon__svg" height="13.33" preserveAspectRatio="xMinYMax meet" viewBox="-1 0 12 20" width="8" xmlns="http://www.w3.org/2000/svg" color="currentColor"><path d="M1.312 1.348L10.276 10l-8.964 8.644" fill="none" stroke="currentColor"></path></svg></span></a></div><div class="product-info-message-section"><div class="product-info-message-list"></div></div></div><div class="styles__StyledBuyBoxWrapper-dvv1wj-4 dSvjUC"><div class="styles__StyledBuyBoxContainer-sc-1wx0qp6-0 erryje" data-auto="buybox-container"><div class="styles__SafeFormWrapper-jtpu2t-0 lcrYKS"><form action="https://www.tesco.com/groceries/en-GB/trolley/items/258997144?_method=PUT" method="POST"><input type="submit" class="hidden"><input name="id" type="hidden" value="258997144"><input name="identifier" type="hidden" value="Page"><input name="anchorId" type="hidden" value="#tile-258997144"><input name="returnUrl" type="hidden" value="/groceries/en-GB/shop/drinks/all?redirectIfUnavailable=true#tile-258997144"><input name="backToUrl" type="hidden" value="#"><input name="oldValue" type="hidden" value="0"><input name="oldUnitChoice" type="hidden" value="pcs"><input name="newUnitChoice" type="hidden" value="pcs"><div class="base-components__RootElement-sc-1mosoyj-1 styled__Container-sc-6nhkzi-0 jptQqM hSNpTb beans-buybox__container"><div class="base-components__BaseElement-sc-1mosoyj-0 styled__PriceAndActions-sc-6nhkzi-3 oznwo eEPLov beans-buybox__price-and-actions"><div class="base-components__RootElement-sc-1mosoyj-1 styled__Container-sc-8qlq5b-0 jptQqM bgZrjw styled__StyledPrice-sc-6nhkzi-5 iYHeik beans-buybox__price beans-price__container"><p class="styled__StyledHeading-sc-119w3hf-2 jWPEtj styled__Text-sc-8qlq5b-1 lnaeiZ beans-price__text">£1.45</p><p class="styled__StyledFootnote-sc-119w3hf-7 icrlVF styled__Subtext-sc-8qlq5b-2 bNJmdc beans-price__subtext">£0.14/100ml</p></div><div class="base-components__RootElement-sc-1mosoyj-1 styled__Container-vtxwzb-0 jptQqM bDFhXJ beans-buybox__actions beans-quantity-controls__container"><div class="base-components__RootElement-sc-1mosoyj-1 styled__Container-sc-16t2b2a-0 jptQqM PUfgZ styled__StyledFormGroup-vtxwzb-1 kzKuAr beans-quantity-controls__form-group beans-form-group__container"><label class="styled__StyledLabel-sc-1ttuvhr-0 izGEjV beans-form-group__label beans-label" for="quantity-controls-258997144">Quantity controls </label><div class="base-components__BaseElement-sc-1mosoyj-0 styled__Children-sc-16t2b2a-3 oznwo gdJvjO beans-form-group__children"><div class="styled__StyledQuantityControlWrapper-vtxwzb-6 LCxOg"><label id="quantity-controls-258997144-label" class="styled__VisuallyHiddenLabel-vtxwzb-7 gXlLiM">Quantity of Tesco Orange Juice With Bits Not From Concentrate 1L</label><div class="component__Wrapper-sc-1kpmik-3 dReplG input-wrapper"><input class="base-components__RootElement-sc-1mosoyj-1 styled__StyledInput-sc-1jd5f57-0 component__StyledAsInput-sc-1kpmik-4 jptQqM eJLlow styled__StyledInput-vtxwzb-3 lwMHo beans-quantity-controls__input beans-input" data-auto="beans-quantity-controls-input" autocomplete="off" id="quantity-controls-258997144" maxlength="2" name="newValue" type="number" aria-labelledby="quantity-controls-258997144-label" value="1"></div></div><button class="styled__BaseButton-rsekm1-0 styled__PrimaryButton-rsekm1-2 jChbeY geeWOF styled__StyledButton-vtxwzb-5 japAxb beans-quantity-controls__add-button beans-button__container" type="submit" data-auto="beans-quantity-controls-add-button" aria-label="Quantity of Tesco Orange Juice With Bits Not From Concentrate 1L"><span class="base-components__BaseElement-sc-1mosoyj-0 styled__InnerContainer-rsekm1-1 oznwo fuFres beans-button__inner-container"><span class="base-components__BaseElement-sc-1mosoyj-0 styled__TextSpan-rsekm1-4 oznwo GDiMp beans-button__text">Add</span></span></button></div></div></div></div></div><input name="_csrf" type="hidden" value="0WbpBJF9-cS-fAMl-ByHnl5hECj1JaZiBQ20"></form></div></div></div></div><div class="hidden-medium product-info-section-small"><div class="product-info-message-list"></div></div></div></div></div></div></li><li class="product-list--list-item"><div class="styles__StyledVerticalTileWrapper-dvv1wj-0 dtCNPH"><div data-auto="product-tile" data-auto-type="Quantity" data-auto-available="true" data-auto-is-restricted-disabled="false" data-auto-is-substitute="false" class="styles__StyledVerticalTile-dvv1wj-1 gSCsYK"><div class="styles__StyledTileContentWrapper-dvv1wj-2 bkNhNP beans"><div id="tile-259151850" data-auto-id="259151850" class="styles__StyledTiledContent-dvv1wj-3 bcglTg"><a href="https://www.tesco.com/groceries/en-GB/products/259151850" aria-hidden="true" class="product-image-wrapper" tabindex="1"><div class="product-image__container"><picture><img class="styled__Image-sjvkdn-0 bJErKA product-image beans-responsive-image__image" src="data:image/gif;base64,R0lGODlhAQABAAAAACH5BAEKAAEALAAAAAABAAEAAAICTAEAOw==" srcset="https://digitalcontent.api.tesco.com/v2/media/ghs/82b3b982-084b-4fd8-9675-0b57648e13ff/b4a14801-32ca-4660-9d9f-b8983c6abef7.jpeg?h=225&amp;w=225 768w, data:image/gif;base64,R0lGODlhAQABAAAAACH5BAEKAAEALAAAAAABAAEAAAICTAEAOw== 4000w" alt="Tesco 100% Pure Squeezed Orange Juice Smooth Not From Concentrate 1L"></picture></div></a><div class="product-details--wrapper"><h3 class="styles__H3-oa5soe-0 bCKNNq"><a href="https://www.tesco.com/groceries/en-GB/products/259151850" class="styled__Anchor-sc-1xbujuz-0 csVOnh beans-link__anchor" data-auto="product-tile--title"><span class="styled__Text-sc-1xbujuz-1 ldbwMG beans-link__text">Tesco 100% Pure Squeezed Orange Juice Smooth Not From Concentrate 1L</span></a></h3><div class="styles__StyledPromotionsAboveMobile-dvv1wj-7 iPTMuo"></div><div class="styles__StyledProductDetailsContent-dvv1wj-5 ddRSrq"><a href="https://www.tesco.com/groceries/en-GB/reviews/submission/259151850?from=%2Fshop%2Fdrinks%2Fall" aria-label="Write a review for Tesco 100% Pure Squeezed Orange Juice Smooth Not From Concentrate 1L" class="styled__Anchor-sc-1xbujuz-0 jSzuDt write-a-review-link beans-link__anchor" data-auto="review-link"><span class="styled__Text-sc-1xbujuz-1 fyDIEo beans-link__text">Write a review</span><span class="styled__IconContainer-sc-1xbujuz-2 bSauSL beans-link__icon-container"><svg aria-hidden="true" class="styled__SVG-xxa4wh-1 hQMCqc beans-link__icon beans-icon__svg" height="13.33" preserveAspectRatio="xMinYMax meet" viewBox="-1 0 12 20" width="8" xmlns="http://www.w3.org/2000/svg" color="currentColor"><path d="M1.312 1.348L10.276 10l-8.964 8.644" fill="none" stroke="currentColor"></path></svg></span></a><div><a href="https://www.tesco.com/groceries/en-GB/shop/drinks/juices-and-smoothies/fresh-juice/orange-juice" class="styled__Anchor-sc-1xbujuz-0 jSzuDt rest-of-shelf-link beans-link__anchor" data-auto="rest-of-shelf-link"><span class="styled__Text-sc-1xbujuz-1 fyDIEo beans-link__text">Rest of <span class="visually-hidden">Orange Juice</span> shelf</span><span class="styled__IconContainer-sc-1xbujuz-2 bSauSL beans-link__icon-container"><svg aria-hidden="true" class="styled__SVG-xxa4wh-1 hQMCqc beans-link__icon beans-icon__svg" height="13.33" preserveAspectRatio="xMinYMax meet" viewBox="-1 0 12 20" width="8" xmlns="http://www.w3.org/2000/svg" color="currentColor"><path d="M1.312 1.348L10.276 10l-8.964 8.644" fill="none" stroke="currentColor"></path></svg></span></a></div><div class="product-info-message-section"><div class="product-info-message-list"></div></div></div><div class="styles__StyledBuyBoxWrapper-dvv1wj-4 dSvjUC"><div class="styles__StyledBuyBoxContainer-sc-1wx0qp6-0 erryje" data-auto="buybox-container"><div class="styles__SafeFormWrapper-jtpu2t-0 lcrYKS"><form action="https://www.tesco.com/groceries/en-GB/trolley/items/259151850?_method=PUT" method="POST"><input type="submit" class="hidden"><input name="id" type="hidden" value="259151850"><input name="identifier" type="hidden" value="Page"><input name="anchorId" type="hidden" value="#tile-259151850"><input name="returnUrl" type="hidden" value="/groceries/en-GB/shop/drinks/all?redirectIfUnavailable=true#tile-259151850"><input name="backToUrl" type="hidden" value="#"><input name="oldValue" type="hidden" value="0"><input name="oldUnitChoice" type="hidden" value="pcs"><input name="newUnitChoice" type="hidden" value="pcs"><div class="base-components__RootElement-sc-1mosoyj-1 styled__Container-sc-6nhkzi-0 jptQqM hSNpTb beans-buybox__container"><div class="base-components__BaseElement-sc-1mosoyj-0 styled__PriceAndActions-sc-6nhkzi-3 oznwo eEPLov beans-buybox__price-and-actions"><div class="base-components__RootElement-sc-1mosoyj-1 styled__Container-sc-8qlq5b-0 jptQqM bgZrjw styled__StyledPrice-sc-6nhkzi-5 iYHeik beans-buybox__price beans-price__container"><p class="styled__StyledHeading-sc-119w3hf-2 jWPEtj styled__Text-sc-8qlq5b-1 lnaeiZ beans-price__text">£1.45</p><p class="styled__StyledFootnote-sc-119w3hf-7 icrlVF styled__Subtext-sc-8qlq5b-2 bNJmdc beans-price__subtext">£0.14/100ml</p></div><div class="base-components__RootElement-sc-1mosoyj-1 styled__Container-vtxwzb-0 jptQqM bDFhXJ beans-buybox__actions beans-quantity-controls__container"><div class="base-components__RootElement-sc-1mosoyj-1 styled__Container-sc-16t2b2a-0 jptQqM PUfgZ styled__StyledFormGroup-vtxwzb-1 kzKuAr beans-quantity-controls__form-group beans-form-group__container"><label class="styled__StyledLabel-sc-1ttuvhr-0 izGEjV beans-form-group__label beans-label" for="quantity-controls-259151850">Quantity controls </label><div class="base-components__BaseElement-sc-1mosoyj-0 styled__Children-sc-16t2b2a-3 oznwo gdJvjO beans-form-group__children"><div class="styled__StyledQuantityControlWrapper-vtxwzb-6 LCxOg"><label id="quantity-controls-259151850-label" class="styled__VisuallyHiddenLabel-vtxwzb-7 gXlLiM">Quantity of Tesco 100% Pure Squeezed Orange Juice Smooth Not From Concentrate 1L</label><div class="component__Wrapper-sc-1kpmik-3 dReplG input-wrapper"><input class="base-components__RootElement-sc-1mosoyj-1 styled__StyledInput-sc-1jd5f57-0 component__StyledAsInput-sc-1kpmik-4 jptQqM eJLlow styled__StyledInput-vtxwzb-3 lwMHo beans-quantity-controls__input beans-input" data-auto="beans-quantity-controls-input" autocomplete="off" id="quantity-controls-259151850" maxlength="2" name="newValue" type="number" aria-labelledby="quantity-controls-259151850-label" value="1"></div></div><button class="styled__BaseButton-rsekm1-0 styled__PrimaryButton-rsekm1-2 jChbeY geeWOF styled__StyledButton-vtxwzb-5 japAxb beans-quantity-controls__add-button beans-button__container" type="submit" data-auto="beans-quantity-controls-add-button" aria-label="Quantity of Tesco 100% Pure Squeezed Orange Juice Smooth Not From Concentrate 1L"><span class="base-components__BaseElement-sc-1mosoyj-0 styled__InnerContainer-rsekm1-1 oznwo fuFres beans-button__inner-container"><span class="base-components__BaseElement-sc-1mosoyj-0 styled__TextSpan-rsekm1-4 oznwo GDiMp beans-button__text">Add</span></span></button></div></div></div></div></div><input name="_csrf" type="hidden" value="0WbpBJF9-cS-fAMl-ByHnl5hECj1JaZiBQ20"></form></div></div></div></div><div class="hidden-medium product-info-section-small"><div class="product-info-message-list"></div></div></div></div></div></div></li><li class="product-list--list-item"><div class="styles__StyledVerticalTileWrapper-dvv1wj-0 dtCNPH"><div data-auto="product-tile" data-auto-type="Quantity" data-auto-available="true" data-auto-is-restricted-disabled="false" data-auto-is-substitute="false" class="styles__StyledVerticalTile-dvv1wj-1 gSCsYK"><div class="styles__StyledTileContentWrapper-dvv1wj-2 bkNhNP beans"><div id="tile-300473931" data-auto-id="300473931" class="styles__StyledTiledContent-dvv1wj-3 bcglTg"><a href="https://www.tesco.com/groceries/en-GB/products/300473931" aria-hidden="true" class="product-image-wrapper" tabindex="1"><div class="product-image__container"><picture><img class="styled__Image-sjvkdn-0 bJErKA product-image beans-responsive-image__image" src="data:image/gif;base64,R0lGODlhAQABAAAAACH5BAEKAAEALAAAAAABAAEAAAICTAEAOw==" srcset="https://digitalcontent.api.tesco.com/v2/media/ghs/0aaef133-b385-4cfa-adb1-3d61865048fa/f76bcecc-8428-4c9a-862f-3b6d91283ac0.jpeg?h=225&amp;w=225 768w, data:image/gif;base64,R0lGODlhAQABAAAAACH5BAEKAAEALAAAAAABAAEAAAICTAEAOw== 4000w" alt="Growers Harvest Pure Apple Juice 1 Litre"></picture></div></a><div class="product-details--wrapper"><h3 class="styles__H3-oa5soe-0 bCKNNq"><a href="https://www.tesco.com/groceries/en-GB/products/300473931" class="styled__Anchor-sc-1xbujuz-0 csVOnh beans-link__anchor" data-auto="product-tile--title"><span class="styled__Text-sc-1xbujuz-1 ldbwMG beans-link__text">Growers Harvest Pure Apple Juice 1 Litre</span></a></h3><div class="styles__StyledPromotionsAboveMobile-dvv1wj-7 iPTMuo"></div><div class="styles__StyledProductDetailsContent-dvv1wj-5 ddRSrq"><a href="https://www.tesco.com/groceries/en-GB/reviews/submission/300473931?from=%2Fshop%2Fdrinks%2Fall" aria-label="Write a review for Growers Harvest Pure Apple Juice 1 Litre" class="styled__Anchor-sc-1xbujuz-0 jSzuDt write-a-review-link beans-link__anchor" data-auto="review-link"><span class="styled__Text-sc-1xbujuz-1 fyDIEo beans-link__text">Write a review</span><span class="styled__IconContainer-sc-1xbujuz-2 bSauSL beans-link__icon-container"><svg aria-hidden="true" class="styled__SVG-xxa4wh-1 hQMCqc beans-link__icon beans-icon__svg" height="13.33" preserveAspectRatio="xMinYMax meet" viewBox="-1 0 12 20" width="8" xmlns="http://www.w3.org/2000/svg" color="currentColor"><path d="M1.312 1.348L10.276 10l-8.964 8.644" fill="none" stroke="currentColor"></path></svg></span></a><div><a href="https://www.tesco.com/groceries/en-GB/shop/drinks/juices-and-smoothies/fresh-juice/apple-juice" class="styled__Anchor-sc-1xbujuz-0 jSzuDt rest-of-shelf-link beans-link__anchor" data-auto="rest-of-shelf-link"><span class="styled__Text-sc-1xbujuz-1 fyDIEo beans-link__text">Rest of <span class="visually-hidden">Apple Juice</span> shelf</span><span class="styled__IconContainer-sc-1xbujuz-2 bSauSL beans-link__icon-container"><svg aria-hidden="true" class="styled__SVG-xxa4wh-1 hQMCqc beans-link__icon beans-icon__svg" height="13.33" preserveAspectRatio="xMinYMax meet" viewBox="-1 0 12 20" width="8" xmlns="http://www.w3.org/2000/svg" color="currentColor"><path d="M1.312 1.348L10.276 10l-8.964 8.644" fill="none" stroke="currentColor"></path></svg></span></a></div><div class="product-info-message-section"><div class="product-info-message-list"><div class="styled__WhiteBackground-sc-9yzfq2-1 jthPIJ"><svg width="56" height="56" viewBox="0 0 56 56" fill="none" xmlns="http://www.w3.org/2000/svg"><path d="M52.1301 27.8766C52.1301 14.5534 41.3293 3.75308 28.0066 3.75308C14.6834 3.75308 3.88306 14.5534 3.88306 27.8766C3.88306 41.1998 14.6834 52.0002 28.0066 52.0002C41.3293 52.0002 52.1301 41.1998 52.1301 27.8766Z" fill="#EE1C2E"></path><path d="M19.6853 36.5687L31.8169 48.6998L52.6633 27.8998L51.9894 23.0423L31.886 43.1452L22.5438 33.803L19.6853 36.5687Z" fill="white"></path><path d="M24.2699 12.0048L23.5594 9.93467L22.8484 12.0048H24.2699ZM24.6345 13.0711H22.4844L21.9776 14.5375H20.7515L22.9815 8.31722H24.1369L26.3669 14.5375H25.1408L24.6345 13.0711Z" fill="white"></path><path d="M27.8359 14.5375H26.734V8.24609H27.8359V14.5375Z" fill="white"></path><path d="M31.5684 13.2309C31.7849 12.9886 31.8927 12.6597 31.8927 12.2446C31.8927 11.8306 31.7849 11.5016 31.5684 11.2588C31.3524 11.0159 31.0811 10.8942 30.7558 10.8942C30.4299 10.8942 30.1587 11.0159 29.9427 11.2588C29.7267 11.5016 29.6184 11.8306 29.6184 12.2446C29.6184 12.6597 29.7267 12.9886 29.9427 13.2309C30.1587 13.4738 30.4299 13.5955 30.7558 13.5955C31.0811 13.5955 31.3524 13.4738 31.5684 13.2309ZM29.4673 14.3065C29.159 14.1049 28.9177 13.8234 28.7429 13.4619C28.5681 13.101 28.481 12.6952 28.481 12.2446C28.481 11.7888 28.5655 11.3815 28.7341 11.0231C28.9032 10.6648 29.1384 10.3848 29.4405 10.1837C29.7426 9.98212 30.0891 9.88158 30.48 9.88158C30.7883 9.88158 31.0579 9.93624 31.2889 10.0455C31.5199 10.1554 31.6978 10.3106 31.8221 10.5122V8.24609H32.9239V14.5375H31.8221V13.9863C31.6916 14.1704 31.5137 14.3194 31.2889 14.4349C31.0636 14.5504 30.797 14.6086 30.4892 14.6086C30.1159 14.6086 29.7751 14.5076 29.4673 14.3065Z" fill="white"></path><path d="M34.9657 14.5375H33.8638V9.95224H34.9657V14.5375ZM33.9082 8.34408C34.0443 8.20796 34.2129 8.1399 34.4145 8.1399C34.6161 8.1399 34.7847 8.20796 34.9208 8.34408C35.0574 8.48071 35.1255 8.64931 35.1255 8.8504C35.1255 9.052 35.0574 9.22112 34.9208 9.35724C34.7847 9.49336 34.6161 9.56142 34.4145 9.56142C34.2129 9.56142 34.0443 9.49336 33.9082 9.35724C33.7715 9.22112 33.704 9.052 33.704 8.8504C33.704 8.64931 33.7715 8.48071 33.9082 8.34408Z" fill="white"></path><path d="M19.6791 19.3347C19.8894 19.1506 19.9946 18.8779 19.9946 18.5169C19.9946 18.1565 19.8894 17.8838 19.6791 17.6997C19.4682 17.5156 19.183 17.4233 18.8221 17.4233H17.5027V19.6111H18.8221C19.183 19.6111 19.4682 19.5188 19.6791 19.3347ZM17.5027 23.9628H16.0374V16.0704H18.9345C19.461 16.0704 19.9157 16.1776 20.2988 16.3921C20.6824 16.6061 20.9753 16.8995 21.1784 17.2712C21.3816 17.6435 21.4826 18.0586 21.4826 18.5169C21.4826 18.9758 21.3816 19.3909 21.1784 19.7632C20.9753 20.1354 20.6824 20.4283 20.2988 20.6423C19.9157 20.8568 19.461 20.9635 18.9345 20.9635H17.5027V23.9628Z" fill="white"></path><path d="M22.0396 18.1451H23.4379V19.0248C23.6029 18.7087 23.8359 18.4684 24.1365 18.3029C24.4376 18.1374 24.7717 18.0549 25.1404 18.0549C25.5235 18.0549 25.8241 18.1415 26.0422 18.3143L25.5689 19.4981C25.3729 19.3929 25.1662 19.3403 24.9486 19.3403C24.5124 19.3403 24.152 19.528 23.8663 19.9039C23.5802 20.2797 23.4379 20.8582 23.4379 21.6404V23.9627H22.0396V18.1451Z" fill="white"></path><path d="M27.8879 23.9627H26.4896V18.1451H27.8879V23.9627ZM26.5458 16.1044C26.7191 15.9316 26.933 15.845 27.1888 15.845C27.444 15.845 27.658 15.9316 27.8312 16.1044C28.0039 16.2771 28.0906 16.4916 28.0906 16.7468C28.0906 17.0026 28.0039 17.217 27.8312 17.3898C27.658 17.5625 27.444 17.6491 27.1888 17.6491C26.933 17.6491 26.7191 17.5625 26.5458 17.3898C26.3731 17.217 26.287 17.0026 26.287 16.7468C26.287 16.4916 26.3731 16.2771 26.5458 16.1044Z" fill="white"></path><path d="M30.0603 23.6693C29.6168 23.4141 29.2714 23.0588 29.0234 22.6041C28.7754 22.1493 28.6511 21.6327 28.6511 21.0537C28.6511 20.4752 28.7754 19.9585 29.0234 19.5038C29.2714 19.049 29.6168 18.6937 30.0603 18.438C30.5037 18.1828 31.011 18.0549 31.5823 18.0549C32.8749 18.0549 33.751 18.585 34.2093 19.6445L32.9353 20.2199C32.6424 19.6332 32.1913 19.3403 31.5823 19.3403C31.1466 19.3403 30.7857 19.4981 30.5001 19.8136C30.2144 20.1297 30.0716 20.5427 30.0716 21.0537C30.0716 21.5651 30.2144 21.9787 30.5001 22.2942C30.7857 22.6097 31.1466 22.7675 31.5823 22.7675C32.1913 22.7675 32.6424 22.4747 32.9353 21.8884L34.2093 22.4633C33.751 23.5229 32.8749 24.0529 31.5823 24.0529C31.011 24.0529 30.5037 23.9251 30.0603 23.6693Z" fill="white"></path><path d="M38.727 20.3999C38.6744 20.0694 38.5223 19.7987 38.2707 19.5883C38.0186 19.3779 37.7015 19.2728 37.3179 19.2728C36.9946 19.2728 36.7048 19.3723 36.4496 19.5713C36.1939 19.7708 36.0175 20.0467 35.9196 20.3999H38.727ZM40.1588 21.5048H35.8633C35.9381 21.9333 36.115 22.2586 36.3934 22.4803C36.6713 22.702 37.0095 22.8129 37.4081 22.8129C37.7386 22.8129 38.015 22.7433 38.2367 22.6041C38.4584 22.4649 38.6708 22.253 38.874 21.9673L40.0573 22.6097C39.7716 23.0759 39.4092 23.4327 38.9693 23.6812C38.5295 23.9287 37.983 24.0529 37.3292 24.0529C36.7125 24.0529 36.1846 23.9086 35.7453 23.6188C35.3055 23.3295 34.9765 22.9557 34.7584 22.4968C34.5403 22.0385 34.4315 21.5574 34.4315 21.0537C34.4315 20.5504 34.546 20.0694 34.7754 19.611C35.0044 19.1526 35.3374 18.7783 35.7731 18.4891C36.2088 18.1998 36.7239 18.0549 37.3179 18.0549C37.9191 18.0549 38.4341 18.19 38.8626 18.4607C39.2911 18.7314 39.6139 19.0866 39.832 19.5264C40.0501 19.9657 40.1588 20.4339 40.1588 20.9299V21.5048Z" fill="white"></path><path d="M16.3879 25.558H17.7399L19.2454 29.4977L20.751 25.558H22.1029V31.8684H20.9309V28.0282L19.6873 31.2915H18.8035L17.5599 28.0282V31.8684H16.3879V25.558Z" fill="white"></path><path d="M25.4058 30.7146C25.6131 30.5341 25.7167 30.3119 25.7167 30.0474V29.9216H24.8335C24.5746 29.9216 24.3689 29.971 24.2158 30.07C24.0626 30.169 23.9858 30.3057 23.9858 30.48C23.9858 30.6424 24.0415 30.7671 24.1529 30.8543C24.2637 30.9414 24.4277 30.9847 24.6437 30.9847C24.9443 30.9847 25.1985 30.8945 25.4058 30.7146ZM23.6074 31.7782C23.3671 31.67 23.1748 31.5122 23.0304 31.3049C22.886 31.0976 22.8138 30.8496 22.8138 30.5609C22.8138 30.1046 22.9855 29.7364 23.3279 29.457C23.6703 29.1775 24.1333 29.0378 24.7159 29.0378H25.7167V28.8754C25.7167 28.6413 25.6357 28.4531 25.4733 28.3118C25.3109 28.1711 25.0918 28.1004 24.8154 28.1004C24.5927 28.1004 24.3916 28.1592 24.2111 28.2763C24.0312 28.3933 23.8956 28.5299 23.8059 28.6862L22.9494 28.1726C23.1113 27.8782 23.3516 27.6333 23.6703 27.4379C23.9889 27.2425 24.3705 27.145 24.8154 27.145C25.4522 27.145 25.9482 27.2982 26.3024 27.6044C26.6572 27.9112 26.8345 28.3526 26.8345 28.9295V31.8685H25.9152L25.7621 31.2735C25.6115 31.4776 25.4207 31.6401 25.1892 31.7602C24.9582 31.8803 24.686 31.9401 24.3735 31.9401C24.1029 31.9401 23.8476 31.8865 23.6074 31.7782Z" fill="white"></path><path d="M27.8214 30.3V28.1726H27.1182V27.2167H27.8214V26.4417L28.9393 25.7384V27.2167H30.1381V28.1726H28.9393V30.2458C28.9393 30.6903 29.1166 30.9125 29.4709 30.9125C29.6333 30.9125 29.7895 30.8496 29.9395 30.7233L30.4443 31.5797C30.2881 31.706 30.1169 31.7978 29.9308 31.855C29.7446 31.9117 29.5549 31.9401 29.3626 31.9401C28.3355 31.9401 27.8214 31.3936 27.8214 30.3Z" fill="white"></path><path d="M31.5487 31.6339C31.194 31.4297 30.9176 31.1456 30.7196 30.7821C30.5211 30.4186 30.4221 30.0056 30.4221 29.5426C30.4221 29.0801 30.5211 28.6666 30.7196 28.3031C30.9176 27.9396 31.194 27.6555 31.5487 27.4513C31.9034 27.2471 32.3087 27.145 32.7655 27.145C33.7993 27.145 34.4995 27.5683 34.8661 28.416L33.8473 28.8754C33.6132 28.4067 33.2528 28.1726 32.7655 28.1726C32.417 28.1726 32.1288 28.2989 31.9004 28.5511C31.6719 28.8037 31.558 29.1342 31.558 29.5426C31.558 29.9509 31.6719 30.282 31.9004 30.5341C32.1288 30.7867 32.417 30.9125 32.7655 30.9125C33.2528 30.9125 33.6132 30.6785 33.8473 30.2098L34.8661 30.6697C34.4995 31.5168 33.7993 31.9401 32.7655 31.9401C32.3087 31.9401 31.9034 31.8386 31.5487 31.6339Z" fill="white"></path><path d="M35.3998 25.4863H36.5176V27.9473C36.662 27.707 36.8615 27.5132 37.1167 27.3657C37.3725 27.2188 37.6592 27.145 37.9778 27.145C38.4702 27.145 38.8579 27.2909 39.1405 27.5823C39.423 27.8736 39.5643 28.2804 39.5643 28.8037V31.8685H38.4465V29.0285C38.4465 28.7522 38.3758 28.5408 38.2346 28.3933C38.0933 28.2458 37.8907 28.1726 37.6262 28.1726C37.3199 28.1726 37.0585 28.3093 36.8419 28.5825C36.6254 28.8558 36.5176 29.275 36.5176 29.8401V31.8685H35.3998V25.4863Z" fill="white"></path></svg><p class="styled__StyledBodyText-sc-119w3hf-5 ggtTyf styled__DarkGreyBodyText-jk5kya-0 iwRWTH">Aldi Price Match</p></div></div></div></div><div class="styles__StyledBuyBoxWrapper-dvv1wj-4 dSvjUC"><div class="styles__StyledBuyBoxContainer-sc-1wx0qp6-0 erryje" data-auto="buybox-container"><div class="styles__SafeFormWrapper-jtpu2t-0 lcrYKS"><form action="https://www.tesco.com/groceries/en-GB/trolley/items/300473931?_method=PUT" method="POST"><input type="submit" class="hidden"><input name="id" type="hidden" value="300473931"><input name="identifier" type="hidden" value="Page"><input name="anchorId" type="hidden" value="#tile-300473931"><input name="returnUrl" type="hidden" value="/groceries/en-GB/shop/drinks/all?redirectIfUnavailable=true#tile-300473931"><input name="backToUrl" type="hidden" value="#"><input name="oldValue" type="hidden" value="0"><input name="oldUnitChoice" type="hidden" value="pcs"><input name="newUnitChoice" type="hidden" value="pcs"><div class="base-components__RootElement-sc-1mosoyj-1 styled__Container-sc-6nhkzi-0 jptQqM hSNpTb beans-buybox__container"><div class="base-components__BaseElement-sc-1mosoyj-0 styled__PriceAndActions-sc-6nhkzi-3 oznwo eEPLov beans-buybox__price-and-actions"><div class="base-components__RootElement-sc-1mosoyj-1 styled__Container-sc-8qlq5b-0 jptQqM bgZrjw styled__StyledPrice-sc-6nhkzi-5 iYHeik beans-buybox__price beans-price__container"><p class="styled__StyledHeading-sc-119w3hf-2 jWPEtj styled__Text-sc-8qlq5b-1 lnaeiZ beans-price__text">£0.75</p><p class="styled__StyledFootnote-sc-119w3hf-7 icrlVF styled__Subtext-sc-8qlq5b-2 bNJmdc beans-price__subtext">£0.08/100ml</p></div><div class="base-components__RootElement-sc-1mosoyj-1 styled__Container-vtxwzb-0 jptQqM bDFhXJ beans-buybox__actions beans-quantity-controls__container"><div class="base-components__RootElement-sc-1mosoyj-1 styled__Container-sc-16t2b2a-0 jptQqM PUfgZ styled__StyledFormGroup-vtxwzb-1 kzKuAr beans-quantity-controls__form-group beans-form-group__container"><label class="styled__StyledLabel-sc-1ttuvhr-0 izGEjV beans-form-group__label beans-label" for="quantity-controls-300473931">Quantity controls </label><div class="base-components__BaseElement-sc-1mosoyj-0 styled__Children-sc-16t2b2a-3 oznwo gdJvjO beans-form-group__children"><div class="styled__StyledQuantityControlWrapper-vtxwzb-6 LCxOg"><label id="quantity-controls-300473931-label" class="styled__VisuallyHiddenLabel-vtxwzb-7 gXlLiM">Quantity of Growers Harvest Pure Apple Juice 1 Litre</label><div class="component__Wrapper-sc-1kpmik-3 dReplG input-wrapper"><input class="base-components__RootElement-sc-1mosoyj-1 styled__StyledInput-sc-1jd5f57-0 component__StyledAsInput-sc-1kpmik-4 jptQqM eJLlow styled__StyledInput-vtxwzb-3 lwMHo beans-quantity-controls__input beans-input" data-auto="beans-quantity-controls-input" autocomplete="off" id="quantity-controls-300473931" maxlength="2" name="newValue" type="number" aria-labelledby="quantity-controls-300473931-label" value="1"></div></div><button class="styled__BaseButton-rsekm1-0 styled__PrimaryButton-rsekm1-2 jChbeY geeWOF styled__StyledButton-vtxwzb-5 japAxb beans-quantity-controls__add-button beans-button__container" type="submit" data-auto="beans-quantity-controls-add-button" aria-label="Quantity of Growers Harvest Pure Apple Juice 1 Litre"><span class="base-components__BaseElement-sc-1mosoyj-0 styled__InnerContainer-rsekm1-1 oznwo fuFres beans-button__inner-container"><span class="base-components__BaseElement-sc-1mosoyj-0 styled__TextSpan-rsekm1-4 oznwo GDiMp beans-button__text">Add</span></span></button></div></div></div></div></div><input name="_csrf" type="hidden" value="0WbpBJF9-cS-fAMl-ByHnl5hECj1JaZiBQ20"></form></div></div></div></div><div class="hidden-medium product-info-section-small"><div class="product-info-message-list"><div class="styled__WhiteBackground-sc-9yzfq2-1 jthPIJ"><svg width="56" height="56" viewBox="0 0 56 56" fill="none" xmlns="http://www.w3.org/2000/svg"><path d="M52.1301 27.8766C52.1301 14.5534 41.3293 3.75308 28.0066 3.75308C14.6834 3.75308 3.88306 14.5534 3.88306 27.8766C3.88306 41.1998 14.6834 52.0002 28.0066 52.0002C41.3293 52.0002 52.1301 41.1998 52.1301 27.8766Z" fill="#EE1C2E"></path><path d="M19.6853 36.5687L31.8169 48.6998L52.6633 27.8998L51.9894 23.0423L31.886 43.1452L22.5438 33.803L19.6853 36.5687Z" fill="white"></path><path d="M24.2699 12.0048L23.5594 9.93467L22.8484 12.0048H24.2699ZM24.6345 13.0711H22.4844L21.9776 14.5375H20.7515L22.9815 8.31722H24.1369L26.3669 14.5375H25.1408L24.6345 13.0711Z" fill="white"></path><path d="M27.8359 14.5375H26.734V8.24609H27.8359V14.5375Z" fill="white"></path><path d="M31.5684 13.2309C31.7849 12.9886 31.8927 12.6597 31.8927 12.2446C31.8927 11.8306 31.7849 11.5016 31.5684 11.2588C31.3524 11.0159 31.0811 10.8942 30.7558 10.8942C30.4299 10.8942 30.1587 11.0159 29.9427 11.2588C29.7267 11.5016 29.6184 11.8306 29.6184 12.2446C29.6184 12.6597 29.7267 12.9886 29.9427 13.2309C30.1587 13.4738 30.4299 13.5955 30.7558 13.5955C31.0811 13.5955 31.3524 13.4738 31.5684 13.2309ZM29.4673 14.3065C29.159 14.1049 28.9177 13.8234 28.7429 13.4619C28.5681 13.101 28.481 12.6952 28.481 12.2446C28.481 11.7888 28.5655 11.3815 28.7341 11.0231C28.9032 10.6648 29.1384 10.3848 29.4405 10.1837C29.7426 9.98212 30.0891 9.88158 30.48 9.88158C30.7883 9.88158 31.0579 9.93624 31.2889 10.0455C31.5199 10.1554 31.6978 10.3106 31.8221 10.5122V8.24609H32.9239V14.5375H31.8221V13.9863C31.6916 14.1704 31.5137 14.3194 31.2889 14.4349C31.0636 14.5504 30.797 14.6086 30.4892 14.6086C30.1159 14.6086 29.7751 14.5076 29.4673 14.3065Z" fill="white"></path><path d="M34.9657 14.5375H33.8638V9.95224H34.9657V14.5375ZM33.9082 8.34408C34.0443 8.20796 34.2129 8.1399 34.4145 8.1399C34.6161 8.1399 34.7847 8.20796 34.9208 8.34408C35.0574 8.48071 35.1255 8.64931 35.1255 8.8504C35.1255 9.052 35.0574 9.22112 34.9208 9.35724C34.7847 9.49336 34.6161 9.56142 34.4145 9.56142C34.2129 9.56142 34.0443 9.49336 33.9082 9.35724C33.7715 9.22112 33.704 9.052 33.704 8.8504C33.704 8.64931 33.7715 8.48071 33.9082 8.34408Z" fill="white"></path><path d="M19.6791 19.3347C19.8894 19.1506 19.9946 18.8779 19.9946 18.5169C19.9946 18.1565 19.8894 17.8838 19.6791 17.6997C19.4682 17.5156 19.183 17.4233 18.8221 17.4233H17.5027V19.6111H18.8221C19.183 19.6111 19.4682 19.5188 19.6791 19.3347ZM17.5027 23.9628H16.0374V16.0704H18.9345C19.461 16.0704 19.9157 16.1776 20.2988 16.3921C20.6824 16.6061 20.9753 16.8995 21.1784 17.2712C21.3816 17.6435 21.4826 18.0586 21.4826 18.5169C21.4826 18.9758 21.3816 19.3909 21.1784 19.7632C20.9753 20.1354 20.6824 20.4283 20.2988 20.6423C19.9157 20.8568 19.461 20.9635 18.9345 20.9635H17.5027V23.9628Z" fill="white"></path><path d="M22.0396 18.1451H23.4379V19.0248C23.6029 18.7087 23.8359 18.4684 24.1365 18.3029C24.4376 18.1374 24.7717 18.0549 25.1404 18.0549C25.5235 18.0549 25.8241 18.1415 26.0422 18.3143L25.5689 19.4981C25.3729 19.3929 25.1662 19.3403 24.9486 19.3403C24.5124 19.3403 24.152 19.528 23.8663 19.9039C23.5802 20.2797 23.4379 20.8582 23.4379 21.6404V23.9627H22.0396V18.1451Z" fill="white"></path><path d="M27.8879 23.9627H26.4896V18.1451H27.8879V23.9627ZM26.5458 16.1044C26.7191 15.9316 26.933 15.845 27.1888 15.845C27.444 15.845 27.658 15.9316 27.8312 16.1044C28.0039 16.2771 28.0906 16.4916 28.0906 16.7468C28.0906 17.0026 28.0039 17.217 27.8312 17.3898C27.658 17.5625 27.444 17.6491 27.1888 17.6491C26.933 17.6491 26.7191 17.5625 26.5458 17.3898C26.3731 17.217 26.287 17.0026 26.287 16.7468C26.287 16.4916 26.3731 16.2771 26.5458 16.1044Z" fill="white"></path><path d="M30.0603 23.6693C29.6168 23.4141 29.2714 23.0588 29.0234 22.6041C28.7754 22.1493 28.6511 21.6327 28.6511 21.0537C28.6511 20.4752 28.7754 19.9585 29.0234 19.5038C29.2714 19.049 29.6168 18.6937 30.0603 18.438C30.5037 18.1828 31.011 18.0549 31.5823 18.0549C32.8749 18.0549 33.751 18.585 34.2093 19.6445L32.9353 20.2199C32.6424 19.6332 32.1913 19.3403 31.5823 19.3403C31.1466 19.3403 30.7857 19.4981 30.5001 19.8136C30.2144 20.1297 30.0716 20.5427 30.0716 21.0537C30.0716 21.5651 30.2144 21.9787 30.5001 22.2942C30.7857 22.6097 31.1466 22.7675 31.5823 22.7675C32.1913 22.7675 32.6424 22.4747 32.9353 21.8884L34.2093 22.4633C33.751 23.5229 32.8749 24.0529 31.5823 24.0529C31.011 24.0529 30.5037 23.9251 30.0603 23.6693Z" fill="white"></path><path d="M38.727 20.3999C38.6744 20.0694 38.5223 19.7987 38.2707 19.5883C38.0186 19.3779 37.7015 19.2728 37.3179 19.2728C36.9946 19.2728 36.7048 19.3723 36.4496 19.5713C36.1939 19.7708 36.0175 20.0467 35.9196 20.3999H38.727ZM40.1588 21.5048H35.8633C35.9381 21.9333 36.115 22.2586 36.3934 22.4803C36.6713 22.702 37.0095 22.8129 37.4081 22.8129C37.7386 22.8129 38.015 22.7433 38.2367 22.6041C38.4584 22.4649 38.6708 22.253 38.874 21.9673L40.0573 22.6097C39.7716 23.0759 39.4092 23.4327 38.9693 23.6812C38.5295 23.9287 37.983 24.0529 37.3292 24.0529C36.7125 24.0529 36.1846 23.9086 35.7453 23.6188C35.3055 23.3295 34.9765 22.9557 34.7584 22.4968C34.5403 22.0385 34.4315 21.5574 34.4315 21.0537C34.4315 20.5504 34.546 20.0694 34.7754 19.611C35.0044 19.1526 35.3374 18.7783 35.7731 18.4891C36.2088 18.1998 36.7239 18.0549 37.3179 18.0549C37.9191 18.0549 38.4341 18.19 38.8626 18.4607C39.2911 18.7314 39.6139 19.0866 39.832 19.5264C40.0501 19.9657 40.1588 20.4339 40.1588 20.9299V21.5048Z" fill="white"></path><path d="M16.3879 25.558H17.7399L19.2454 29.4977L20.751 25.558H22.1029V31.8684H20.9309V28.0282L19.6873 31.2915H18.8035L17.5599 28.0282V31.8684H16.3879V25.558Z" fill="white"></path><path d="M25.4058 30.7146C25.6131 30.5341 25.7167 30.3119 25.7167 30.0474V29.9216H24.8335C24.5746 29.9216 24.3689 29.971 24.2158 30.07C24.0626 30.169 23.9858 30.3057 23.9858 30.48C23.9858 30.6424 24.0415 30.7671 24.1529 30.8543C24.2637 30.9414 24.4277 30.9847 24.6437 30.9847C24.9443 30.9847 25.1985 30.8945 25.4058 30.7146ZM23.6074 31.7782C23.3671 31.67 23.1748 31.5122 23.0304 31.3049C22.886 31.0976 22.8138 30.8496 22.8138 30.5609C22.8138 30.1046 22.9855 29.7364 23.3279 29.457C23.6703 29.1775 24.1333 29.0378 24.7159 29.0378H25.7167V28.8754C25.7167 28.6413 25.6357 28.4531 25.4733 28.3118C25.3109 28.1711 25.0918 28.1004 24.8154 28.1004C24.5927 28.1004 24.3916 28.1592 24.2111 28.2763C24.0312 28.3933 23.8956 28.5299 23.8059 28.6862L22.9494 28.1726C23.1113 27.8782 23.3516 27.6333 23.6703 27.4379C23.9889 27.2425 24.3705 27.145 24.8154 27.145C25.4522 27.145 25.9482 27.2982 26.3024 27.6044C26.6572 27.9112 26.8345 28.3526 26.8345 28.9295V31.8685H25.9152L25.7621 31.2735C25.6115 31.4776 25.4207 31.6401 25.1892 31.7602C24.9582 31.8803 24.686 31.9401 24.3735 31.9401C24.1029 31.9401 23.8476 31.8865 23.6074 31.7782Z" fill="white"></path><path d="M27.8214 30.3V28.1726H27.1182V27.2167H27.8214V26.4417L28.9393 25.7384V27.2167H30.1381V28.1726H28.9393V30.2458C28.9393 30.6903 29.1166 30.9125 29.4709 30.9125C29.6333 30.9125 29.7895 30.8496 29.9395 30.7233L30.4443 31.5797C30.2881 31.706 30.1169 31.7978 29.9308 31.855C29.7446 31.9117 29.5549 31.9401 29.3626 31.9401C28.3355 31.9401 27.8214 31.3936 27.8214 30.3Z" fill="white"></path><path d="M31.5487 31.6339C31.194 31.4297 30.9176 31.1456 30.7196 30.7821C30.5211 30.4186 30.4221 30.0056 30.4221 29.5426C30.4221 29.0801 30.5211 28.6666 30.7196 28.3031C30.9176 27.9396 31.194 27.6555 31.5487 27.4513C31.9034 27.2471 32.3087 27.145 32.7655 27.145C33.7993 27.145 34.4995 27.5683 34.8661 28.416L33.8473 28.8754C33.6132 28.4067 33.2528 28.1726 32.7655 28.1726C32.417 28.1726 32.1288 28.2989 31.9004 28.5511C31.6719 28.8037 31.558 29.1342 31.558 29.5426C31.558 29.9509 31.6719 30.282 31.9004 30.5341C32.1288 30.7867 32.417 30.9125 32.7655 30.9125C33.2528 30.9125 33.6132 30.6785 33.8473 30.2098L34.8661 30.6697C34.4995 31.5168 33.7993 31.9401 32.7655 31.9401C32.3087 31.9401 31.9034 31.8386 31.5487 31.6339Z" fill="white"></path><path d="M35.3998 25.4863H36.5176V27.9473C36.662 27.707 36.8615 27.5132 37.1167 27.3657C37.3725 27.2188 37.6592 27.145 37.9778 27.145C38.4702 27.145 38.8579 27.2909 39.1405 27.5823C39.423 27.8736 39.5643 28.2804 39.5643 28.8037V31.8685H38.4465V29.0285C38.4465 28.7522 38.3758 28.5408 38.2346 28.3933C38.0933 28.2458 37.8907 28.1726 37.6262 28.1726C37.3199 28.1726 37.0585 28.3093 36.8419 28.5825C36.6254 28.8558 36.5176 29.275 36.5176 29.8401V31.8685H35.3998V25.4863Z" fill="white"></path></svg><p class="styled__StyledBodyText-sc-119w3hf-5 ggtTyf styled__DarkGreyBodyText-jk5kya-0 iwRWTH">Aldi Price Match</p></div></div></div></div></div></div></div></li><li class="product-list--list-item"><div class="styles__StyledVerticalTileWrapper-dvv1wj-0 dtCNPH"><div data-auto="product-tile" data-auto-type="Quantity" data-auto-available="true" data-auto-is-restricted-disabled="false" data-auto-is-substitute="false" class="styles__StyledVerticalTile-dvv1wj-1 gSCsYK"><div class="styles__StyledTileContentWrapper-dvv1wj-2 bkNhNP beans"><div id="tile-310169847" data-auto-id="310169847" class="styles__StyledTiledContent-dvv1wj-3 bcglTg"><a href="https://www.tesco.com/groceries/en-GB/products/310169847" aria-hidden="true" class="product-image-wrapper" tabindex="1"><div class="product-image__container"><picture><img class="styled__Image-sjvkdn-0 bJErKA product-image beans-responsive-image__image" src="data:image/gif;base64,R0lGODlhAQABAAAAACH5BAEKAAEALAAAAAABAAEAAAICTAEAOw==" srcset="https://digitalcontent.api.tesco.com/v2/media/ghs/b938b14c-3933-4b30-8d64-c95d8bfc2689/dd7fe8d7-7f4d-45a1-9ec5-132e3b097701_2054937785.jpeg?h=225&amp;w=225 768w, data:image/gif;base64,R0lGODlhAQABAAAAACH5BAEKAAEALAAAAAABAAEAAAICTAEAOw== 4000w" alt="Tesco Diet Lemonade 330Ml"></picture></div></a><div class="product-details--wrapper"><h3 class="styles__H3-oa5soe-0 bCKNNq"><a href="https://www.tesco.com/groceries/en-GB/products/310169847" class="styled__Anchor-sc-1xbujuz-0 csVOnh beans-link__anchor" data-auto="product-tile--title"><span class="styled__Text-sc-1xbujuz-1 ldbwMG beans-link__text">Tesco Diet Lemonade 330Ml</span></a></h3><div class="styles__StyledProductDetailsContent-dvv1wj-5 ddRSrq"><a href="https://www.tesco.com/groceries/en-GB/reviews/submission/310169847?from=%2Fshop%2Fdrinks%2Fall" aria-label="Write a review for Tesco Diet Lemonade 330Ml" class="styled__Anchor-sc-1xbujuz-0 jSzuDt write-a-review-link beans-link__anchor" data-auto="review-link"><span class="styled__Text-sc-1xbujuz-1 fyDIEo beans-link__text">Write a review</span><span class="styled__IconContainer-sc-1xbujuz-2 bSauSL beans-link__icon-container"><svg aria-hidden="true" class="styled__SVG-xxa4wh-1 hQMCqc beans-link__icon beans-icon__svg" height="13.33" preserveAspectRatio="xMinYMax meet" viewBox="-1 0 12 20" width="8" xmlns="http://www.w3.org/2000/svg" color="currentColor"><path d="M1.312 1.348L10.276 10l-8.964 8.644" fill="none" stroke="currentColor"></path></svg></span></a><div><a href="https://www.tesco.com/groceries/en-GB/shop/drinks/fizzy-and-soft-drinks/fizzy-drinks/fizzy-drink-cans" class="styled__Anchor-sc-1xbujuz-0 jSzuDt rest-of-shelf-link beans-link__anchor" data-auto="rest-of-shelf-link"><span class="styled__Text-sc-1xbujuz-1 fyDIEo beans-link__text">Rest of <span class="visually-hidden">Fizzy Drink Cans</span> shelf</span><span class="styled__IconContainer-sc-1xbujuz-2 bSauSL beans-link__icon-container"><svg aria-hidden="true" class="styled__SVG-xxa4wh-1 hQMCqc beans-link__icon beans-icon__svg" height="13.33" preserveAspectRatio="xMinYMax meet" viewBox="-1 0 12 20" width="8" xmlns="http://www.w3.org/2000/svg" color="currentColor"><path d="M1.312 1.348L10.276 10l-8.964 8.644" fill="none" stroke="currentColor"></path></svg></span></a></div><div class="product-info-message-section"><div class="product-info-message-list"></div></div></div><div class="styles__StyledPromotionsWithBuyBoxWrapper-dvv1wj-8 cZskDh"><div class="styles__StyledPromotionsAboveMobile-dvv1wj-7 iPTMuo"><div class="styles__StyledPromotionsWithClubcardPriceContainer-sc-1vdpoop-0 bsPFbn"><div class="styles__StyledClubcardLogo-sc-1vdpoop-2 elOZEB"><div class="styles__Wrapper-sc-1d2phhy-0 hgBuQG undefined special-offer-sash"><span class="styles__CircleWrapper-sc-1d2phhy-2 hCbzjm"><strong class="styles__TextWrapper-sc-1d2phhy-1 bLXNGg">Clubcard Price</strong></span></div></div><a href="https://www.tesco.com/groceries/en-GB/promotions/88562548"><div class="styles__ProductPromotionStyling-sc-1vdpoop-3 WGKAK"><div class="styles__StyledPromotionsOfferContent-sc-1vdpoop-1 cPSekc"><span class="offer-text">Any 4 for £1 Clubcard Price - Selected Tesco Flavoured Carbonates 330ml</span></div><span class="dates">Offer valid for delivery from 05/10/2022 until 28/02/2023</span></div></a></div></div><div class="styles__StyledBuyBoxWrapper-dvv1wj-4 dSvjUC"><div class="styles__StyledBuyBoxContainer-sc-1wx0qp6-0 erryje" data-auto="buybox-container"><div class="styles__SafeFormWrapper-jtpu2t-0 lcrYKS"><form action="https://www.tesco.com/groceries/en-GB/trolley/items/310169847?_method=PUT" method="POST"><input type="submit" class="hidden"><input name="id" type="hidden" value="310169847"><input name="identifier" type="hidden" value="Page"><input name="anchorId" type="hidden" value="#tile-310169847"><input name="returnUrl" type="hidden" value="/groceries/en-GB/shop/drinks/all?redirectIfUnavailable=true#tile-310169847"><input name="backToUrl" type="hidden" value="#"><input name="oldValue" type="hidden" value="0"><input name="oldUnitChoice" type="hidden" value="pcs"><input name="newUnitChoice" type="hidden" value="pcs"><div class="base-components__RootElement-sc-1mosoyj-1 styled__Container-sc-6nhkzi-0 jptQqM hSNpTb beans-buybox__container"><div class="base-components__BaseElement-sc-1mosoyj-0 styled__PriceAndActions-sc-6nhkzi-3 oznwo eEPLov beans-buybox__price-and-actions"><div class="base-components__RootElement-sc-1mosoyj-1 styled__Container-sc-8qlq5b-0 jptQqM bgZrjw styled__StyledPrice-sc-6nhkzi-5 iYHeik beans-buybox__price beans-price__container"><p class="styled__StyledHeading-sc-119w3hf-2 jWPEtj styled__Text-sc-8qlq5b-1 lnaeiZ beans-price__text">£0.50</p><p class="styled__StyledFootnote-sc-119w3hf-7 icrlVF styled__Subtext-sc-8qlq5b-2 bNJmdc beans-price__subtext">£0.15/100ml</p></div><div class="base-components__RootElement-sc-1mosoyj-1 styled__Container-vtxwzb-0 jptQqM bDFhXJ beans-buybox__actions beans-quantity-controls__container"><div class="base-components__RootElement-sc-1mosoyj-1 styled__Container-sc-16t2b2a-0 jptQqM PUfgZ styled__StyledFormGroup-vtxwzb-1 kzKuAr beans-quantity-controls__form-group beans-form-group__container"><label class="styled__StyledLabel-sc-1ttuvhr-0 izGEjV beans-form-group__label beans-label" for="quantity-controls-310169847">Quantity controls </label><div class="base-components__BaseElement-sc-1mosoyj-0 styled__Children-sc-16t2b2a-3 oznwo gdJvjO beans-form-group__children"><div class="styled__StyledQuantityControlWrapper-vtxwzb-6 LCxOg"><label id="quantity-controls-310169847-label" class="styled__VisuallyHiddenLabel-vtxwzb-7 gXlLiM">Quantity of Tesco Diet Lemonade 330Ml</label><div class="component__Wrapper-sc-1kpmik-3 dReplG input-wrapper"><input class="base-components__RootElement-sc-1mosoyj-1 styled__StyledInput-sc-1jd5f57-0 component__StyledAsInput-sc-1kpmik-4 jptQqM eJLlow styled__StyledInput-vtxwzb-3 lwMHo beans-quantity-controls__input beans-input" data-auto="beans-quantity-controls-input" autocomplete="off" id="quantity-controls-310169847" maxlength="2" name="newValue" type="number" aria-labelledby="quantity-controls-310169847-label" value="1"></div></div><button class="styled__BaseButton-rsekm1-0 styled__PrimaryButton-rsekm1-2 jChbeY geeWOF styled__StyledButton-vtxwzb-5 japAxb beans-quantity-controls__add-button beans-button__container" type="submit" data-auto="beans-quantity-controls-add-button" aria-label="Quantity of Tesco Diet Lemonade 330Ml"><span class="base-components__BaseElement-sc-1mosoyj-0 styled__InnerContainer-rsekm1-1 oznwo fuFres beans-button__inner-container"><span class="base-components__BaseElement-sc-1mosoyj-0 styled__TextSpan-rsekm1-4 oznwo GDiMp beans-button__text">Add</span></span></button></div></div></div></div></div><input name="_csrf" type="hidden" value="0WbpBJF9-cS-fAMl-ByHnl5hECj1JaZiBQ20"></form></div></div></div></div></div><div class="hidden-medium product-info-section-small"><div class="product-info-message-list"></div></div></div><div class="styles__StyledPromotionsMobile-dvv1wj-6 Bxaeb"><div><div class="styles__StyledPromotionsWithClubcardPriceContainer-sc-1vdpoop-0 bsPFbn"><div class="styles__StyledClubcardLogo-sc-1vdpoop-2 elOZEB"><div class="styles__Wrapper-sc-1d2phhy-0 hgBuQG undefined special-offer-sash"><span class="styles__CircleWrapper-sc-1d2phhy-2 hCbzjm"><strong class="styles__TextWrapper-sc-1d2phhy-1 bLXNGg">Clubcard Price</strong></span></div></div><a href="https://www.tesco.com/groceries/en-GB/promotions/88562548"><div class="styles__ProductPromotionStyling-sc-1vdpoop-3 WGKAK"><div class="styles__StyledPromotionsOfferContent-sc-1vdpoop-1 cPSekc"><span class="offer-text">Any 4 for £1 Clubcard Price - Selected Tesco Flavoured Carbonates 330ml</span></div><span class="dates">Offer valid for delivery from 05/10/2022 until 28/02/2023</span></div></a></div></div></div></div></div></div></li><li class="product-list--list-item"><div class="styles__StyledVerticalTileWrapper-dvv1wj-0 dtCNPH"><div data-auto="product-tile" data-auto-type="Quantity" data-auto-available="true" data-auto-is-restricted-disabled="false" data-auto-is-substitute="false" class="styles__StyledVerticalTile-dvv1wj-1 gSCsYK"><div class="styles__StyledTileContentWrapper-dvv1wj-2 bkNhNP beans"><div id="tile-310119317" data-auto-id="310119317" class="styles__StyledTiledContent-dvv1wj-3 bcglTg"><a href="https://www.tesco.com/groceries/en-GB/products/310119317" aria-hidden="true" class="product-image-wrapper" tabindex="1"><div class="product-image__container"><picture><img class="styled__Image-sjvkdn-0 bJErKA product-image beans-responsive-image__image" src="data:image/gif;base64,R0lGODlhAQABAAAAACH5BAEKAAEALAAAAAABAAEAAAICTAEAOw==" srcset="https://digitalcontent.api.tesco.com/v2/media/ghs/89efc785-87f4-4e1b-aac0-aaee234b5ef8/57360779-d90b-450a-b56f-9e0b70cb8b8c_566172086.jpeg?h=225&amp;w=225 768w, data:image/gif;base64,R0lGODlhAQABAAAAACH5BAEKAAEALAAAAAABAAEAAAICTAEAOw== 4000w" alt="Tesco Lemon &amp; Lime Zero 330Ml"></picture></div></a><div class="product-details--wrapper"><h3 class="styles__H3-oa5soe-0 bCKNNq"><a href="https://www.tesco.com/groceries/en-GB/products/310119317" class="styled__Anchor-sc-1xbujuz-0 csVOnh beans-link__anchor" data-auto="product-tile--title"><span class="styled__Text-sc-1xbujuz-1 ldbwMG beans-link__text">Tesco Lemon &amp; Lime Zero 330Ml</span></a></h3><div class="styles__StyledProductDetailsContent-dvv1wj-5 ddRSrq"><a href="https://www.tesco.com/groceries/en-GB/reviews/submission/310119317?from=%2Fshop%2Fdrinks%2Fall" aria-label="Write a review for Tesco Lemon &amp; Lime Zero 330Ml" class="styled__Anchor-sc-1xbujuz-0 jSzuDt write-a-review-link beans-link__anchor" data-auto="review-link"><span class="styled__Text-sc-1xbujuz-1 fyDIEo beans-link__text">Write a review</span><span class="styled__IconContainer-sc-1xbujuz-2 bSauSL beans-link__icon-container"><svg aria-hidden="true" class="styled__SVG-xxa4wh-1 hQMCqc beans-link__icon beans-icon__svg" height="13.33" preserveAspectRatio="xMinYMax meet" viewBox="-1 0 12 20" width="8" xmlns="http://www.w3.org/2000/svg" color="currentColor"><path d="M1.312 1.348L10.276 10l-8.964 8.644" fill="none" stroke="currentColor"></path></svg></span></a><div><a href="https://www.tesco.com/groceries/en-GB/shop/drinks/fizzy-and-soft-drinks/fizzy-drinks/fizzy-drink-cans" class="styled__Anchor-sc-1xbujuz-0 jSzuDt rest-of-shelf-link beans-link__anchor" data-auto="rest-of-shelf-link"><span class="styled__Text-sc-1xbujuz-1 fyDIEo beans-link__text">Rest of <span class="visually-hidden">Fizzy Drink Cans</span> shelf</span><span class="styled__IconContainer-sc-1xbujuz-2 bSauSL beans-link__icon-container"><svg aria-hidden="true" class="styled__SVG-xxa4wh-1 hQMCqc beans-link__icon beans-icon__svg" height="13.33" preserveAspectRatio="xMinYMax meet" viewBox="-1 0 12 20" width="8" xmlns="http://www.w3.org/2000/svg" color="currentColor"><path d="M1.312 1.348L10.276 10l-8.964 8.644" fill="none" stroke="currentColor"></path></svg></span></a></div><div class="product-info-message-section"><div class="product-info-message-list"></div></div></div><div class="styles__StyledPromotionsWithBuyBoxWrapper-dvv1wj-8 cZskDh"><div class="styles__StyledPromotionsAboveMobile-dvv1wj-7 iPTMuo"><div class="styles__StyledPromotionsWithClubcardPriceContainer-sc-1vdpoop-0 bsPFbn"><div class="styles__StyledClubcardLogo-sc-1vdpoop-2 elOZEB"><div class="styles__Wrapper-sc-1d2phhy-0 hgBuQG undefined special-offer-sash"><span class="styles__CircleWrapper-sc-1d2phhy-2 hCbzjm"><strong class="styles__TextWrapper-sc-1d2phhy-1 bLXNGg">Clubcard Price</strong></span></div></div><a href="https://www.tesco.com/groceries/en-GB/promotions/88562548"><div class="styles__ProductPromotionStyling-sc-1vdpoop-3 WGKAK"><div class="styles__StyledPromotionsOfferContent-sc-1vdpoop-1 cPSekc"><span class="offer-text">Any 4 for £1 Clubcard Price - Selected Tesco Flavoured Carbonates 330ml</span></div><span class="dates">Offer valid for delivery from 05/10/2022 until 28/02/2023</span></div></a></div></div><div class="styles__StyledBuyBoxWrapper-dvv1wj-4 dSvjUC"><div class="styles__StyledBuyBoxContainer-sc-1wx0qp6-0 erryje" data-auto="buybox-container"><div class="styles__SafeFormWrapper-jtpu2t-0 lcrYKS"><form action="https://www.tesco.com/groceries/en-GB/trolley/items/310119317?_method=PUT" method="POST"><input type="submit" class="hidden"><input name="id" type="hidden" value="310119317"><input name="identifier" type="hidden" value="Page"><input name="anchorId" type="hidden" value="#tile-310119317"><input name="returnUrl" type="hidden" value="/groceries/en-GB/shop/drinks/all?redirectIfUnavailable=true#tile-310119317"><input name="backToUrl" type="hidden" value="#"><input name="oldValue" type="hidden" value="0"><input name="oldUnitChoice" type="hidden" value="pcs"><input name="newUnitChoice" type="hidden" value="pcs"><div class="base-components__RootElement-sc-1mosoyj-1 styled__Container-sc-6nhkzi-0 jptQqM hSNpTb beans-buybox__container"><div class="base-components__BaseElement-sc-1mosoyj-0 styled__PriceAndActions-sc-6nhkzi-3 oznwo eEPLov beans-buybox__price-and-actions"><div class="base-components__RootElement-sc-1mosoyj-1 styled__Container-sc-8qlq5b-0 jptQqM bgZrjw styled__StyledPrice-sc-6nhkzi-5 iYHeik beans-buybox__price beans-price__container"><p class="styled__StyledHeading-sc-119w3hf-2 jWPEtj styled__Text-sc-8qlq5b-1 lnaeiZ beans-price__text">£0.50</p><p class="styled__StyledFootnote-sc-119w3hf-7 icrlVF styled__Subtext-sc-8qlq5b-2 bNJmdc beans-price__subtext">£0.15/100ml</p></div><div class="base-components__RootElement-sc-1mosoyj-1 styled__Container-vtxwzb-0 jptQqM bDFhXJ beans-buybox__actions beans-quantity-controls__container"><div class="base-components__RootElement-sc-1mosoyj-1 styled__Container-sc-16t2b2a-0 jptQqM PUfgZ styled__StyledFormGroup-vtxwzb-1 kzKuAr beans-quantity-controls__form-group beans-form-group__container"><label class="styled__StyledLabel-sc-1ttuvhr-0 izGEjV beans-form-group__label beans-label" for="quantity-controls-310119317">Quantity controls </label><div class="base-components__BaseElement-sc-1mosoyj-0 styled__Children-sc-16t2b2a-3 oznwo gdJvjO beans-form-group__children"><div class="styled__StyledQuantityControlWrapper-vtxwzb-6 LCxOg"><label id="quantity-controls-310119317-label" class="styled__VisuallyHiddenLabel-vtxwzb-7 gXlLiM">Quantity of Tesco Lemon &amp; Lime Zero 330Ml</label><div class="component__Wrapper-sc-1kpmik-3 dReplG input-wrapper"><input class="base-components__RootElement-sc-1mosoyj-1 styled__StyledInput-sc-1jd5f57-0 component__StyledAsInput-sc-1kpmik-4 jptQqM eJLlow styled__StyledInput-vtxwzb-3 lwMHo beans-quantity-controls__input beans-input" data-auto="beans-quantity-controls-input" autocomplete="off" id="quantity-controls-310119317" maxlength="2" name="newValue" type="number" aria-labelledby="quantity-controls-310119317-label" value="1"></div></div><button class="styled__BaseButton-rsekm1-0 styled__PrimaryButton-rsekm1-2 jChbeY geeWOF styled__StyledButton-vtxwzb-5 japAxb beans-quantity-controls__add-button beans-button__container" type="submit" data-auto="beans-quantity-controls-add-button" aria-label="Quantity of Tesco Lemon &amp; Lime Zero 330Ml"><span class="base-components__BaseElement-sc-1mosoyj-0 styled__InnerContainer-rsekm1-1 oznwo fuFres beans-button__inner-container"><span class="base-components__BaseElement-sc-1mosoyj-0 styled__TextSpan-rsekm1-4 oznwo GDiMp beans-button__text">Add</span></span></button></div></div></div></div></div><input name="_csrf" type="hidden" value="0WbpBJF9-cS-fAMl-ByHnl5hECj1JaZiBQ20"></form></div></div></div></div></div><div class="hidden-medium product-info-section-small"><div class="product-info-message-list"></div></div></div><div class="styles__StyledPromotionsMobile-dvv1wj-6 Bxaeb"><div><div class="styles__StyledPromotionsWithClubcardPriceContainer-sc-1vdpoop-0 bsPFbn"><div class="styles__StyledClubcardLogo-sc-1vdpoop-2 elOZEB"><div class="styles__Wrapper-sc-1d2phhy-0 hgBuQG undefined special-offer-sash"><span class="styles__CircleWrapper-sc-1d2phhy-2 hCbzjm"><strong class="styles__TextWrapper-sc-1d2phhy-1 bLXNGg">Clubcard Price</strong></span></div></div><a href="https://www.tesco.com/groceries/en-GB/promotions/88562548"><div class="styles__ProductPromotionStyling-sc-1vdpoop-3 WGKAK"><div class="styles__StyledPromotionsOfferContent-sc-1vdpoop-1 cPSekc"><span class="offer-text">Any 4 for £1 Clubcard Price - Selected Tesco Flavoured Carbonates 330ml</span></div><span class="dates">Offer valid for delivery from 05/10/2022 until 28/02/2023</span></div></a></div></div></div></div></div></div></li><li class="product-list--list-item"><div class="styles__StyledVerticalTileWrapper-dvv1wj-0 dtCNPH"><div data-auto="product-tile" data-auto-type="Quantity" data-auto-available="true" data-auto-is-restricted-disabled="false" data-auto-is-substitute="false" class="styles__StyledVerticalTile-dvv1wj-1 gSCsYK"><div class="styles__StyledTileContentWrapper-dvv1wj-2 bkNhNP beans"><div id="tile-309748351" data-auto-id="309748351" class="styles__StyledTiledContent-dvv1wj-3 bcglTg"><a href="https://www.tesco.com/groceries/en-GB/products/309748351" aria-hidden="true" class="product-image-wrapper" tabindex="1"><div class="product-image__container"><picture><img class="styled__Image-sjvkdn-0 bJErKA product-image beans-responsive-image__image" src="data:image/gif;base64,R0lGODlhAQABAAAAACH5BAEKAAEALAAAAAABAAEAAAICTAEAOw==" srcset="https://digitalcontent.api.tesco.com/v2/media/ghs/6cfcb0cd-0f15-43ab-8d31-2939ee0f4467/59d10b94-8bd9-48f5-957c-32bc41b8ec97_504258436.jpeg?h=225&amp;w=225 768w, data:image/gif;base64,R0lGODlhAQABAAAAACH5BAEKAAEALAAAAAABAAEAAAICTAEAOw== 4000w" alt="Tesco Orange Zero 330Ml"></picture></div></a><div class="product-details--wrapper"><h3 class="styles__H3-oa5soe-0 bCKNNq"><a href="https://www.tesco.com/groceries/en-GB/products/309748351" class="styled__Anchor-sc-1xbujuz-0 csVOnh beans-link__anchor" data-auto="product-tile--title"><span class="styled__Text-sc-1xbujuz-1 ldbwMG beans-link__text">Tesco Orange Zero 330Ml</span></a></h3><div class="styles__StyledProductDetailsContent-dvv1wj-5 ddRSrq"><a href="https://www.tesco.com/groceries/en-GB/reviews/submission/309748351?from=%2Fshop%2Fdrinks%2Fall" aria-label="Write a review for Tesco Orange Zero 330Ml" class="styled__Anchor-sc-1xbujuz-0 jSzuDt write-a-review-link beans-link__anchor" data-auto="review-link"><span class="styled__Text-sc-1xbujuz-1 fyDIEo beans-link__text">Write a review</span><span class="styled__IconContainer-sc-1xbujuz-2 bSauSL beans-link__icon-container"><svg aria-hidden="true" class="styled__SVG-xxa4wh-1 hQMCqc beans-link__icon beans-icon__svg" height="13.33" preserveAspectRatio="xMinYMax meet" viewBox="-1 0 12 20" width="8" xmlns="http://www.w3.org/2000/svg" color="currentColor"><path d="M1.312 1.348L10.276 10l-8.964 8.644" fill="none" stroke="currentColor"></path></svg></span></a><div><a href="https://www.tesco.com/groceries/en-GB/shop/drinks/fizzy-and-soft-drinks/fizzy-drinks/fizzy-drink-cans" class="styled__Anchor-sc-1xbujuz-0 jSzuDt rest-of-shelf-link beans-link__anchor" data-auto="rest-of-shelf-link"><span class="styled__Text-sc-1xbujuz-1 fyDIEo beans-link__text">Rest of <span class="visually-hidden">Fizzy Drink Cans</span> shelf</span><span class="styled__IconContainer-sc-1xbujuz-2 bSauSL beans-link__icon-container"><svg aria-hidden="true" class="styled__SVG-xxa4wh-1 hQMCqc beans-link__icon beans-icon__svg" height="13.33" preserveAspectRatio="xMinYMax meet" viewBox="-1 0 12 20" width="8" xmlns="http://www.w3.org/2000/svg" color="currentColor"><path d="M1.312 1.348L10.276 10l-8.964 8.644" fill="none" stroke="currentColor"></path></svg></span></a></div><div class="product-info-message-section"><div class="product-info-message-list"></div></div></div><div class="styles__StyledPromotionsWithBuyBoxWrapper-dvv1wj-8 cZskDh"><div class="styles__StyledPromotionsAboveMobile-dvv1wj-7 iPTMuo"><div class="styles__StyledPromotionsWithClubcardPriceContainer-sc-1vdpoop-0 bsPFbn"><div class="styles__StyledClubcardLogo-sc-1vdpoop-2 elOZEB"><div class="styles__Wrapper-sc-1d2phhy-0 hgBuQG undefined special-offer-sash"><span class="styles__CircleWrapper-sc-1d2phhy-2 hCbzjm"><strong class="styles__TextWrapper-sc-1d2phhy-1 bLXNGg">Clubcard Price</strong></span></div></div><a href="https://www.tesco.com/groceries/en-GB/promotions/88562548"><div class="styles__ProductPromotionStyling-sc-1vdpoop-3 WGKAK"><div class="styles__StyledPromotionsOfferContent-sc-1vdpoop-1 cPSekc"><span class="offer-text">Any 4 for £1 Clubcard Price - Selected Tesco Flavoured Carbonates 330ml</span></div><span class="dates">Offer valid for delivery from 05/10/2022 until 28/02/2023</span></div></a></div></div><div class="styles__StyledBuyBoxWrapper-dvv1wj-4 dSvjUC"><div class="styles__StyledBuyBoxContainer-sc-1wx0qp6-0 erryje" data-auto="buybox-container"><div class="styles__SafeFormWrapper-jtpu2t-0 lcrYKS"><form action="https://www.tesco.com/groceries/en-GB/trolley/items/309748351?_method=PUT" method="POST"><input type="submit" class="hidden"><input name="id" type="hidden" value="309748351"><input name="identifier" type="hidden" value="Page"><input name="anchorId" type="hidden" value="#tile-309748351"><input name="returnUrl" type="hidden" value="/groceries/en-GB/shop/drinks/all?redirectIfUnavailable=true#tile-309748351"><input name="backToUrl" type="hidden" value="#"><input name="oldValue" type="hidden" value="0"><input name="oldUnitChoice" type="hidden" value="pcs"><input name="newUnitChoice" type="hidden" value="pcs"><div class="base-components__RootElement-sc-1mosoyj-1 styled__Container-sc-6nhkzi-0 jptQqM hSNpTb beans-buybox__container"><div class="base-components__BaseElement-sc-1mosoyj-0 styled__PriceAndActions-sc-6nhkzi-3 oznwo eEPLov beans-buybox__price-and-actions"><div class="base-components__RootElement-sc-1mosoyj-1 styled__Container-sc-8qlq5b-0 jptQqM bgZrjw styled__StyledPrice-sc-6nhkzi-5 iYHeik beans-buybox__price beans-price__container"><p class="styled__StyledHeading-sc-119w3hf-2 jWPEtj styled__Text-sc-8qlq5b-1 lnaeiZ beans-price__text">£0.50</p><p class="styled__StyledFootnote-sc-119w3hf-7 icrlVF styled__Subtext-sc-8qlq5b-2 bNJmdc beans-price__subtext">£0.15/100ml</p></div><div class="base-components__RootElement-sc-1mosoyj-1 styled__Container-vtxwzb-0 jptQqM bDFhXJ beans-buybox__actions beans-quantity-controls__container"><div class="base-components__RootElement-sc-1mosoyj-1 styled__Container-sc-16t2b2a-0 jptQqM PUfgZ styled__StyledFormGroup-vtxwzb-1 kzKuAr beans-quantity-controls__form-group beans-form-group__container"><label class="styled__StyledLabel-sc-1ttuvhr-0 izGEjV beans-form-group__label beans-label" for="quantity-controls-309748351">Quantity controls </label><div class="base-components__BaseElement-sc-1mosoyj-0 styled__Children-sc-16t2b2a-3 oznwo gdJvjO beans-form-group__children"><div class="styled__StyledQuantityControlWrapper-vtxwzb-6 LCxOg"><label id="quantity-controls-309748351-label" class="styled__VisuallyHiddenLabel-vtxwzb-7 gXlLiM">Quantity of Tesco Orange Zero 330Ml</label><div class="component__Wrapper-sc-1kpmik-3 dReplG input-wrapper"><input class="base-components__RootElement-sc-1mosoyj-1 styled__StyledInput-sc-1jd5f57-0 component__StyledAsInput-sc-1kpmik-4 jptQqM eJLlow styled__StyledInput-vtxwzb-3 lwMHo beans-quantity-controls__input beans-input" data-auto="beans-quantity-controls-input" autocomplete="off" id="quantity-controls-309748351" maxlength="2" name="newValue" type="number" aria-labelledby="quantity-controls-309748351-label" value="1"></div></div><button class="styled__BaseButton-rsekm1-0 styled__PrimaryButton-rsekm1-2 jChbeY geeWOF styled__StyledButton-vtxwzb-5 japAxb beans-quantity-controls__add-button beans-button__container" type="submit" data-auto="beans-quantity-controls-add-button" aria-label="Quantity of Tesco Orange Zero 330Ml"><span class="base-components__BaseElement-sc-1mosoyj-0 styled__InnerContainer-rsekm1-1 oznwo fuFres beans-button__inner-container"><span class="base-components__BaseElement-sc-1mosoyj-0 styled__TextSpan-rsekm1-4 oznwo GDiMp beans-button__text">Add</span></span></button></div></div></div></div></div><input name="_csrf" type="hidden" value="0WbpBJF9-cS-fAMl-ByHnl5hECj1JaZiBQ20"></form></div></div></div></div></div><div class="hidden-medium product-info-section-small"><div class="product-info-message-list"></div></div></div><div class="styles__StyledPromotionsMobile-dvv1wj-6 Bxaeb"><div><div class="styles__StyledPromotionsWithClubcardPriceContainer-sc-1vdpoop-0 bsPFbn"><div class="styles__StyledClubcardLogo-sc-1vdpoop-2 elOZEB"><div class="styles__Wrapper-sc-1d2phhy-0 hgBuQG undefined special-offer-sash"><span class="styles__CircleWrapper-sc-1d2phhy-2 hCbzjm"><strong class="styles__TextWrapper-sc-1d2phhy-1 bLXNGg">Clubcard Price</strong></span></div></div><a href="https://www.tesco.com/groceries/en-GB/promotions/88562548"><div class="styles__ProductPromotionStyling-sc-1vdpoop-3 WGKAK"><div class="styles__StyledPromotionsOfferContent-sc-1vdpoop-1 cPSekc"><span class="offer-text">Any 4 for £1 Clubcard Price - Selected Tesco Flavoured Carbonates 330ml</span></div><span class="dates">Offer valid for delivery from 05/10/2022 until 28/02/2023</span></div></a></div></div></div></div></div></div></li><li class="product-list--list-item"><div class="styles__StyledVerticalTileWrapper-dvv1wj-0 dtCNPH"><div data-auto="product-tile" data-auto-type="Quantity" data-auto-available="true" data-auto-is-restricted-disabled="false" data-auto-is-substitute="false" class="styles__StyledVerticalTile-dvv1wj-1 gSCsYK"><div class="styles__StyledTileContentWrapper-dvv1wj-2 bkNhNP beans"><div id="tile-310107101" data-auto-id="310107101" class="styles__StyledTiledContent-dvv1wj-3 bcglTg"><a href="https://www.tesco.com/groceries/en-GB/products/310107101" aria-hidden="true" class="product-image-wrapper" tabindex="1"><div class="product-image__container"><picture><img class="styled__Image-sjvkdn-0 bJErKA product-image beans-responsive-image__image" src="data:image/gif;base64,R0lGODlhAQABAAAAACH5BAEKAAEALAAAAAABAAEAAAICTAEAOw==" srcset="https://digitalcontent.api.tesco.com/v2/media/ghs/bce7505e-b155-472b-a890-04dd4fd6a76c/d1b45019-b34a-4b3d-9c8b-7dbfc395e94d_531728571.jpeg?h=225&amp;w=225 768w, data:image/gif;base64,R0lGODlhAQABAAAAACH5BAEKAAEALAAAAAABAAEAAAICTAEAOw== 4000w" alt="Tesco No Added Sugar Cream Soda 330Ml"></picture></div></a><div class="product-details--wrapper"><h3 class="styles__H3-oa5soe-0 bCKNNq"><a href="https://www.tesco.com/groceries/en-GB/products/310107101" class="styled__Anchor-sc-1xbujuz-0 csVOnh beans-link__anchor" data-auto="product-tile--title"><span class="styled__Text-sc-1xbujuz-1 ldbwMG beans-link__text">Tesco No Added Sugar Cream Soda 330Ml</span></a></h3><div class="styles__StyledProductDetailsContent-dvv1wj-5 ddRSrq"><a href="https://www.tesco.com/groceries/en-GB/reviews/submission/310107101?from=%2Fshop%2Fdrinks%2Fall" aria-label="Write a review for Tesco No Added Sugar Cream Soda 330Ml" class="styled__Anchor-sc-1xbujuz-0 jSzuDt write-a-review-link beans-link__anchor" data-auto="review-link"><span class="styled__Text-sc-1xbujuz-1 fyDIEo beans-link__text">Write a review</span><span class="styled__IconContainer-sc-1xbujuz-2 bSauSL beans-link__icon-container"><svg aria-hidden="true" class="styled__SVG-xxa4wh-1 hQMCqc beans-link__icon beans-icon__svg" height="13.33" preserveAspectRatio="xMinYMax meet" viewBox="-1 0 12 20" width="8" xmlns="http://www.w3.org/2000/svg" color="currentColor"><path d="M1.312 1.348L10.276 10l-8.964 8.644" fill="none" stroke="currentColor"></path></svg></span></a><div><a href="https://www.tesco.com/groceries/en-GB/shop/drinks/fizzy-and-soft-drinks/fizzy-drinks/fizzy-drink-cans" class="styled__Anchor-sc-1xbujuz-0 jSzuDt rest-of-shelf-link beans-link__anchor" data-auto="rest-of-shelf-link"><span class="styled__Text-sc-1xbujuz-1 fyDIEo beans-link__text">Rest of <span class="visually-hidden">Fizzy Drink Cans</span> shelf</span><span class="styled__IconContainer-sc-1xbujuz-2 bSauSL beans-link__icon-container"><svg aria-hidden="true" class="styled__SVG-xxa4wh-1 hQMCqc beans-link__icon beans-icon__svg" height="13.33" preserveAspectRatio="xMinYMax meet" viewBox="-1 0 12 20" width="8" xmlns="http://www.w3.org/2000/svg" color="currentColor"><path d="M1.312 1.348L10.276 10l-8.964 8.644" fill="none" stroke="currentColor"></path></svg></span></a></div><div class="product-info-message-section"><div class="product-info-message-list"></div></div></div><div class="styles__StyledPromotionsWithBuyBoxWrapper-dvv1wj-8 cZskDh"><div class="styles__StyledPromotionsAboveMobile-dvv1wj-7 iPTMuo"><div class="styles__StyledPromotionsWithClubcardPriceContainer-sc-1vdpoop-0 bsPFbn"><div class="styles__StyledClubcardLogo-sc-1vdpoop-2 elOZEB"><div class="styles__Wrapper-sc-1d2phhy-0 hgBuQG undefined special-offer-sash"><span class="styles__CircleWrapper-sc-1d2phhy-2 hCbzjm"><strong class="styles__TextWrapper-sc-1d2phhy-1 bLXNGg">Clubcard Price</strong></span></div></div><a href="https://www.tesco.com/groceries/en-GB/promotions/88562548"><div class="styles__ProductPromotionStyling-sc-1vdpoop-3 WGKAK"><div class="styles__StyledPromotionsOfferContent-sc-1vdpoop-1 cPSekc"><span class="offer-text">Any 4 for £1 Clubcard Price - Selected Tesco Flavoured Carbonates 330ml</span></div><span class="dates">Offer valid for delivery from 05/10/2022 until 28/02/2023</span></div></a></div></div><div class="styles__StyledBuyBoxWrapper-dvv1wj-4 dSvjUC"><div class="styles__StyledBuyBoxContainer-sc-1wx0qp6-0 erryje" data-auto="buybox-container"><div class="styles__SafeFormWrapper-jtpu2t-0 lcrYKS"><form action="https://www.tesco.com/groceries/en-GB/trolley/items/310107101?_method=PUT" method="POST"><input type="submit" class="hidden"><input name="id" type="hidden" value="310107101"><input name="identifier" type="hidden" value="Page"><input name="anchorId" type="hidden" value="#tile-310107101"><input name="returnUrl" type="hidden" value="/groceries/en-GB/shop/drinks/all?redirectIfUnavailable=true#tile-310107101"><input name="backToUrl" type="hidden" value="#"><input name="oldValue" type="hidden" value="0"><input name="oldUnitChoice" type="hidden" value="pcs"><input name="newUnitChoice" type="hidden" value="pcs"><div class="base-components__RootElement-sc-1mosoyj-1 styled__Container-sc-6nhkzi-0 jptQqM hSNpTb beans-buybox__container"><div class="base-components__BaseElement-sc-1mosoyj-0 styled__PriceAndActions-sc-6nhkzi-3 oznwo eEPLov beans-buybox__price-and-actions"><div class="base-components__RootElement-sc-1mosoyj-1 styled__Container-sc-8qlq5b-0 jptQqM bgZrjw styled__StyledPrice-sc-6nhkzi-5 iYHeik beans-buybox__price beans-price__container"><p class="styled__StyledHeading-sc-119w3hf-2 jWPEtj styled__Text-sc-8qlq5b-1 lnaeiZ beans-price__text">£0.50</p><p class="styled__StyledFootnote-sc-119w3hf-7 icrlVF styled__Subtext-sc-8qlq5b-2 bNJmdc beans-price__subtext">£0.15/100ml</p></div><div class="base-components__RootElement-sc-1mosoyj-1 styled__Container-vtxwzb-0 jptQqM bDFhXJ beans-buybox__actions beans-quantity-controls__container"><div class="base-components__RootElement-sc-1mosoyj-1 styled__Container-sc-16t2b2a-0 jptQqM PUfgZ styled__StyledFormGroup-vtxwzb-1 kzKuAr beans-quantity-controls__form-group beans-form-group__container"><label class="styled__StyledLabel-sc-1ttuvhr-0 izGEjV beans-form-group__label beans-label" for="quantity-controls-310107101">Quantity controls </label><div class="base-components__BaseElement-sc-1mosoyj-0 styled__Children-sc-16t2b2a-3 oznwo gdJvjO beans-form-group__children"><div class="styled__StyledQuantityControlWrapper-vtxwzb-6 LCxOg"><label id="quantity-controls-310107101-label" class="styled__VisuallyHiddenLabel-vtxwzb-7 gXlLiM">Quantity of Tesco No Added Sugar Cream Soda 330Ml</label><div class="component__Wrapper-sc-1kpmik-3 dReplG input-wrapper"><input class="base-components__RootElement-sc-1mosoyj-1 styled__StyledInput-sc-1jd5f57-0 component__StyledAsInput-sc-1kpmik-4 jptQqM eJLlow styled__StyledInput-vtxwzb-3 lwMHo beans-quantity-controls__input beans-input" data-auto="beans-quantity-controls-input" autocomplete="off" id="quantity-controls-310107101" maxlength="2" name="newValue" type="number" aria-labelledby="quantity-controls-310107101-label" value="1"></div></div><button class="styled__BaseButton-rsekm1-0 styled__PrimaryButton-rsekm1-2 jChbeY geeWOF styled__StyledButton-vtxwzb-5 japAxb beans-quantity-controls__add-button beans-button__container" type="submit" data-auto="beans-quantity-controls-add-button" aria-label="Quantity of Tesco No Added Sugar Cream Soda 330Ml"><span class="base-components__BaseElement-sc-1mosoyj-0 styled__InnerContainer-rsekm1-1 oznwo fuFres beans-button__inner-container"><span class="base-components__BaseElement-sc-1mosoyj-0 styled__TextSpan-rsekm1-4 oznwo GDiMp beans-button__text">Add</span></span></button></div></div></div></div></div><input name="_csrf" type="hidden" value="0WbpBJF9-cS-fAMl-ByHnl5hECj1JaZiBQ20"></form></div></div></div></div></div><div class="hidden-medium product-info-section-small"><div class="product-info-message-list"></div></div></div><div class="styles__StyledPromotionsMobile-dvv1wj-6 Bxaeb"><div><div class="styles__StyledPromotionsWithClubcardPriceContainer-sc-1vdpoop-0 bsPFbn"><div class="styles__StyledClubcardLogo-sc-1vdpoop-2 elOZEB"><div class="styles__Wrapper-sc-1d2phhy-0 hgBuQG undefined special-offer-sash"><span class="styles__CircleWrapper-sc-1d2phhy-2 hCbzjm"><strong class="styles__TextWrapper-sc-1d2phhy-1 bLXNGg">Clubcard Price</strong></span></div></div><a href="https://www.tesco.com/groceries/en-GB/promotions/88562548"><div class="styles__ProductPromotionStyling-sc-1vdpoop-3 WGKAK"><div class="styles__StyledPromotionsOfferContent-sc-1vdpoop-1 cPSekc"><span class="offer-text">Any 4 for £1 Clubcard Price - Selected Tesco Flavoured Carbonates 330ml</span></div><span class="dates">Offer valid for delivery from 05/10/2022 until 28/02/2023</span></div></a></div></div></div></div></div></div></li><li class="product-list--list-item"><div class="styles__StyledVerticalTileWrapper-dvv1wj-0 dtCNPH"><div data-auto="product-tile" data-auto-type="Quantity" data-auto-available="true" data-auto-is-restricted-disabled="false" data-auto-is-substitute="false" class="styles__StyledVerticalTile-dvv1wj-1 gSCsYK"><div class="styles__StyledTileContentWrapper-dvv1wj-2 bkNhNP beans"><div id="tile-310171835" data-auto-id="310171835" class="styles__StyledTiledContent-dvv1wj-3 bcglTg"><a href="https://www.tesco.com/groceries/en-GB/products/310171835" aria-hidden="true" class="product-image-wrapper" tabindex="1"><div class="product-image__container"><picture><img class="styled__Image-sjvkdn-0 bJErKA product-image beans-responsive-image__image" src="data:image/gif;base64,R0lGODlhAQABAAAAACH5BAEKAAEALAAAAAABAAEAAAICTAEAOw==" srcset="https://digitalcontent.api.tesco.com/v2/media/ghs/4c7f9a12-06c4-4a74-9252-391cb1106ca4/cf06c725-cabb-443b-a8a1-ee6eabd9afc5_1001570887.jpeg?h=225&amp;w=225 768w, data:image/gif;base64,R0lGODlhAQABAAAAACH5BAEKAAEALAAAAAABAAEAAAICTAEAOw== 4000w" alt="Tesco No Added Sugar Ginger Beer 330Ml"></picture></div></a><div class="product-details--wrapper"><h3 class="styles__H3-oa5soe-0 bCKNNq"><a href="https://www.tesco.com/groceries/en-GB/products/310171835" class="styled__Anchor-sc-1xbujuz-0 csVOnh beans-link__anchor" data-auto="product-tile--title"><span class="styled__Text-sc-1xbujuz-1 ldbwMG beans-link__text">Tesco No Added Sugar Ginger Beer 330Ml</span></a></h3><div class="styles__StyledProductDetailsContent-dvv1wj-5 ddRSrq"><a href="https://www.tesco.com/groceries/en-GB/reviews/submission/310171835?from=%2Fshop%2Fdrinks%2Fall" aria-label="Write a review for Tesco No Added Sugar Ginger Beer 330Ml" class="styled__Anchor-sc-1xbujuz-0 jSzuDt write-a-review-link beans-link__anchor" data-auto="review-link"><span class="styled__Text-sc-1xbujuz-1 fyDIEo beans-link__text">Write a review</span><span class="styled__IconContainer-sc-1xbujuz-2 bSauSL beans-link__icon-container"><svg aria-hidden="true" class="styled__SVG-xxa4wh-1 hQMCqc beans-link__icon beans-icon__svg" height="13.33" preserveAspectRatio="xMinYMax meet" viewBox="-1 0 12 20" width="8" xmlns="http://www.w3.org/2000/svg" color="currentColor"><path d="M1.312 1.348L10.276 10l-8.964 8.644" fill="none" stroke="currentColor"></path></svg></span></a><div><a href="https://www.tesco.com/groceries/en-GB/shop/drinks/fizzy-and-soft-drinks/fizzy-drinks/fizzy-drink-cans" class="styled__Anchor-sc-1xbujuz-0 jSzuDt rest-of-shelf-link beans-link__anchor" data-auto="rest-of-shelf-link"><span class="styled__Text-sc-1xbujuz-1 fyDIEo beans-link__text">Rest of <span class="visually-hidden">Fizzy Drink Cans</span> shelf</span><span class="styled__IconContainer-sc-1xbujuz-2 bSauSL beans-link__icon-container"><svg aria-hidden="true" class="styled__SVG-xxa4wh-1 hQMCqc beans-link__icon beans-icon__svg" height="13.33" preserveAspectRatio="xMinYMax meet" viewBox="-1 0 12 20" width="8" xmlns="http://www.w3.org/2000/svg" color="currentColor"><path d="M1.312 1.348L10.276 10l-8.964 8.644" fill="none" stroke="currentColor"></path></svg></span></a></div><div class="product-info-message-section"><div class="product-info-message-list"></div></div></div><div class="styles__StyledPromotionsWithBuyBoxWrapper-dvv1wj-8 cZskDh"><div class="styles__StyledPromotionsAboveMobile-dvv1wj-7 iPTMuo"><div class="styles__StyledPromotionsWithClubcardPriceContainer-sc-1vdpoop-0 bsPFbn"><div class="styles__StyledClubcardLogo-sc-1vdpoop-2 elOZEB"><div class="styles__Wrapper-sc-1d2phhy-0 hgBuQG undefined special-offer-sash"><span class="styles__CircleWrapper-sc-1d2phhy-2 hCbzjm"><strong class="styles__TextWrapper-sc-1d2phhy-1 bLXNGg">Clubcard Price</strong></span></div></div><a href="https://www.tesco.com/groceries/en-GB/promotions/88562548"><div class="styles__ProductPromotionStyling-sc-1vdpoop-3 WGKAK"><div class="styles__StyledPromotionsOfferContent-sc-1vdpoop-1 cPSekc"><span class="offer-text">Any 4 for £1 Clubcard Price - Selected Tesco Flavoured Carbonates 330ml</span></div><span class="dates">Offer valid for delivery from 05/10/2022 until 28/02/2023</span></div></a></div></div><div class="styles__StyledBuyBoxWrapper-dvv1wj-4 dSvjUC"><div class="styles__StyledBuyBoxContainer-sc-1wx0qp6-0 erryje" data-auto="buybox-container"><div class="styles__SafeFormWrapper-jtpu2t-0 lcrYKS"><form action="https://www.tesco.com/groceries/en-GB/trolley/items/310171835?_method=PUT" method="POST"><input type="submit" class="hidden"><input name="id" type="hidden" value="310171835"><input name="identifier" type="hidden" value="Page"><input name="anchorId" type="hidden" value="#tile-310171835"><input name="returnUrl" type="hidden" value="/groceries/en-GB/shop/drinks/all?redirectIfUnavailable=true#tile-310171835"><input name="backToUrl" type="hidden" value="#"><input name="oldValue" type="hidden" value="0"><input name="oldUnitChoice" type="hidden" value="pcs"><input name="newUnitChoice" type="hidden" value="pcs"><div class="base-components__RootElement-sc-1mosoyj-1 styled__Container-sc-6nhkzi-0 jptQqM hSNpTb beans-buybox__container"><div class="base-components__BaseElement-sc-1mosoyj-0 styled__PriceAndActions-sc-6nhkzi-3 oznwo eEPLov beans-buybox__price-and-actions"><div class="base-components__RootElement-sc-1mosoyj-1 styled__Container-sc-8qlq5b-0 jptQqM bgZrjw styled__StyledPrice-sc-6nhkzi-5 iYHeik beans-buybox__price beans-price__container"><p class="styled__StyledHeading-sc-119w3hf-2 jWPEtj styled__Text-sc-8qlq5b-1 lnaeiZ beans-price__text">£0.50</p><p class="styled__StyledFootnote-sc-119w3hf-7 icrlVF styled__Subtext-sc-8qlq5b-2 bNJmdc beans-price__subtext">£0.15/100ml</p></div><div class="base-components__RootElement-sc-1mosoyj-1 styled__Container-vtxwzb-0 jptQqM bDFhXJ beans-buybox__actions beans-quantity-controls__container"><div class="base-components__RootElement-sc-1mosoyj-1 styled__Container-sc-16t2b2a-0 jptQqM PUfgZ styled__StyledFormGroup-vtxwzb-1 kzKuAr beans-quantity-controls__form-group beans-form-group__container"><label class="styled__StyledLabel-sc-1ttuvhr-0 izGEjV beans-form-group__label beans-label" for="quantity-controls-310171835">Quantity controls </label><div class="base-components__BaseElement-sc-1mosoyj-0 styled__Children-sc-16t2b2a-3 oznwo gdJvjO beans-form-group__children"><div class="styled__StyledQuantityControlWrapper-vtxwzb-6 LCxOg"><label id="quantity-controls-310171835-label" class="styled__VisuallyHiddenLabel-vtxwzb-7 gXlLiM">Quantity of Tesco No Added Sugar Ginger Beer 330Ml</label><div class="component__Wrapper-sc-1kpmik-3 dReplG input-wrapper"><input class="base-components__RootElement-sc-1mosoyj-1 styled__StyledInput-sc-1jd5f57-0 component__StyledAsInput-sc-1kpmik-4 jptQqM eJLlow styled__StyledInput-vtxwzb-3 lwMHo beans-quantity-controls__input beans-input" data-auto="beans-quantity-controls-input" autocomplete="off" id="quantity-controls-310171835" maxlength="2" name="newValue" type="number" aria-labelledby="quantity-controls-310171835-label" value="1"></div></div><button class="styled__BaseButton-rsekm1-0 styled__PrimaryButton-rsekm1-2 jChbeY geeWOF styled__StyledButton-vtxwzb-5 japAxb beans-quantity-controls__add-button beans-button__container" type="submit" data-auto="beans-quantity-controls-add-button" aria-label="Quantity of Tesco No Added Sugar Ginger Beer 330Ml"><span class="base-components__BaseElement-sc-1mosoyj-0 styled__InnerContainer-rsekm1-1 oznwo fuFres beans-button__inner-container"><span class="base-components__BaseElement-sc-1mosoyj-0 styled__TextSpan-rsekm1-4 oznwo GDiMp beans-button__text">Add</span></span></button></div></div></div></div></div><input name="_csrf" type="hidden" value="0WbpBJF9-cS-fAMl-ByHnl5hECj1JaZiBQ20"></form></div></div></div></div></div><div class="hidden-medium product-info-section-small"><div class="product-info-message-list"></div></div></div><div class="styles__StyledPromotionsMobile-dvv1wj-6 Bxaeb"><div><div class="styles__StyledPromotionsWithClubcardPriceContainer-sc-1vdpoop-0 bsPFbn"><div class="styles__StyledClubcardLogo-sc-1vdpoop-2 elOZEB"><div class="styles__Wrapper-sc-1d2phhy-0 hgBuQG undefined special-offer-sash"><span class="styles__CircleWrapper-sc-1d2phhy-2 hCbzjm"><strong class="styles__TextWrapper-sc-1d2phhy-1 bLXNGg">Clubcard Price</strong></span></div></div><a href="https://www.tesco.com/groceries/en-GB/promotions/88562548"><div class="styles__ProductPromotionStyling-sc-1vdpoop-3 WGKAK"><div class="styles__StyledPromotionsOfferContent-sc-1vdpoop-1 cPSekc"><span class="offer-text">Any 4 for £1 Clubcard Price - Selected Tesco Flavoured Carbonates 330ml</span></div><span class="dates">Offer valid for delivery from 05/10/2022 until 28/02/2023</span></div></a></div></div></div></div></div></div></li><li class="product-list--list-item"><div class="styles__StyledVerticalTileWrapper-dvv1wj-0 dtCNPH"><div data-auto="product-tile" data-auto-type="Quantity" data-auto-available="true" data-auto-is-restricted-disabled="false" data-auto-is-substitute="false" class="styles__StyledVerticalTile-dvv1wj-1 gSCsYK"><div class="styles__StyledTileContentWrapper-dvv1wj-2 bkNhNP beans"><div id="tile-250654868" data-auto-id="250654868" class="styles__StyledTiledContent-dvv1wj-3 bcglTg"><a href="https://www.tesco.com/groceries/en-GB/products/250654868" aria-hidden="true" class="product-image-wrapper" tabindex="1"><div class="product-image__container"><picture><img class="styled__Image-sjvkdn-0 bJErKA product-image beans-responsive-image__image" src="data:image/gif;base64,R0lGODlhAQABAAAAACH5BAEKAAEALAAAAAABAAEAAAICTAEAOw==" srcset="https://digitalcontent.api.tesco.com/v2/media/ghs/3318fb68-375f-4733-b682-3ff152d83d43/aae98811-69cb-481c-838a-14a93001c422_1928626246.jpeg?h=225&amp;w=225 768w, data:image/gif;base64,R0lGODlhAQABAAAAACH5BAEKAAEALAAAAAABAAEAAAICTAEAOw== 4000w" alt="Tesco Sparkling Diet Lemonade 2L"></picture></div></a><div class="product-details--wrapper"><h3 class="styles__H3-oa5soe-0 bCKNNq"><a href="https://www.tesco.com/groceries/en-GB/products/250654868" class="styled__Anchor-sc-1xbujuz-0 csVOnh beans-link__anchor" data-auto="product-tile--title"><span class="styled__Text-sc-1xbujuz-1 ldbwMG beans-link__text">Tesco Sparkling Diet Lemonade 2L</span></a></h3><div class="styles__StyledPromotionsAboveMobile-dvv1wj-7 iPTMuo"></div><div class="styles__StyledProductDetailsContent-dvv1wj-5 ddRSrq"><a href="https://www.tesco.com/groceries/en-GB/reviews/submission/250654868?from=%2Fshop%2Fdrinks%2Fall" aria-label="Write a review for Tesco Sparkling Diet Lemonade 2L" class="styled__Anchor-sc-1xbujuz-0 jSzuDt write-a-review-link beans-link__anchor" data-auto="review-link"><span class="styled__Text-sc-1xbujuz-1 fyDIEo beans-link__text">Write a review</span><span class="styled__IconContainer-sc-1xbujuz-2 bSauSL beans-link__icon-container"><svg aria-hidden="true" class="styled__SVG-xxa4wh-1 hQMCqc beans-link__icon beans-icon__svg" height="13.33" preserveAspectRatio="xMinYMax meet" viewBox="-1 0 12 20" width="8" xmlns="http://www.w3.org/2000/svg" color="currentColor"><path d="M1.312 1.348L10.276 10l-8.964 8.644" fill="none" stroke="currentColor"></path></svg></span></a><div><a href="https://www.tesco.com/groceries/en-GB/shop/drinks/fizzy-and-soft-drinks/fizzy-drinks/lemonade" class="styled__Anchor-sc-1xbujuz-0 jSzuDt rest-of-shelf-link beans-link__anchor" data-auto="rest-of-shelf-link"><span class="styled__Text-sc-1xbujuz-1 fyDIEo beans-link__text">Rest of <span class="visually-hidden">Lemonade</span> shelf</span><span class="styled__IconContainer-sc-1xbujuz-2 bSauSL beans-link__icon-container"><svg aria-hidden="true" class="styled__SVG-xxa4wh-1 hQMCqc beans-link__icon beans-icon__svg" height="13.33" preserveAspectRatio="xMinYMax meet" viewBox="-1 0 12 20" width="8" xmlns="http://www.w3.org/2000/svg" color="currentColor"><path d="M1.312 1.348L10.276 10l-8.964 8.644" fill="none" stroke="currentColor"></path></svg></span></a></div><div class="product-info-message-section"><div class="product-info-message-list"></div></div></div><div class="styles__StyledBuyBoxWrapper-dvv1wj-4 dSvjUC"><div class="styles__StyledBuyBoxContainer-sc-1wx0qp6-0 erryje" data-auto="buybox-container"><div class="styles__SafeFormWrapper-jtpu2t-0 lcrYKS"><form action="https://www.tesco.com/groceries/en-GB/trolley/items/250654868?_method=PUT" method="POST"><input type="submit" class="hidden"><input name="id" type="hidden" value="250654868"><input name="identifier" type="hidden" value="Page"><input name="anchorId" type="hidden" value="#tile-250654868"><input name="returnUrl" type="hidden" value="/groceries/en-GB/shop/drinks/all?redirectIfUnavailable=true#tile-250654868"><input name="backToUrl" type="hidden" value="#"><input name="oldValue" type="hidden" value="0"><input name="oldUnitChoice" type="hidden" value="pcs"><input name="newUnitChoice" type="hidden" value="pcs"><div class="base-components__RootElement-sc-1mosoyj-1 styled__Container-sc-6nhkzi-0 jptQqM hSNpTb beans-buybox__container"><div class="base-components__BaseElement-sc-1mosoyj-0 styled__PriceAndActions-sc-6nhkzi-3 oznwo eEPLov beans-buybox__price-and-actions"><div class="base-components__RootElement-sc-1mosoyj-1 styled__Container-sc-8qlq5b-0 jptQqM bgZrjw styled__StyledPrice-sc-6nhkzi-5 iYHeik beans-buybox__price beans-price__container"><p class="styled__StyledHeading-sc-119w3hf-2 jWPEtj styled__Text-sc-8qlq5b-1 lnaeiZ beans-price__text">£0.60</p><p class="styled__StyledFootnote-sc-119w3hf-7 icrlVF styled__Subtext-sc-8qlq5b-2 bNJmdc beans-price__subtext">£0.03/100ml</p></div><div class="base-components__RootElement-sc-1mosoyj-1 styled__Container-vtxwzb-0 jptQqM bDFhXJ beans-buybox__actions beans-quantity-controls__container"><div class="base-components__RootElement-sc-1mosoyj-1 styled__Container-sc-16t2b2a-0 jptQqM PUfgZ styled__StyledFormGroup-vtxwzb-1 kzKuAr beans-quantity-controls__form-group beans-form-group__container"><label class="styled__StyledLabel-sc-1ttuvhr-0 izGEjV beans-form-group__label beans-label" for="quantity-controls-250654868">Quantity controls </label><div class="base-components__BaseElement-sc-1mosoyj-0 styled__Children-sc-16t2b2a-3 oznwo gdJvjO beans-form-group__children"><div class="styled__StyledQuantityControlWrapper-vtxwzb-6 LCxOg"><label id="quantity-controls-250654868-label" class="styled__VisuallyHiddenLabel-vtxwzb-7 gXlLiM">Quantity of Tesco Sparkling Diet Lemonade 2L</label><div class="component__Wrapper-sc-1kpmik-3 dReplG input-wrapper"><input class="base-components__RootElement-sc-1mosoyj-1 styled__StyledInput-sc-1jd5f57-0 component__StyledAsInput-sc-1kpmik-4 jptQqM eJLlow styled__StyledInput-vtxwzb-3 lwMHo beans-quantity-controls__input beans-input" data-auto="beans-quantity-controls-input" autocomplete="off" id="quantity-controls-250654868" maxlength="2" name="newValue" type="number" aria-labelledby="quantity-controls-250654868-label" value="1"></div></div><button class="styled__BaseButton-rsekm1-0 styled__PrimaryButton-rsekm1-2 jChbeY geeWOF styled__StyledButton-vtxwzb-5 japAxb beans-quantity-controls__add-button beans-button__container" type="submit" data-auto="beans-quantity-controls-add-button" aria-label="Quantity of Tesco Sparkling Diet Lemonade 2L"><span class="base-components__BaseElement-sc-1mosoyj-0 styled__InnerContainer-rsekm1-1 oznwo fuFres beans-button__inner-container"><span class="base-components__BaseElement-sc-1mosoyj-0 styled__TextSpan-rsekm1-4 oznwo GDiMp beans-button__text">Add</span></span></button></div></div></div></div></div><input name="_csrf" type="hidden" value="0WbpBJF9-cS-fAMl-ByHnl5hECj1JaZiBQ20"></form></div></div></div></div><div class="hidden-medium product-info-section-small"><div class="product-info-message-list"></div></div></div></div></div></div></li><li class="product-list--list-item"><div class="styles__StyledVerticalTileWrapper-dvv1wj-0 dtCNPH"><div data-auto="product-tile" data-auto-type="Quantity" data-auto-available="true" data-auto-is-restricted-disabled="false" data-auto-is-substitute="false" class="styles__StyledVerticalTile-dvv1wj-1 gSCsYK"><div class="styles__StyledTileContentWrapper-dvv1wj-2 bkNhNP beans"><div id="tile-271050824" data-auto-id="271050824" class="styles__StyledTiledContent-dvv1wj-3 bcglTg"><a href="https://www.tesco.com/groceries/en-GB/products/271050824" aria-hidden="true" class="product-image-wrapper" tabindex="1"><div class="product-image__container"><picture><img class="styled__Image-sjvkdn-0 bJErKA product-image beans-responsive-image__image" src="data:image/gif;base64,R0lGODlhAQABAAAAACH5BAEKAAEALAAAAAABAAEAAAICTAEAOw==" srcset="https://digitalcontent.api.tesco.com/v2/media/ghs/052f78c2-dd11-4a59-ab8c-200b504b5a95/1e0b3b97-7e83-44c5-84cc-ce57cc4b6b65_831196209.jpeg?h=225&amp;w=225 768w, data:image/gif;base64,R0lGODlhAQABAAAAACH5BAEKAAEALAAAAAABAAEAAAICTAEAOw== 4000w" alt="Tesco Xero Cola 2L"></picture></div></a><div class="product-details--wrapper"><h3 class="styles__H3-oa5soe-0 bCKNNq"><a href="https://www.tesco.com/groceries/en-GB/products/271050824" class="styled__Anchor-sc-1xbujuz-0 csVOnh beans-link__anchor" data-auto="product-tile--title"><span class="styled__Text-sc-1xbujuz-1 ldbwMG beans-link__text">Tesco Xero Cola 2L</span></a></h3><div class="styles__StyledPromotionsAboveMobile-dvv1wj-7 iPTMuo"></div><div class="styles__StyledProductDetailsContent-dvv1wj-5 ddRSrq"><a href="https://www.tesco.com/groceries/en-GB/reviews/submission/271050824?from=%2Fshop%2Fdrinks%2Fall" aria-label="Write a review for Tesco Xero Cola 2L" class="styled__Anchor-sc-1xbujuz-0 jSzuDt write-a-review-link beans-link__anchor" data-auto="review-link"><span class="styled__Text-sc-1xbujuz-1 fyDIEo beans-link__text">Write a review</span><span class="styled__IconContainer-sc-1xbujuz-2 bSauSL beans-link__icon-container"><svg aria-hidden="true" class="styled__SVG-xxa4wh-1 hQMCqc beans-link__icon beans-icon__svg" height="13.33" preserveAspectRatio="xMinYMax meet" viewBox="-1 0 12 20" width="8" xmlns="http://www.w3.org/2000/svg" color="currentColor"><path d="M1.312 1.348L10.276 10l-8.964 8.644" fill="none" stroke="currentColor"></path></svg></span></a><div><a href="https://www.tesco.com/groceries/en-GB/shop/drinks/fizzy-and-soft-drinks/cola/sugar-free-cola" class="styled__Anchor-sc-1xbujuz-0 jSzuDt rest-of-shelf-link beans-link__anchor" data-auto="rest-of-shelf-link"><span class="styled__Text-sc-1xbujuz-1 fyDIEo beans-link__text">Rest of <span class="visually-hidden">Sugar Free Cola</span> shelf</span><span class="styled__IconContainer-sc-1xbujuz-2 bSauSL beans-link__icon-container"><svg aria-hidden="true" class="styled__SVG-xxa4wh-1 hQMCqc beans-link__icon beans-icon__svg" height="13.33" preserveAspectRatio="xMinYMax meet" viewBox="-1 0 12 20" width="8" xmlns="http://www.w3.org/2000/svg" color="currentColor"><path d="M1.312 1.348L10.276 10l-8.964 8.644" fill="none" stroke="currentColor"></path></svg></span></a></div><div class="product-info-message-section"><div class="product-info-message-list"></div></div></div><div class="styles__StyledBuyBoxWrapper-dvv1wj-4 dSvjUC"><div class="styles__StyledBuyBoxContainer-sc-1wx0qp6-0 erryje" data-auto="buybox-container"><div class="styles__SafeFormWrapper-jtpu2t-0 lcrYKS"><form action="https://www.tesco.com/groceries/en-GB/trolley/items/271050824?_method=PUT" method="POST"><input type="submit" class="hidden"><input name="id" type="hidden" value="271050824"><input name="identifier" type="hidden" value="Page"><input name="anchorId" type="hidden" value="#tile-271050824"><input name="returnUrl" type="hidden" value="/groceries/en-GB/shop/drinks/all?redirectIfUnavailable=true#tile-271050824"><input name="backToUrl" type="hidden" value="#"><input name="oldValue" type="hidden" value="0"><input name="oldUnitChoice" type="hidden" value="pcs"><input name="newUnitChoice" type="hidden" value="pcs"><div class="base-components__RootElement-sc-1mosoyj-1 styled__Container-sc-6nhkzi-0 jptQqM hSNpTb beans-buybox__container"><div class="base-components__BaseElement-sc-1mosoyj-0 styled__PriceAndActions-sc-6nhkzi-3 oznwo eEPLov beans-buybox__price-and-actions"><div class="base-components__RootElement-sc-1mosoyj-1 styled__Container-sc-8qlq5b-0 jptQqM bgZrjw styled__StyledPrice-sc-6nhkzi-5 iYHeik beans-buybox__price beans-price__container"><p class="styled__StyledHeading-sc-119w3hf-2 jWPEtj styled__Text-sc-8qlq5b-1 lnaeiZ beans-price__text">£0.50</p><p class="styled__StyledFootnote-sc-119w3hf-7 icrlVF styled__Subtext-sc-8qlq5b-2 bNJmdc beans-price__subtext">£0.02/100ml</p></div><div class="base-components__RootElement-sc-1mosoyj-1 styled__Container-vtxwzb-0 jptQqM bDFhXJ beans-buybox__actions beans-quantity-controls__container"><div class="base-components__RootElement-sc-1mosoyj-1 styled__Container-sc-16t2b2a-0 jptQqM PUfgZ styled__StyledFormGroup-vtxwzb-1 kzKuAr beans-quantity-controls__form-group beans-form-group__container"><label class="styled__StyledLabel-sc-1ttuvhr-0 izGEjV beans-form-group__label beans-label" for="quantity-controls-271050824">Quantity controls </label><div class="base-components__BaseElement-sc-1mosoyj-0 styled__Children-sc-16t2b2a-3 oznwo gdJvjO beans-form-group__children"><div class="styled__StyledQuantityControlWrapper-vtxwzb-6 LCxOg"><label id="quantity-controls-271050824-label" class="styled__VisuallyHiddenLabel-vtxwzb-7 gXlLiM">Quantity of Tesco Xero Cola 2L</label><div class="component__Wrapper-sc-1kpmik-3 dReplG input-wrapper"><input class="base-components__RootElement-sc-1mosoyj-1 styled__StyledInput-sc-1jd5f57-0 component__StyledAsInput-sc-1kpmik-4 jptQqM eJLlow styled__StyledInput-vtxwzb-3 lwMHo beans-quantity-controls__input beans-input" data-auto="beans-quantity-controls-input" autocomplete="off" id="quantity-controls-271050824" maxlength="2" name="newValue" type="number" aria-labelledby="quantity-controls-271050824-label" value="1"></div></div><button class="styled__BaseButton-rsekm1-0 styled__PrimaryButton-rsekm1-2 jChbeY geeWOF styled__StyledButton-vtxwzb-5 japAxb beans-quantity-controls__add-button beans-button__container" type="submit" data-auto="beans-quantity-controls-add-button" aria-label="Quantity of Tesco Xero Cola 2L"><span class="base-components__BaseElement-sc-1mosoyj-0 styled__InnerContainer-rsekm1-1 oznwo fuFres beans-button__inner-container"><span class="base-components__BaseElement-sc-1mosoyj-0 styled__TextSpan-rsekm1-4 oznwo GDiMp beans-button__text">Add</span></span></button></div></div></div></div></div><input name="_csrf" type="hidden" value="0WbpBJF9-cS-fAMl-ByHnl5hECj1JaZiBQ20"></form></div></div></div></div><div class="hidden-medium product-info-section-small"><div class="product-info-message-list"></div></div></div></div></div></div></li><li class="product-list--list-item"><div class="styles__StyledVerticalTileWrapper-dvv1wj-0 dtCNPH"><div data-auto="product-tile" data-auto-type="Quantity" data-auto-available="true" data-auto-is-restricted-disabled="false" data-auto-is-substitute="false" class="styles__StyledVerticalTile-dvv1wj-1 gSCsYK"><div class="styles__StyledTileContentWrapper-dvv1wj-2 bkNhNP beans"><div id="tile-250617625" data-auto-id="250617625" class="styles__StyledTiledContent-dvv1wj-3 bcglTg"><a href="https://www.tesco.com/groceries/en-GB/products/250617625" aria-hidden="true" class="product-image-wrapper" tabindex="1"><div class="product-image__container"><picture><img class="styled__Image-sjvkdn-0 bJErKA product-image beans-responsive-image__image" src="data:image/gif;base64,R0lGODlhAQABAAAAACH5BAEKAAEALAAAAAABAAEAAAICTAEAOw==" srcset="https://digitalcontent.api.tesco.com/v2/media/ghs/9e9097ae-e465-412d-bea8-9f521a131a1b/f103a262-3923-4c58-b159-3fe4f22c12ee_283852737.jpeg?h=225&amp;w=225 768w, data:image/gif;base64,R0lGODlhAQABAAAAACH5BAEKAAEALAAAAAABAAEAAAICTAEAOw== 4000w" alt="Tesco Sparkling Lemonade 2L Bottle"></picture></div></a><div class="product-details--wrapper"><h3 class="styles__H3-oa5soe-0 bCKNNq"><a href="https://www.tesco.com/groceries/en-GB/products/250617625" class="styled__Anchor-sc-1xbujuz-0 csVOnh beans-link__anchor" data-auto="product-tile--title"><span class="styled__Text-sc-1xbujuz-1 ldbwMG beans-link__text">Tesco Sparkling Lemonade 2L Bottle</span></a></h3><div class="styles__StyledPromotionsAboveMobile-dvv1wj-7 iPTMuo"></div><div class="styles__StyledProductDetailsContent-dvv1wj-5 ddRSrq"><a href="https://www.tesco.com/groceries/en-GB/reviews/submission/250617625?from=%2Fshop%2Fdrinks%2Fall" aria-label="Write a review for Tesco Sparkling Lemonade 2L Bottle" class="styled__Anchor-sc-1xbujuz-0 jSzuDt write-a-review-link beans-link__anchor" data-auto="review-link"><span class="styled__Text-sc-1xbujuz-1 fyDIEo beans-link__text">Write a review</span><span class="styled__IconContainer-sc-1xbujuz-2 bSauSL beans-link__icon-container"><svg aria-hidden="true" class="styled__SVG-xxa4wh-1 hQMCqc beans-link__icon beans-icon__svg" height="13.33" preserveAspectRatio="xMinYMax meet" viewBox="-1 0 12 20" width="8" xmlns="http://www.w3.org/2000/svg" color="currentColor"><path d="M1.312 1.348L10.276 10l-8.964 8.644" fill="none" stroke="currentColor"></path></svg></span></a><div><a href="https://www.tesco.com/groceries/en-GB/shop/drinks/fizzy-and-soft-drinks/fizzy-drinks/lemonade" class="styled__Anchor-sc-1xbujuz-0 jSzuDt rest-of-shelf-link beans-link__anchor" data-auto="rest-of-shelf-link"><span class="styled__Text-sc-1xbujuz-1 fyDIEo beans-link__text">Rest of <span class="visually-hidden">Lemonade</span> shelf</span><span class="styled__IconContainer-sc-1xbujuz-2 bSauSL beans-link__icon-container"><svg aria-hidden="true" class="styled__SVG-xxa4wh-1 hQMCqc beans-link__icon beans-icon__svg" height="13.33" preserveAspectRatio="xMinYMax meet" viewBox="-1 0 12 20" width="8" xmlns="http://www.w3.org/2000/svg" color="currentColor"><path d="M1.312 1.348L10.276 10l-8.964 8.644" fill="none" stroke="currentColor"></path></svg></span></a></div><div class="product-info-message-section"><div class="product-info-message-list"></div></div></div><div class="styles__StyledBuyBoxWrapper-dvv1wj-4 dSvjUC"><div class="styles__StyledBuyBoxContainer-sc-1wx0qp6-0 erryje" data-auto="buybox-container"><div class="styles__SafeFormWrapper-jtpu2t-0 lcrYKS"><form action="https://www.tesco.com/groceries/en-GB/trolley/items/250617625?_method=PUT" method="POST"><input type="submit" class="hidden"><input name="id" type="hidden" value="250617625"><input name="identifier" type="hidden" value="Page"><input name="anchorId" type="hidden" value="#tile-250617625"><input name="returnUrl" type="hidden" value="/groceries/en-GB/shop/drinks/all?redirectIfUnavailable=true#tile-250617625"><input name="backToUrl" type="hidden" value="#"><input name="oldValue" type="hidden" value="0"><input name="oldUnitChoice" type="hidden" value="pcs"><input name="newUnitChoice" type="hidden" value="pcs"><div class="base-components__RootElement-sc-1mosoyj-1 styled__Container-sc-6nhkzi-0 jptQqM hSNpTb beans-buybox__container"><div class="base-components__BaseElement-sc-1mosoyj-0 styled__PriceAndActions-sc-6nhkzi-3 oznwo eEPLov beans-buybox__price-and-actions"><div class="base-components__RootElement-sc-1mosoyj-1 styled__Container-sc-8qlq5b-0 jptQqM bgZrjw styled__StyledPrice-sc-6nhkzi-5 iYHeik beans-buybox__price beans-price__container"><p class="styled__StyledHeading-sc-119w3hf-2 jWPEtj styled__Text-sc-8qlq5b-1 lnaeiZ beans-price__text">£0.60</p><p class="styled__StyledFootnote-sc-119w3hf-7 icrlVF styled__Subtext-sc-8qlq5b-2 bNJmdc beans-price__subtext">£0.03/100ml</p></div><div class="base-components__RootElement-sc-1mosoyj-1 styled__Container-vtxwzb-0 jptQqM bDFhXJ beans-buybox__actions beans-quantity-controls__container"><div class="base-components__RootElement-sc-1mosoyj-1 styled__Container-sc-16t2b2a-0 jptQqM PUfgZ styled__StyledFormGroup-vtxwzb-1 kzKuAr beans-quantity-controls__form-group beans-form-group__container"><label class="styled__StyledLabel-sc-1ttuvhr-0 izGEjV beans-form-group__label beans-label" for="quantity-controls-250617625">Quantity controls </label><div class="base-components__BaseElement-sc-1mosoyj-0 styled__Children-sc-16t2b2a-3 oznwo gdJvjO beans-form-group__children"><div class="styled__StyledQuantityControlWrapper-vtxwzb-6 LCxOg"><label id="quantity-controls-250617625-label" class="styled__VisuallyHiddenLabel-vtxwzb-7 gXlLiM">Quantity of Tesco Sparkling Lemonade 2L Bottle</label><div class="component__Wrapper-sc-1kpmik-3 dReplG input-wrapper"><input class="base-components__RootElement-sc-1mosoyj-1 styled__StyledInput-sc-1jd5f57-0 component__StyledAsInput-sc-1kpmik-4 jptQqM eJLlow styled__StyledInput-vtxwzb-3 lwMHo beans-quantity-controls__input beans-input" data-auto="beans-quantity-controls-input" autocomplete="off" id="quantity-controls-250617625" maxlength="2" name="newValue" type="number" aria-labelledby="quantity-controls-250617625-label" value="1"></div></div><button class="styled__BaseButton-rsekm1-0 styled__PrimaryButton-rsekm1-2 jChbeY geeWOF styled__StyledButton-vtxwzb-5 japAxb beans-quantity-controls__add-button beans-button__container" type="submit" data-auto="beans-quantity-controls-add-button" aria-label="Quantity of Tesco Sparkling Lemonade 2L Bottle"><span class="base-components__BaseElement-sc-1mosoyj-0 styled__InnerContainer-rsekm1-1 oznwo fuFres beans-button__inner-container"><span class="base-components__BaseElement-sc-1mosoyj-0 styled__TextSpan-rsekm1-4 oznwo GDiMp beans-button__text">Add</span></span></button></div></div></div></div></div><input name="_csrf" type="hidden" value="0WbpBJF9-cS-fAMl-ByHnl5hECj1JaZiBQ20"></form></div></div></div></div><div class="hidden-medium product-info-section-small"><div class="product-info-message-list"></div></div></div></div></div></div></li><li class="product-list--list-item"><div class="styles__StyledVerticalTileWrapper-dvv1wj-0 dtCNPH"><div data-auto="product-tile" data-auto-type="Quantity" data-auto-available="true" data-auto-is-restricted-disabled="false" data-auto-is-substitute="false" class="styles__StyledVerticalTile-dvv1wj-1 gSCsYK"><div class="styles__StyledTileContentWrapper-dvv1wj-2 bkNhNP beans"><div id="tile-300473499" data-auto-id="300473499" class="styles__StyledTiledContent-dvv1wj-3 bcglTg"><a href="https://www.tesco.com/groceries/en-GB/products/300473499" aria-hidden="true" class="product-image-wrapper" tabindex="1"><div class="product-image__container"><picture><img class="styled__Image-sjvkdn-0 bJErKA product-image beans-responsive-image__image" src="data:image/gif;base64,R0lGODlhAQABAAAAACH5BAEKAAEALAAAAAABAAEAAAICTAEAOw==" srcset="https://digitalcontent.api.tesco.com/v2/media/ghs/19d2b9fb-bbf7-42de-9360-2ac1ec5993bc/3cea6444-fadd-4e37-849e-b2eb27ec34fa.jpeg?h=225&amp;w=225 768w, data:image/gif;base64,R0lGODlhAQABAAAAACH5BAEKAAEALAAAAAABAAEAAAICTAEAOw== 4000w" alt="Growers Harvest Orange Juice Smooth 1L"></picture></div></a><div class="product-details--wrapper"><h3 class="styles__H3-oa5soe-0 bCKNNq"><a href="https://www.tesco.com/groceries/en-GB/products/300473499" class="styled__Anchor-sc-1xbujuz-0 csVOnh beans-link__anchor" data-auto="product-tile--title"><span class="styled__Text-sc-1xbujuz-1 ldbwMG beans-link__text">Growers Harvest Orange Juice Smooth 1L</span></a></h3><div class="styles__StyledPromotionsAboveMobile-dvv1wj-7 iPTMuo"></div><div class="styles__StyledProductDetailsContent-dvv1wj-5 ddRSrq"><a href="https://www.tesco.com/groceries/en-GB/reviews/submission/300473499?from=%2Fshop%2Fdrinks%2Fall" aria-label="Write a review for Growers Harvest Orange Juice Smooth 1L" class="styled__Anchor-sc-1xbujuz-0 jSzuDt write-a-review-link beans-link__anchor" data-auto="review-link"><span class="styled__Text-sc-1xbujuz-1 fyDIEo beans-link__text">Write a review</span><span class="styled__IconContainer-sc-1xbujuz-2 bSauSL beans-link__icon-container"><svg aria-hidden="true" class="styled__SVG-xxa4wh-1 hQMCqc beans-link__icon beans-icon__svg" height="13.33" preserveAspectRatio="xMinYMax meet" viewBox="-1 0 12 20" width="8" xmlns="http://www.w3.org/2000/svg" color="currentColor"><path d="M1.312 1.348L10.276 10l-8.964 8.644" fill="none" stroke="currentColor"></path></svg></span></a><div><a href="https://www.tesco.com/groceries/en-GB/shop/drinks/juices-and-smoothies/fresh-juice/orange-juice" class="styled__Anchor-sc-1xbujuz-0 jSzuDt rest-of-shelf-link beans-link__anchor" data-auto="rest-of-shelf-link"><span class="styled__Text-sc-1xbujuz-1 fyDIEo beans-link__text">Rest of <span class="visually-hidden">Orange Juice</span> shelf</span><span class="styled__IconContainer-sc-1xbujuz-2 bSauSL beans-link__icon-container"><svg aria-hidden="true" class="styled__SVG-xxa4wh-1 hQMCqc beans-link__icon beans-icon__svg" height="13.33" preserveAspectRatio="xMinYMax meet" viewBox="-1 0 12 20" width="8" xmlns="http://www.w3.org/2000/svg" color="currentColor"><path d="M1.312 1.348L10.276 10l-8.964 8.644" fill="none" stroke="currentColor"></path></svg></span></a></div><div class="product-info-message-section"><div class="product-info-message-list"><div class="styled__WhiteBackground-sc-9yzfq2-1 jthPIJ"><svg width="56" height="56" viewBox="0 0 56 56" fill="none" xmlns="http://www.w3.org/2000/svg"><path d="M52.1301 27.8766C52.1301 14.5534 41.3293 3.75308 28.0066 3.75308C14.6834 3.75308 3.88306 14.5534 3.88306 27.8766C3.88306 41.1998 14.6834 52.0002 28.0066 52.0002C41.3293 52.0002 52.1301 41.1998 52.1301 27.8766Z" fill="#EE1C2E"></path><path d="M19.6853 36.5687L31.8169 48.6998L52.6633 27.8998L51.9894 23.0423L31.886 43.1452L22.5438 33.803L19.6853 36.5687Z" fill="white"></path><path d="M24.2699 12.0048L23.5594 9.93467L22.8484 12.0048H24.2699ZM24.6345 13.0711H22.4844L21.9776 14.5375H20.7515L22.9815 8.31722H24.1369L26.3669 14.5375H25.1408L24.6345 13.0711Z" fill="white"></path><path d="M27.8359 14.5375H26.734V8.24609H27.8359V14.5375Z" fill="white"></path><path d="M31.5684 13.2309C31.7849 12.9886 31.8927 12.6597 31.8927 12.2446C31.8927 11.8306 31.7849 11.5016 31.5684 11.2588C31.3524 11.0159 31.0811 10.8942 30.7558 10.8942C30.4299 10.8942 30.1587 11.0159 29.9427 11.2588C29.7267 11.5016 29.6184 11.8306 29.6184 12.2446C29.6184 12.6597 29.7267 12.9886 29.9427 13.2309C30.1587 13.4738 30.4299 13.5955 30.7558 13.5955C31.0811 13.5955 31.3524 13.4738 31.5684 13.2309ZM29.4673 14.3065C29.159 14.1049 28.9177 13.8234 28.7429 13.4619C28.5681 13.101 28.481 12.6952 28.481 12.2446C28.481 11.7888 28.5655 11.3815 28.7341 11.0231C28.9032 10.6648 29.1384 10.3848 29.4405 10.1837C29.7426 9.98212 30.0891 9.88158 30.48 9.88158C30.7883 9.88158 31.0579 9.93624 31.2889 10.0455C31.5199 10.1554 31.6978 10.3106 31.8221 10.5122V8.24609H32.9239V14.5375H31.8221V13.9863C31.6916 14.1704 31.5137 14.3194 31.2889 14.4349C31.0636 14.5504 30.797 14.6086 30.4892 14.6086C30.1159 14.6086 29.7751 14.5076 29.4673 14.3065Z" fill="white"></path><path d="M34.9657 14.5375H33.8638V9.95224H34.9657V14.5375ZM33.9082 8.34408C34.0443 8.20796 34.2129 8.1399 34.4145 8.1399C34.6161 8.1399 34.7847 8.20796 34.9208 8.34408C35.0574 8.48071 35.1255 8.64931 35.1255 8.8504C35.1255 9.052 35.0574 9.22112 34.9208 9.35724C34.7847 9.49336 34.6161 9.56142 34.4145 9.56142C34.2129 9.56142 34.0443 9.49336 33.9082 9.35724C33.7715 9.22112 33.704 9.052 33.704 8.8504C33.704 8.64931 33.7715 8.48071 33.9082 8.34408Z" fill="white"></path><path d="M19.6791 19.3347C19.8894 19.1506 19.9946 18.8779 19.9946 18.5169C19.9946 18.1565 19.8894 17.8838 19.6791 17.6997C19.4682 17.5156 19.183 17.4233 18.8221 17.4233H17.5027V19.6111H18.8221C19.183 19.6111 19.4682 19.5188 19.6791 19.3347ZM17.5027 23.9628H16.0374V16.0704H18.9345C19.461 16.0704 19.9157 16.1776 20.2988 16.3921C20.6824 16.6061 20.9753 16.8995 21.1784 17.2712C21.3816 17.6435 21.4826 18.0586 21.4826 18.5169C21.4826 18.9758 21.3816 19.3909 21.1784 19.7632C20.9753 20.1354 20.6824 20.4283 20.2988 20.6423C19.9157 20.8568 19.461 20.9635 18.9345 20.9635H17.5027V23.9628Z" fill="white"></path><path d="M22.0396 18.1451H23.4379V19.0248C23.6029 18.7087 23.8359 18.4684 24.1365 18.3029C24.4376 18.1374 24.7717 18.0549 25.1404 18.0549C25.5235 18.0549 25.8241 18.1415 26.0422 18.3143L25.5689 19.4981C25.3729 19.3929 25.1662 19.3403 24.9486 19.3403C24.5124 19.3403 24.152 19.528 23.8663 19.9039C23.5802 20.2797 23.4379 20.8582 23.4379 21.6404V23.9627H22.0396V18.1451Z" fill="white"></path><path d="M27.8879 23.9627H26.4896V18.1451H27.8879V23.9627ZM26.5458 16.1044C26.7191 15.9316 26.933 15.845 27.1888 15.845C27.444 15.845 27.658 15.9316 27.8312 16.1044C28.0039 16.2771 28.0906 16.4916 28.0906 16.7468C28.0906 17.0026 28.0039 17.217 27.8312 17.3898C27.658 17.5625 27.444 17.6491 27.1888 17.6491C26.933 17.6491 26.7191 17.5625 26.5458 17.3898C26.3731 17.217 26.287 17.0026 26.287 16.7468C26.287 16.4916 26.3731 16.2771 26.5458 16.1044Z" fill="white"></path><path d="M30.0603 23.6693C29.6168 23.4141 29.2714 23.0588 29.0234 22.6041C28.7754 22.1493 28.6511 21.6327 28.6511 21.0537C28.6511 20.4752 28.7754 19.9585 29.0234 19.5038C29.2714 19.049 29.6168 18.6937 30.0603 18.438C30.5037 18.1828 31.011 18.0549 31.5823 18.0549C32.8749 18.0549 33.751 18.585 34.2093 19.6445L32.9353 20.2199C32.6424 19.6332 32.1913 19.3403 31.5823 19.3403C31.1466 19.3403 30.7857 19.4981 30.5001 19.8136C30.2144 20.1297 30.0716 20.5427 30.0716 21.0537C30.0716 21.5651 30.2144 21.9787 30.5001 22.2942C30.7857 22.6097 31.1466 22.7675 31.5823 22.7675C32.1913 22.7675 32.6424 22.4747 32.9353 21.8884L34.2093 22.4633C33.751 23.5229 32.8749 24.0529 31.5823 24.0529C31.011 24.0529 30.5037 23.9251 30.0603 23.6693Z" fill="white"></path><path d="M38.727 20.3999C38.6744 20.0694 38.5223 19.7987 38.2707 19.5883C38.0186 19.3779 37.7015 19.2728 37.3179 19.2728C36.9946 19.2728 36.7048 19.3723 36.4496 19.5713C36.1939 19.7708 36.0175 20.0467 35.9196 20.3999H38.727ZM40.1588 21.5048H35.8633C35.9381 21.9333 36.115 22.2586 36.3934 22.4803C36.6713 22.702 37.0095 22.8129 37.4081 22.8129C37.7386 22.8129 38.015 22.7433 38.2367 22.6041C38.4584 22.4649 38.6708 22.253 38.874 21.9673L40.0573 22.6097C39.7716 23.0759 39.4092 23.4327 38.9693 23.6812C38.5295 23.9287 37.983 24.0529 37.3292 24.0529C36.7125 24.0529 36.1846 23.9086 35.7453 23.6188C35.3055 23.3295 34.9765 22.9557 34.7584 22.4968C34.5403 22.0385 34.4315 21.5574 34.4315 21.0537C34.4315 20.5504 34.546 20.0694 34.7754 19.611C35.0044 19.1526 35.3374 18.7783 35.7731 18.4891C36.2088 18.1998 36.7239 18.0549 37.3179 18.0549C37.9191 18.0549 38.4341 18.19 38.8626 18.4607C39.2911 18.7314 39.6139 19.0866 39.832 19.5264C40.0501 19.9657 40.1588 20.4339 40.1588 20.9299V21.5048Z" fill="white"></path><path d="M16.3879 25.558H17.7399L19.2454 29.4977L20.751 25.558H22.1029V31.8684H20.9309V28.0282L19.6873 31.2915H18.8035L17.5599 28.0282V31.8684H16.3879V25.558Z" fill="white"></path><path d="M25.4058 30.7146C25.6131 30.5341 25.7167 30.3119 25.7167 30.0474V29.9216H24.8335C24.5746 29.9216 24.3689 29.971 24.2158 30.07C24.0626 30.169 23.9858 30.3057 23.9858 30.48C23.9858 30.6424 24.0415 30.7671 24.1529 30.8543C24.2637 30.9414 24.4277 30.9847 24.6437 30.9847C24.9443 30.9847 25.1985 30.8945 25.4058 30.7146ZM23.6074 31.7782C23.3671 31.67 23.1748 31.5122 23.0304 31.3049C22.886 31.0976 22.8138 30.8496 22.8138 30.5609C22.8138 30.1046 22.9855 29.7364 23.3279 29.457C23.6703 29.1775 24.1333 29.0378 24.7159 29.0378H25.7167V28.8754C25.7167 28.6413 25.6357 28.4531 25.4733 28.3118C25.3109 28.1711 25.0918 28.1004 24.8154 28.1004C24.5927 28.1004 24.3916 28.1592 24.2111 28.2763C24.0312 28.3933 23.8956 28.5299 23.8059 28.6862L22.9494 28.1726C23.1113 27.8782 23.3516 27.6333 23.6703 27.4379C23.9889 27.2425 24.3705 27.145 24.8154 27.145C25.4522 27.145 25.9482 27.2982 26.3024 27.6044C26.6572 27.9112 26.8345 28.3526 26.8345 28.9295V31.8685H25.9152L25.7621 31.2735C25.6115 31.4776 25.4207 31.6401 25.1892 31.7602C24.9582 31.8803 24.686 31.9401 24.3735 31.9401C24.1029 31.9401 23.8476 31.8865 23.6074 31.7782Z" fill="white"></path><path d="M27.8214 30.3V28.1726H27.1182V27.2167H27.8214V26.4417L28.9393 25.7384V27.2167H30.1381V28.1726H28.9393V30.2458C28.9393 30.6903 29.1166 30.9125 29.4709 30.9125C29.6333 30.9125 29.7895 30.8496 29.9395 30.7233L30.4443 31.5797C30.2881 31.706 30.1169 31.7978 29.9308 31.855C29.7446 31.9117 29.5549 31.9401 29.3626 31.9401C28.3355 31.9401 27.8214 31.3936 27.8214 30.3Z" fill="white"></path><path d="M31.5487 31.6339C31.194 31.4297 30.9176 31.1456 30.7196 30.7821C30.5211 30.4186 30.4221 30.0056 30.4221 29.5426C30.4221 29.0801 30.5211 28.6666 30.7196 28.3031C30.9176 27.9396 31.194 27.6555 31.5487 27.4513C31.9034 27.2471 32.3087 27.145 32.7655 27.145C33.7993 27.145 34.4995 27.5683 34.8661 28.416L33.8473 28.8754C33.6132 28.4067 33.2528 28.1726 32.7655 28.1726C32.417 28.1726 32.1288 28.2989 31.9004 28.5511C31.6719 28.8037 31.558 29.1342 31.558 29.5426C31.558 29.9509 31.6719 30.282 31.9004 30.5341C32.1288 30.7867 32.417 30.9125 32.7655 30.9125C33.2528 30.9125 33.6132 30.6785 33.8473 30.2098L34.8661 30.6697C34.4995 31.5168 33.7993 31.9401 32.7655 31.9401C32.3087 31.9401 31.9034 31.8386 31.5487 31.6339Z" fill="white"></path><path d="M35.3998 25.4863H36.5176V27.9473C36.662 27.707 36.8615 27.5132 37.1167 27.3657C37.3725 27.2188 37.6592 27.145 37.9778 27.145C38.4702 27.145 38.8579 27.2909 39.1405 27.5823C39.423 27.8736 39.5643 28.2804 39.5643 28.8037V31.8685H38.4465V29.0285C38.4465 28.7522 38.3758 28.5408 38.2346 28.3933C38.0933 28.2458 37.8907 28.1726 37.6262 28.1726C37.3199 28.1726 37.0585 28.3093 36.8419 28.5825C36.6254 28.8558 36.5176 29.275 36.5176 29.8401V31.8685H35.3998V25.4863Z" fill="white"></path></svg><p class="styled__StyledBodyText-sc-119w3hf-5 ggtTyf styled__DarkGreyBodyText-jk5kya-0 iwRWTH">Aldi Price Match</p></div></div></div></div><div class="styles__StyledBuyBoxWrapper-dvv1wj-4 dSvjUC"><div class="styles__StyledBuyBoxContainer-sc-1wx0qp6-0 erryje" data-auto="buybox-container"><div class="styles__SafeFormWrapper-jtpu2t-0 lcrYKS"><form action="https://www.tesco.com/groceries/en-GB/trolley/items/300473499?_method=PUT" method="POST"><input type="submit" class="hidden"><input name="id" type="hidden" value="300473499"><input name="identifier" type="hidden" value="Page"><input name="anchorId" type="hidden" value="#tile-300473499"><input name="returnUrl" type="hidden" value="/groceries/en-GB/shop/drinks/all?redirectIfUnavailable=true#tile-300473499"><input name="backToUrl" type="hidden" value="#"><input name="oldValue" type="hidden" value="0"><input name="oldUnitChoice" type="hidden" value="pcs"><input name="newUnitChoice" type="hidden" value="pcs"><div class="base-components__RootElement-sc-1mosoyj-1 styled__Container-sc-6nhkzi-0 jptQqM hSNpTb beans-buybox__container"><div class="base-components__BaseElement-sc-1mosoyj-0 styled__PriceAndActions-sc-6nhkzi-3 oznwo eEPLov beans-buybox__price-and-actions"><div class="base-components__RootElement-sc-1mosoyj-1 styled__Container-sc-8qlq5b-0 jptQqM bgZrjw styled__StyledPrice-sc-6nhkzi-5 iYHeik beans-buybox__price beans-price__container"><p class="styled__StyledHeading-sc-119w3hf-2 jWPEtj styled__Text-sc-8qlq5b-1 lnaeiZ beans-price__text">£0.75</p><p class="styled__StyledFootnote-sc-119w3hf-7 icrlVF styled__Subtext-sc-8qlq5b-2 bNJmdc beans-price__subtext">£0.08/100ml</p></div><div class="base-components__RootElement-sc-1mosoyj-1 styled__Container-vtxwzb-0 jptQqM bDFhXJ beans-buybox__actions beans-quantity-controls__container"><div class="base-components__RootElement-sc-1mosoyj-1 styled__Container-sc-16t2b2a-0 jptQqM PUfgZ styled__StyledFormGroup-vtxwzb-1 kzKuAr beans-quantity-controls__form-group beans-form-group__container"><label class="styled__StyledLabel-sc-1ttuvhr-0 izGEjV beans-form-group__label beans-label" for="quantity-controls-300473499">Quantity controls </label><div class="base-components__BaseElement-sc-1mosoyj-0 styled__Children-sc-16t2b2a-3 oznwo gdJvjO beans-form-group__children"><div class="styled__StyledQuantityControlWrapper-vtxwzb-6 LCxOg"><label id="quantity-controls-300473499-label" class="styled__VisuallyHiddenLabel-vtxwzb-7 gXlLiM">Quantity of Growers Harvest Orange Juice Smooth 1L</label><div class="component__Wrapper-sc-1kpmik-3 dReplG input-wrapper"><input class="base-components__RootElement-sc-1mosoyj-1 styled__StyledInput-sc-1jd5f57-0 component__StyledAsInput-sc-1kpmik-4 jptQqM eJLlow styled__StyledInput-vtxwzb-3 lwMHo beans-quantity-controls__input beans-input" data-auto="beans-quantity-controls-input" autocomplete="off" id="quantity-controls-300473499" maxlength="2" name="newValue" type="number" aria-labelledby="quantity-controls-300473499-label" value="1"></div></div><button class="styled__BaseButton-rsekm1-0 styled__PrimaryButton-rsekm1-2 jChbeY geeWOF styled__StyledButton-vtxwzb-5 japAxb beans-quantity-controls__add-button beans-button__container" type="submit" data-auto="beans-quantity-controls-add-button" aria-label="Quantity of Growers Harvest Orange Juice Smooth 1L"><span class="base-components__BaseElement-sc-1mosoyj-0 styled__InnerContainer-rsekm1-1 oznwo fuFres beans-button__inner-container"><span class="base-components__BaseElement-sc-1mosoyj-0 styled__TextSpan-rsekm1-4 oznwo GDiMp beans-button__text">Add</span></span></button></div></div></div></div></div><input name="_csrf" type="hidden" value="0WbpBJF9-cS-fAMl-ByHnl5hECj1JaZiBQ20"></form></div></div></div></div><div class="hidden-medium product-info-section-small"><div class="product-info-message-list"><div class="styled__WhiteBackground-sc-9yzfq2-1 jthPIJ"><svg width="56" height="56" viewBox="0 0 56 56" fill="none" xmlns="http://www.w3.org/2000/svg"><path d="M52.1301 27.8766C52.1301 14.5534 41.3293 3.75308 28.0066 3.75308C14.6834 3.75308 3.88306 14.5534 3.88306 27.8766C3.88306 41.1998 14.6834 52.0002 28.0066 52.0002C41.3293 52.0002 52.1301 41.1998 52.1301 27.8766Z" fill="#EE1C2E"></path><path d="M19.6853 36.5687L31.8169 48.6998L52.6633 27.8998L51.9894 23.0423L31.886 43.1452L22.5438 33.803L19.6853 36.5687Z" fill="white"></path><path d="M24.2699 12.0048L23.5594 9.93467L22.8484 12.0048H24.2699ZM24.6345 13.0711H22.4844L21.9776 14.5375H20.7515L22.9815 8.31722H24.1369L26.3669 14.5375H25.1408L24.6345 13.0711Z" fill="white"></path><path d="M27.8359 14.5375H26.734V8.24609H27.8359V14.5375Z" fill="white"></path><path d="M31.5684 13.2309C31.7849 12.9886 31.8927 12.6597 31.8927 12.2446C31.8927 11.8306 31.7849 11.5016 31.5684 11.2588C31.3524 11.0159 31.0811 10.8942 30.7558 10.8942C30.4299 10.8942 30.1587 11.0159 29.9427 11.2588C29.7267 11.5016 29.6184 11.8306 29.6184 12.2446C29.6184 12.6597 29.7267 12.9886 29.9427 13.2309C30.1587 13.4738 30.4299 13.5955 30.7558 13.5955C31.0811 13.5955 31.3524 13.4738 31.5684 13.2309ZM29.4673 14.3065C29.159 14.1049 28.9177 13.8234 28.7429 13.4619C28.5681 13.101 28.481 12.6952 28.481 12.2446C28.481 11.7888 28.5655 11.3815 28.7341 11.0231C28.9032 10.6648 29.1384 10.3848 29.4405 10.1837C29.7426 9.98212 30.0891 9.88158 30.48 9.88158C30.7883 9.88158 31.0579 9.93624 31.2889 10.0455C31.5199 10.1554 31.6978 10.3106 31.8221 10.5122V8.24609H32.9239V14.5375H31.8221V13.9863C31.6916 14.1704 31.5137 14.3194 31.2889 14.4349C31.0636 14.5504 30.797 14.6086 30.4892 14.6086C30.1159 14.6086 29.7751 14.5076 29.4673 14.3065Z" fill="white"></path><path d="M34.9657 14.5375H33.8638V9.95224H34.9657V14.5375ZM33.9082 8.34408C34.0443 8.20796 34.2129 8.1399 34.4145 8.1399C34.6161 8.1399 34.7847 8.20796 34.9208 8.34408C35.0574 8.48071 35.1255 8.64931 35.1255 8.8504C35.1255 9.052 35.0574 9.22112 34.9208 9.35724C34.7847 9.49336 34.6161 9.56142 34.4145 9.56142C34.2129 9.56142 34.0443 9.49336 33.9082 9.35724C33.7715 9.22112 33.704 9.052 33.704 8.8504C33.704 8.64931 33.7715 8.48071 33.9082 8.34408Z" fill="white"></path><path d="M19.6791 19.3347C19.8894 19.1506 19.9946 18.8779 19.9946 18.5169C19.9946 18.1565 19.8894 17.8838 19.6791 17.6997C19.4682 17.5156 19.183 17.4233 18.8221 17.4233H17.5027V19.6111H18.8221C19.183 19.6111 19.4682 19.5188 19.6791 19.3347ZM17.5027 23.9628H16.0374V16.0704H18.9345C19.461 16.0704 19.9157 16.1776 20.2988 16.3921C20.6824 16.6061 20.9753 16.8995 21.1784 17.2712C21.3816 17.6435 21.4826 18.0586 21.4826 18.5169C21.4826 18.9758 21.3816 19.3909 21.1784 19.7632C20.9753 20.1354 20.6824 20.4283 20.2988 20.6423C19.9157 20.8568 19.461 20.9635 18.9345 20.9635H17.5027V23.9628Z" fill="white"></path><path d="M22.0396 18.1451H23.4379V19.0248C23.6029 18.7087 23.8359 18.4684 24.1365 18.3029C24.4376 18.1374 24.7717 18.0549 25.1404 18.0549C25.5235 18.0549 25.8241 18.1415 26.0422 18.3143L25.5689 19.4981C25.3729 19.3929 25.1662 19.3403 24.9486 19.3403C24.5124 19.3403 24.152 19.528 23.8663 19.9039C23.5802 20.2797 23.4379 20.8582 23.4379 21.6404V23.9627H22.0396V18.1451Z" fill="white"></path><path d="M27.8879 23.9627H26.4896V18.1451H27.8879V23.9627ZM26.5458 16.1044C26.7191 15.9316 26.933 15.845 27.1888 15.845C27.444 15.845 27.658 15.9316 27.8312 16.1044C28.0039 16.2771 28.0906 16.4916 28.0906 16.7468C28.0906 17.0026 28.0039 17.217 27.8312 17.3898C27.658 17.5625 27.444 17.6491 27.1888 17.6491C26.933 17.6491 26.7191 17.5625 26.5458 17.3898C26.3731 17.217 26.287 17.0026 26.287 16.7468C26.287 16.4916 26.3731 16.2771 26.5458 16.1044Z" fill="white"></path><path d="M30.0603 23.6693C29.6168 23.4141 29.2714 23.0588 29.0234 22.6041C28.7754 22.1493 28.6511 21.6327 28.6511 21.0537C28.6511 20.4752 28.7754 19.9585 29.0234 19.5038C29.2714 19.049 29.6168 18.6937 30.0603 18.438C30.5037 18.1828 31.011 18.0549 31.5823 18.0549C32.8749 18.0549 33.751 18.585 34.2093 19.6445L32.9353 20.2199C32.6424 19.6332 32.1913 19.3403 31.5823 19.3403C31.1466 19.3403 30.7857 19.4981 30.5001 19.8136C30.2144 20.1297 30.0716 20.5427 30.0716 21.0537C30.0716 21.5651 30.2144 21.9787 30.5001 22.2942C30.7857 22.6097 31.1466 22.7675 31.5823 22.7675C32.1913 22.7675 32.6424 22.4747 32.9353 21.8884L34.2093 22.4633C33.751 23.5229 32.8749 24.0529 31.5823 24.0529C31.011 24.0529 30.5037 23.9251 30.0603 23.6693Z" fill="white"></path><path d="M38.727 20.3999C38.6744 20.0694 38.5223 19.7987 38.2707 19.5883C38.0186 19.3779 37.7015 19.2728 37.3179 19.2728C36.9946 19.2728 36.7048 19.3723 36.4496 19.5713C36.1939 19.7708 36.0175 20.0467 35.9196 20.3999H38.727ZM40.1588 21.5048H35.8633C35.9381 21.9333 36.115 22.2586 36.3934 22.4803C36.6713 22.702 37.0095 22.8129 37.4081 22.8129C37.7386 22.8129 38.015 22.7433 38.2367 22.6041C38.4584 22.4649 38.6708 22.253 38.874 21.9673L40.0573 22.6097C39.7716 23.0759 39.4092 23.4327 38.9693 23.6812C38.5295 23.9287 37.983 24.0529 37.3292 24.0529C36.7125 24.0529 36.1846 23.9086 35.7453 23.6188C35.3055 23.3295 34.9765 22.9557 34.7584 22.4968C34.5403 22.0385 34.4315 21.5574 34.4315 21.0537C34.4315 20.5504 34.546 20.0694 34.7754 19.611C35.0044 19.1526 35.3374 18.7783 35.7731 18.4891C36.2088 18.1998 36.7239 18.0549 37.3179 18.0549C37.9191 18.0549 38.4341 18.19 38.8626 18.4607C39.2911 18.7314 39.6139 19.0866 39.832 19.5264C40.0501 19.9657 40.1588 20.4339 40.1588 20.9299V21.5048Z" fill="white"></path><path d="M16.3879 25.558H17.7399L19.2454 29.4977L20.751 25.558H22.1029V31.8684H20.9309V28.0282L19.6873 31.2915H18.8035L17.5599 28.0282V31.8684H16.3879V25.558Z" fill="white"></path><path d="M25.4058 30.7146C25.6131 30.5341 25.7167 30.3119 25.7167 30.0474V29.9216H24.8335C24.5746 29.9216 24.3689 29.971 24.2158 30.07C24.0626 30.169 23.9858 30.3057 23.9858 30.48C23.9858 30.6424 24.0415 30.7671 24.1529 30.8543C24.2637 30.9414 24.4277 30.9847 24.6437 30.9847C24.9443 30.9847 25.1985 30.8945 25.4058 30.7146ZM23.6074 31.7782C23.3671 31.67 23.1748 31.5122 23.0304 31.3049C22.886 31.0976 22.8138 30.8496 22.8138 30.5609C22.8138 30.1046 22.9855 29.7364 23.3279 29.457C23.6703 29.1775 24.1333 29.0378 24.7159 29.0378H25.7167V28.8754C25.7167 28.6413 25.6357 28.4531 25.4733 28.3118C25.3109 28.1711 25.0918 28.1004 24.8154 28.1004C24.5927 28.1004 24.3916 28.1592 24.2111 28.2763C24.0312 28.3933 23.8956 28.5299 23.8059 28.6862L22.9494 28.1726C23.1113 27.8782 23.3516 27.6333 23.6703 27.4379C23.9889 27.2425 24.3705 27.145 24.8154 27.145C25.4522 27.145 25.9482 27.2982 26.3024 27.6044C26.6572 27.9112 26.8345 28.3526 26.8345 28.9295V31.8685H25.9152L25.7621 31.2735C25.6115 31.4776 25.4207 31.6401 25.1892 31.7602C24.9582 31.8803 24.686 31.9401 24.3735 31.9401C24.1029 31.9401 23.8476 31.8865 23.6074 31.7782Z" fill="white"></path><path d="M27.8214 30.3V28.1726H27.1182V27.2167H27.8214V26.4417L28.9393 25.7384V27.2167H30.1381V28.1726H28.9393V30.2458C28.9393 30.6903 29.1166 30.9125 29.4709 30.9125C29.6333 30.9125 29.7895 30.8496 29.9395 30.7233L30.4443 31.5797C30.2881 31.706 30.1169 31.7978 29.9308 31.855C29.7446 31.9117 29.5549 31.9401 29.3626 31.9401C28.3355 31.9401 27.8214 31.3936 27.8214 30.3Z" fill="white"></path><path d="M31.5487 31.6339C31.194 31.4297 30.9176 31.1456 30.7196 30.7821C30.5211 30.4186 30.4221 30.0056 30.4221 29.5426C30.4221 29.0801 30.5211 28.6666 30.7196 28.3031C30.9176 27.9396 31.194 27.6555 31.5487 27.4513C31.9034 27.2471 32.3087 27.145 32.7655 27.145C33.7993 27.145 34.4995 27.5683 34.8661 28.416L33.8473 28.8754C33.6132 28.4067 33.2528 28.1726 32.7655 28.1726C32.417 28.1726 32.1288 28.2989 31.9004 28.5511C31.6719 28.8037 31.558 29.1342 31.558 29.5426C31.558 29.9509 31.6719 30.282 31.9004 30.5341C32.1288 30.7867 32.417 30.9125 32.7655 30.9125C33.2528 30.9125 33.6132 30.6785 33.8473 30.2098L34.8661 30.6697C34.4995 31.5168 33.7993 31.9401 32.7655 31.9401C32.3087 31.9401 31.9034 31.8386 31.5487 31.6339Z" fill="white"></path><path d="M35.3998 25.4863H36.5176V27.9473C36.662 27.707 36.8615 27.5132 37.1167 27.3657C37.3725 27.2188 37.6592 27.145 37.9778 27.145C38.4702 27.145 38.8579 27.2909 39.1405 27.5823C39.423 27.8736 39.5643 28.2804 39.5643 28.8037V31.8685H38.4465V29.0285C38.4465 28.7522 38.3758 28.5408 38.2346 28.3933C38.0933 28.2458 37.8907 28.1726 37.6262 28.1726C37.3199 28.1726 37.0585 28.3093 36.8419 28.5825C36.6254 28.8558 36.5176 29.275 36.5176 29.8401V31.8685H35.3998V25.4863Z" fill="white"></path></svg><p class="styled__StyledBodyText-sc-119w3hf-5 ggtTyf styled__DarkGreyBodyText-jk5kya-0 iwRWTH">Aldi Price Match</p></div></div></div></div></div></div></div></li><li class="product-list--list-item"><div class="styles__StyledVerticalTileWrapper-dvv1wj-0 dtCNPH"><div data-auto="product-tile" data-auto-type="Quantity" data-auto-available="true" data-auto-is-restricted-disabled="false" data-auto-is-substitute="false" class="styles__StyledVerticalTile-dvv1wj-1 gSCsYK"><div class="styles__StyledTileContentWrapper-dvv1wj-2 bkNhNP beans"><div id="tile-301107437" data-auto-id="301107437" class="styles__StyledTiledContent-dvv1wj-3 bcglTg"><a href="https://www.tesco.com/groceries/en-GB/products/301107437" aria-hidden="true" class="product-image-wrapper" tabindex="1"><div class="product-image__container"><picture><img class="styled__Image-sjvkdn-0 bJErKA product-image beans-responsive-image__image" src="data:image/gif;base64,R0lGODlhAQABAAAAACH5BAEKAAEALAAAAAABAAEAAAICTAEAOw==" srcset="https://digitalcontent.api.tesco.com/v2/media/ghs/8da30ecf-956f-422a-94c2-e3e8a8c8d10b/817ccea0-e7ce-435f-a39c-468237df7d57_1132699756.jpeg?h=225&amp;w=225 768w, data:image/gif;base64,R0lGODlhAQABAAAAACH5BAEKAAEALAAAAAABAAEAAAICTAEAOw== 4000w" alt="Stockwell &amp; Co Apple &amp; Blackcurrant No Added Sugar Squash 750Ml"></picture></div></a><div class="product-details--wrapper"><h3 class="styles__H3-oa5soe-0 bCKNNq"><a href="https://www.tesco.com/groceries/en-GB/products/301107437" class="styled__Anchor-sc-1xbujuz-0 csVOnh beans-link__anchor" data-auto="product-tile--title"><span class="styled__Text-sc-1xbujuz-1 ldbwMG beans-link__text">Stockwell &amp; Co Apple &amp; Blackcurrant No Added Sugar Squash 750Ml</span></a></h3><div class="styles__StyledPromotionsAboveMobile-dvv1wj-7 iPTMuo"></div><div class="styles__StyledProductDetailsContent-dvv1wj-5 ddRSrq"><a href="https://www.tesco.com/groceries/en-GB/reviews/submission/301107437?from=%2Fshop%2Fdrinks%2Fall" aria-label="Write a review for Stockwell &amp; Co Apple &amp; Blackcurrant No Added Sugar Squash 750Ml" class="styled__Anchor-sc-1xbujuz-0 jSzuDt write-a-review-link beans-link__anchor" data-auto="review-link"><span class="styled__Text-sc-1xbujuz-1 fyDIEo beans-link__text">Write a review</span><span class="styled__IconContainer-sc-1xbujuz-2 bSauSL beans-link__icon-container"><svg aria-hidden="true" class="styled__SVG-xxa4wh-1 hQMCqc beans-link__icon beans-icon__svg" height="13.33" preserveAspectRatio="xMinYMax meet" viewBox="-1 0 12 20" width="8" xmlns="http://www.w3.org/2000/svg" color="currentColor"><path d="M1.312 1.348L10.276 10l-8.964 8.644" fill="none" stroke="currentColor"></path></svg></span></a><div><a href="https://www.tesco.com/groceries/en-GB/shop/drinks/squash-and-cordial/squash/blackcurrant-squash" class="styled__Anchor-sc-1xbujuz-0 jSzuDt rest-of-shelf-link beans-link__anchor" data-auto="rest-of-shelf-link"><span class="styled__Text-sc-1xbujuz-1 fyDIEo beans-link__text">Rest of <span class="visually-hidden">Blackcurrant Squash</span> shelf</span><span class="styled__IconContainer-sc-1xbujuz-2 bSauSL beans-link__icon-container"><svg aria-hidden="true" class="styled__SVG-xxa4wh-1 hQMCqc beans-link__icon beans-icon__svg" height="13.33" preserveAspectRatio="xMinYMax meet" viewBox="-1 0 12 20" width="8" xmlns="http://www.w3.org/2000/svg" color="currentColor"><path d="M1.312 1.348L10.276 10l-8.964 8.644" fill="none" stroke="currentColor"></path></svg></span></a></div><div class="product-info-message-section"><div class="product-info-message-list"><div class="styled__WhiteBackground-sc-9yzfq2-1 jthPIJ"><svg width="56" height="56" viewBox="0 0 56 56" fill="none" xmlns="http://www.w3.org/2000/svg"><path d="M52.1301 27.8766C52.1301 14.5534 41.3293 3.75308 28.0066 3.75308C14.6834 3.75308 3.88306 14.5534 3.88306 27.8766C3.88306 41.1998 14.6834 52.0002 28.0066 52.0002C41.3293 52.0002 52.1301 41.1998 52.1301 27.8766Z" fill="#EE1C2E"></path><path d="M19.6853 36.5687L31.8169 48.6998L52.6633 27.8998L51.9894 23.0423L31.886 43.1452L22.5438 33.803L19.6853 36.5687Z" fill="white"></path><path d="M24.2699 12.0048L23.5594 9.93467L22.8484 12.0048H24.2699ZM24.6345 13.0711H22.4844L21.9776 14.5375H20.7515L22.9815 8.31722H24.1369L26.3669 14.5375H25.1408L24.6345 13.0711Z" fill="white"></path><path d="M27.8359 14.5375H26.734V8.24609H27.8359V14.5375Z" fill="white"></path><path d="M31.5684 13.2309C31.7849 12.9886 31.8927 12.6597 31.8927 12.2446C31.8927 11.8306 31.7849 11.5016 31.5684 11.2588C31.3524 11.0159 31.0811 10.8942 30.7558 10.8942C30.4299 10.8942 30.1587 11.0159 29.9427 11.2588C29.7267 11.5016 29.6184 11.8306 29.6184 12.2446C29.6184 12.6597 29.7267 12.9886 29.9427 13.2309C30.1587 13.4738 30.4299 13.5955 30.7558 13.5955C31.0811 13.5955 31.3524 13.4738 31.5684 13.2309ZM29.4673 14.3065C29.159 14.1049 28.9177 13.8234 28.7429 13.4619C28.5681 13.101 28.481 12.6952 28.481 12.2446C28.481 11.7888 28.5655 11.3815 28.7341 11.0231C28.9032 10.6648 29.1384 10.3848 29.4405 10.1837C29.7426 9.98212 30.0891 9.88158 30.48 9.88158C30.7883 9.88158 31.0579 9.93624 31.2889 10.0455C31.5199 10.1554 31.6978 10.3106 31.8221 10.5122V8.24609H32.9239V14.5375H31.8221V13.9863C31.6916 14.1704 31.5137 14.3194 31.2889 14.4349C31.0636 14.5504 30.797 14.6086 30.4892 14.6086C30.1159 14.6086 29.7751 14.5076 29.4673 14.3065Z" fill="white"></path><path d="M34.9657 14.5375H33.8638V9.95224H34.9657V14.5375ZM33.9082 8.34408C34.0443 8.20796 34.2129 8.1399 34.4145 8.1399C34.6161 8.1399 34.7847 8.20796 34.9208 8.34408C35.0574 8.48071 35.1255 8.64931 35.1255 8.8504C35.1255 9.052 35.0574 9.22112 34.9208 9.35724C34.7847 9.49336 34.6161 9.56142 34.4145 9.56142C34.2129 9.56142 34.0443 9.49336 33.9082 9.35724C33.7715 9.22112 33.704 9.052 33.704 8.8504C33.704 8.64931 33.7715 8.48071 33.9082 8.34408Z" fill="white"></path><path d="M19.6791 19.3347C19.8894 19.1506 19.9946 18.8779 19.9946 18.5169C19.9946 18.1565 19.8894 17.8838 19.6791 17.6997C19.4682 17.5156 19.183 17.4233 18.8221 17.4233H17.5027V19.6111H18.8221C19.183 19.6111 19.4682 19.5188 19.6791 19.3347ZM17.5027 23.9628H16.0374V16.0704H18.9345C19.461 16.0704 19.9157 16.1776 20.2988 16.3921C20.6824 16.6061 20.9753 16.8995 21.1784 17.2712C21.3816 17.6435 21.4826 18.0586 21.4826 18.5169C21.4826 18.9758 21.3816 19.3909 21.1784 19.7632C20.9753 20.1354 20.6824 20.4283 20.2988 20.6423C19.9157 20.8568 19.461 20.9635 18.9345 20.9635H17.5027V23.9628Z" fill="white"></path><path d="M22.0396 18.1451H23.4379V19.0248C23.6029 18.7087 23.8359 18.4684 24.1365 18.3029C24.4376 18.1374 24.7717 18.0549 25.1404 18.0549C25.5235 18.0549 25.8241 18.1415 26.0422 18.3143L25.5689 19.4981C25.3729 19.3929 25.1662 19.3403 24.9486 19.3403C24.5124 19.3403 24.152 19.528 23.8663 19.9039C23.5802 20.2797 23.4379 20.8582 23.4379 21.6404V23.9627H22.0396V18.1451Z" fill="white"></path><path d="M27.8879 23.9627H26.4896V18.1451H27.8879V23.9627ZM26.5458 16.1044C26.7191 15.9316 26.933 15.845 27.1888 15.845C27.444 15.845 27.658 15.9316 27.8312 16.1044C28.0039 16.2771 28.0906 16.4916 28.0906 16.7468C28.0906 17.0026 28.0039 17.217 27.8312 17.3898C27.658 17.5625 27.444 17.6491 27.1888 17.6491C26.933 17.6491 26.7191 17.5625 26.5458 17.3898C26.3731 17.217 26.287 17.0026 26.287 16.7468C26.287 16.4916 26.3731 16.2771 26.5458 16.1044Z" fill="white"></path><path d="M30.0603 23.6693C29.6168 23.4141 29.2714 23.0588 29.0234 22.6041C28.7754 22.1493 28.6511 21.6327 28.6511 21.0537C28.6511 20.4752 28.7754 19.9585 29.0234 19.5038C29.2714 19.049 29.6168 18.6937 30.0603 18.438C30.5037 18.1828 31.011 18.0549 31.5823 18.0549C32.8749 18.0549 33.751 18.585 34.2093 19.6445L32.9353 20.2199C32.6424 19.6332 32.1913 19.3403 31.5823 19.3403C31.1466 19.3403 30.7857 19.4981 30.5001 19.8136C30.2144 20.1297 30.0716 20.5427 30.0716 21.0537C30.0716 21.5651 30.2144 21.9787 30.5001 22.2942C30.7857 22.6097 31.1466 22.7675 31.5823 22.7675C32.1913 22.7675 32.6424 22.4747 32.9353 21.8884L34.2093 22.4633C33.751 23.5229 32.8749 24.0529 31.5823 24.0529C31.011 24.0529 30.5037 23.9251 30.0603 23.6693Z" fill="white"></path><path d="M38.727 20.3999C38.6744 20.0694 38.5223 19.7987 38.2707 19.5883C38.0186 19.3779 37.7015 19.2728 37.3179 19.2728C36.9946 19.2728 36.7048 19.3723 36.4496 19.5713C36.1939 19.7708 36.0175 20.0467 35.9196 20.3999H38.727ZM40.1588 21.5048H35.8633C35.9381 21.9333 36.115 22.2586 36.3934 22.4803C36.6713 22.702 37.0095 22.8129 37.4081 22.8129C37.7386 22.8129 38.015 22.7433 38.2367 22.6041C38.4584 22.4649 38.6708 22.253 38.874 21.9673L40.0573 22.6097C39.7716 23.0759 39.4092 23.4327 38.9693 23.6812C38.5295 23.9287 37.983 24.0529 37.3292 24.0529C36.7125 24.0529 36.1846 23.9086 35.7453 23.6188C35.3055 23.3295 34.9765 22.9557 34.7584 22.4968C34.5403 22.0385 34.4315 21.5574 34.4315 21.0537C34.4315 20.5504 34.546 20.0694 34.7754 19.611C35.0044 19.1526 35.3374 18.7783 35.7731 18.4891C36.2088 18.1998 36.7239 18.0549 37.3179 18.0549C37.9191 18.0549 38.4341 18.19 38.8626 18.4607C39.2911 18.7314 39.6139 19.0866 39.832 19.5264C40.0501 19.9657 40.1588 20.4339 40.1588 20.9299V21.5048Z" fill="white"></path><path d="M16.3879 25.558H17.7399L19.2454 29.4977L20.751 25.558H22.1029V31.8684H20.9309V28.0282L19.6873 31.2915H18.8035L17.5599 28.0282V31.8684H16.3879V25.558Z" fill="white"></path><path d="M25.4058 30.7146C25.6131 30.5341 25.7167 30.3119 25.7167 30.0474V29.9216H24.8335C24.5746 29.9216 24.3689 29.971 24.2158 30.07C24.0626 30.169 23.9858 30.3057 23.9858 30.48C23.9858 30.6424 24.0415 30.7671 24.1529 30.8543C24.2637 30.9414 24.4277 30.9847 24.6437 30.9847C24.9443 30.9847 25.1985 30.8945 25.4058 30.7146ZM23.6074 31.7782C23.3671 31.67 23.1748 31.5122 23.0304 31.3049C22.886 31.0976 22.8138 30.8496 22.8138 30.5609C22.8138 30.1046 22.9855 29.7364 23.3279 29.457C23.6703 29.1775 24.1333 29.0378 24.7159 29.0378H25.7167V28.8754C25.7167 28.6413 25.6357 28.4531 25.4733 28.3118C25.3109 28.1711 25.0918 28.1004 24.8154 28.1004C24.5927 28.1004 24.3916 28.1592 24.2111 28.2763C24.0312 28.3933 23.8956 28.5299 23.8059 28.6862L22.9494 28.1726C23.1113 27.8782 23.3516 27.6333 23.6703 27.4379C23.9889 27.2425 24.3705 27.145 24.8154 27.145C25.4522 27.145 25.9482 27.2982 26.3024 27.6044C26.6572 27.9112 26.8345 28.3526 26.8345 28.9295V31.8685H25.9152L25.7621 31.2735C25.6115 31.4776 25.4207 31.6401 25.1892 31.7602C24.9582 31.8803 24.686 31.9401 24.3735 31.9401C24.1029 31.9401 23.8476 31.8865 23.6074 31.7782Z" fill="white"></path><path d="M27.8214 30.3V28.1726H27.1182V27.2167H27.8214V26.4417L28.9393 25.7384V27.2167H30.1381V28.1726H28.9393V30.2458C28.9393 30.6903 29.1166 30.9125 29.4709 30.9125C29.6333 30.9125 29.7895 30.8496 29.9395 30.7233L30.4443 31.5797C30.2881 31.706 30.1169 31.7978 29.9308 31.855C29.7446 31.9117 29.5549 31.9401 29.3626 31.9401C28.3355 31.9401 27.8214 31.3936 27.8214 30.3Z" fill="white"></path><path d="M31.5487 31.6339C31.194 31.4297 30.9176 31.1456 30.7196 30.7821C30.5211 30.4186 30.4221 30.0056 30.4221 29.5426C30.4221 29.0801 30.5211 28.6666 30.7196 28.3031C30.9176 27.9396 31.194 27.6555 31.5487 27.4513C31.9034 27.2471 32.3087 27.145 32.7655 27.145C33.7993 27.145 34.4995 27.5683 34.8661 28.416L33.8473 28.8754C33.6132 28.4067 33.2528 28.1726 32.7655 28.1726C32.417 28.1726 32.1288 28.2989 31.9004 28.5511C31.6719 28.8037 31.558 29.1342 31.558 29.5426C31.558 29.9509 31.6719 30.282 31.9004 30.5341C32.1288 30.7867 32.417 30.9125 32.7655 30.9125C33.2528 30.9125 33.6132 30.6785 33.8473 30.2098L34.8661 30.6697C34.4995 31.5168 33.7993 31.9401 32.7655 31.9401C32.3087 31.9401 31.9034 31.8386 31.5487 31.6339Z" fill="white"></path><path d="M35.3998 25.4863H36.5176V27.9473C36.662 27.707 36.8615 27.5132 37.1167 27.3657C37.3725 27.2188 37.6592 27.145 37.9778 27.145C38.4702 27.145 38.8579 27.2909 39.1405 27.5823C39.423 27.8736 39.5643 28.2804 39.5643 28.8037V31.8685H38.4465V29.0285C38.4465 28.7522 38.3758 28.5408 38.2346 28.3933C38.0933 28.2458 37.8907 28.1726 37.6262 28.1726C37.3199 28.1726 37.0585 28.3093 36.8419 28.5825C36.6254 28.8558 36.5176 29.275 36.5176 29.8401V31.8685H35.3998V25.4863Z" fill="white"></path></svg><p class="styled__StyledBodyText-sc-119w3hf-5 ggtTyf styled__DarkGreyBodyText-jk5kya-0 iwRWTH">Aldi Price Match</p></div></div></div></div><div class="styles__StyledBuyBoxWrapper-dvv1wj-4 dSvjUC"><div class="styles__StyledBuyBoxContainer-sc-1wx0qp6-0 erryje" data-auto="buybox-container"><div class="styles__SafeFormWrapper-jtpu2t-0 lcrYKS"><form action="https://www.tesco.com/groceries/en-GB/trolley/items/301107437?_method=PUT" method="POST"><input type="submit" class="hidden"><input name="id" type="hidden" value="301107437"><input name="identifier" type="hidden" value="Page"><input name="anchorId" type="hidden" value="#tile-301107437"><input name="returnUrl" type="hidden" value="/groceries/en-GB/shop/drinks/all?redirectIfUnavailable=true#tile-301107437"><input name="backToUrl" type="hidden" value="#"><input name="oldValue" type="hidden" value="0"><input name="oldUnitChoice" type="hidden" value="pcs"><input name="newUnitChoice" type="hidden" value="pcs"><div class="base-components__RootElement-sc-1mosoyj-1 styled__Container-sc-6nhkzi-0 jptQqM hSNpTb beans-buybox__container"><div class="base-components__BaseElement-sc-1mosoyj-0 styled__PriceAndActions-sc-6nhkzi-3 oznwo eEPLov beans-buybox__price-and-actions"><div class="base-components__RootElement-sc-1mosoyj-1 styled__Container-sc-8qlq5b-0 jptQqM bgZrjw styled__StyledPrice-sc-6nhkzi-5 iYHeik beans-buybox__price beans-price__container"><p class="styled__StyledHeading-sc-119w3hf-2 jWPEtj styled__Text-sc-8qlq5b-1 lnaeiZ beans-price__text">£0.45</p><p class="styled__StyledFootnote-sc-119w3hf-7 icrlVF styled__Subtext-sc-8qlq5b-2 bNJmdc beans-price__subtext">£0.06/100ml</p></div><div class="base-components__RootElement-sc-1mosoyj-1 styled__Container-vtxwzb-0 jptQqM bDFhXJ beans-buybox__actions beans-quantity-controls__container"><div class="base-components__RootElement-sc-1mosoyj-1 styled__Container-sc-16t2b2a-0 jptQqM PUfgZ styled__StyledFormGroup-vtxwzb-1 kzKuAr beans-quantity-controls__form-group beans-form-group__container"><label class="styled__StyledLabel-sc-1ttuvhr-0 izGEjV beans-form-group__label beans-label" for="quantity-controls-301107437">Quantity controls </label><div class="base-components__BaseElement-sc-1mosoyj-0 styled__Children-sc-16t2b2a-3 oznwo gdJvjO beans-form-group__children"><div class="styled__StyledQuantityControlWrapper-vtxwzb-6 LCxOg"><label id="quantity-controls-301107437-label" class="styled__VisuallyHiddenLabel-vtxwzb-7 gXlLiM">Quantity of Stockwell &amp; Co Apple &amp; Blackcurrant No Added Sugar Squash 750Ml</label><div class="component__Wrapper-sc-1kpmik-3 dReplG input-wrapper"><input class="base-components__RootElement-sc-1mosoyj-1 styled__StyledInput-sc-1jd5f57-0 component__StyledAsInput-sc-1kpmik-4 jptQqM eJLlow styled__StyledInput-vtxwzb-3 lwMHo beans-quantity-controls__input beans-input" data-auto="beans-quantity-controls-input" autocomplete="off" id="quantity-controls-301107437" maxlength="2" name="newValue" type="number" aria-labelledby="quantity-controls-301107437-label" value="1"></div></div><button class="styled__BaseButton-rsekm1-0 styled__PrimaryButton-rsekm1-2 jChbeY geeWOF styled__StyledButton-vtxwzb-5 japAxb beans-quantity-controls__add-button beans-button__container" type="submit" data-auto="beans-quantity-controls-add-button" aria-label="Quantity of Stockwell &amp; Co Apple &amp; Blackcurrant No Added Sugar Squash 750Ml"><span class="base-components__BaseElement-sc-1mosoyj-0 styled__InnerContainer-rsekm1-1 oznwo fuFres beans-button__inner-container"><span class="base-components__BaseElement-sc-1mosoyj-0 styled__TextSpan-rsekm1-4 oznwo GDiMp beans-button__text">Add</span></span></button></div></div></div></div></div><input name="_csrf" type="hidden" value="0WbpBJF9-cS-fAMl-ByHnl5hECj1JaZiBQ20"></form></div></div></div></div><div class="hidden-medium product-info-section-small"><div class="product-info-message-list"><div class="styled__WhiteBackground-sc-9yzfq2-1 jthPIJ"><svg width="56" height="56" viewBox="0 0 56 56" fill="none" xmlns="http://www.w3.org/2000/svg"><path d="M52.1301 27.8766C52.1301 14.5534 41.3293 3.75308 28.0066 3.75308C14.6834 3.75308 3.88306 14.5534 3.88306 27.8766C3.88306 41.1998 14.6834 52.0002 28.0066 52.0002C41.3293 52.0002 52.1301 41.1998 52.1301 27.8766Z" fill="#EE1C2E"></path><path d="M19.6853 36.5687L31.8169 48.6998L52.6633 27.8998L51.9894 23.0423L31.886 43.1452L22.5438 33.803L19.6853 36.5687Z" fill="white"></path><path d="M24.2699 12.0048L23.5594 9.93467L22.8484 12.0048H24.2699ZM24.6345 13.0711H22.4844L21.9776 14.5375H20.7515L22.9815 8.31722H24.1369L26.3669 14.5375H25.1408L24.6345 13.0711Z" fill="white"></path><path d="M27.8359 14.5375H26.734V8.24609H27.8359V14.5375Z" fill="white"></path><path d="M31.5684 13.2309C31.7849 12.9886 31.8927 12.6597 31.8927 12.2446C31.8927 11.8306 31.7849 11.5016 31.5684 11.2588C31.3524 11.0159 31.0811 10.8942 30.7558 10.8942C30.4299 10.8942 30.1587 11.0159 29.9427 11.2588C29.7267 11.5016 29.6184 11.8306 29.6184 12.2446C29.6184 12.6597 29.7267 12.9886 29.9427 13.2309C30.1587 13.4738 30.4299 13.5955 30.7558 13.5955C31.0811 13.5955 31.3524 13.4738 31.5684 13.2309ZM29.4673 14.3065C29.159 14.1049 28.9177 13.8234 28.7429 13.4619C28.5681 13.101 28.481 12.6952 28.481 12.2446C28.481 11.7888 28.5655 11.3815 28.7341 11.0231C28.9032 10.6648 29.1384 10.3848 29.4405 10.1837C29.7426 9.98212 30.0891 9.88158 30.48 9.88158C30.7883 9.88158 31.0579 9.93624 31.2889 10.0455C31.5199 10.1554 31.6978 10.3106 31.8221 10.5122V8.24609H32.9239V14.5375H31.8221V13.9863C31.6916 14.1704 31.5137 14.3194 31.2889 14.4349C31.0636 14.5504 30.797 14.6086 30.4892 14.6086C30.1159 14.6086 29.7751 14.5076 29.4673 14.3065Z" fill="white"></path><path d="M34.9657 14.5375H33.8638V9.95224H34.9657V14.5375ZM33.9082 8.34408C34.0443 8.20796 34.2129 8.1399 34.4145 8.1399C34.6161 8.1399 34.7847 8.20796 34.9208 8.34408C35.0574 8.48071 35.1255 8.64931 35.1255 8.8504C35.1255 9.052 35.0574 9.22112 34.9208 9.35724C34.7847 9.49336 34.6161 9.56142 34.4145 9.56142C34.2129 9.56142 34.0443 9.49336 33.9082 9.35724C33.7715 9.22112 33.704 9.052 33.704 8.8504C33.704 8.64931 33.7715 8.48071 33.9082 8.34408Z" fill="white"></path><path d="M19.6791 19.3347C19.8894 19.1506 19.9946 18.8779 19.9946 18.5169C19.9946 18.1565 19.8894 17.8838 19.6791 17.6997C19.4682 17.5156 19.183 17.4233 18.8221 17.4233H17.5027V19.6111H18.8221C19.183 19.6111 19.4682 19.5188 19.6791 19.3347ZM17.5027 23.9628H16.0374V16.0704H18.9345C19.461 16.0704 19.9157 16.1776 20.2988 16.3921C20.6824 16.6061 20.9753 16.8995 21.1784 17.2712C21.3816 17.6435 21.4826 18.0586 21.4826 18.5169C21.4826 18.9758 21.3816 19.3909 21.1784 19.7632C20.9753 20.1354 20.6824 20.4283 20.2988 20.6423C19.9157 20.8568 19.461 20.9635 18.9345 20.9635H17.5027V23.9628Z" fill="white"></path><path d="M22.0396 18.1451H23.4379V19.0248C23.6029 18.7087 23.8359 18.4684 24.1365 18.3029C24.4376 18.1374 24.7717 18.0549 25.1404 18.0549C25.5235 18.0549 25.8241 18.1415 26.0422 18.3143L25.5689 19.4981C25.3729 19.3929 25.1662 19.3403 24.9486 19.3403C24.5124 19.3403 24.152 19.528 23.8663 19.9039C23.5802 20.2797 23.4379 20.8582 23.4379 21.6404V23.9627H22.0396V18.1451Z" fill="white"></path><path d="M27.8879 23.9627H26.4896V18.1451H27.8879V23.9627ZM26.5458 16.1044C26.7191 15.9316 26.933 15.845 27.1888 15.845C27.444 15.845 27.658 15.9316 27.8312 16.1044C28.0039 16.2771 28.0906 16.4916 28.0906 16.7468C28.0906 17.0026 28.0039 17.217 27.8312 17.3898C27.658 17.5625 27.444 17.6491 27.1888 17.6491C26.933 17.6491 26.7191 17.5625 26.5458 17.3898C26.3731 17.217 26.287 17.0026 26.287 16.7468C26.287 16.4916 26.3731 16.2771 26.5458 16.1044Z" fill="white"></path><path d="M30.0603 23.6693C29.6168 23.4141 29.2714 23.0588 29.0234 22.6041C28.7754 22.1493 28.6511 21.6327 28.6511 21.0537C28.6511 20.4752 28.7754 19.9585 29.0234 19.5038C29.2714 19.049 29.6168 18.6937 30.0603 18.438C30.5037 18.1828 31.011 18.0549 31.5823 18.0549C32.8749 18.0549 33.751 18.585 34.2093 19.6445L32.9353 20.2199C32.6424 19.6332 32.1913 19.3403 31.5823 19.3403C31.1466 19.3403 30.7857 19.4981 30.5001 19.8136C30.2144 20.1297 30.0716 20.5427 30.0716 21.0537C30.0716 21.5651 30.2144 21.9787 30.5001 22.2942C30.7857 22.6097 31.1466 22.7675 31.5823 22.7675C32.1913 22.7675 32.6424 22.4747 32.9353 21.8884L34.2093 22.4633C33.751 23.5229 32.8749 24.0529 31.5823 24.0529C31.011 24.0529 30.5037 23.9251 30.0603 23.6693Z" fill="white"></path><path d="M38.727 20.3999C38.6744 20.0694 38.5223 19.7987 38.2707 19.5883C38.0186 19.3779 37.7015 19.2728 37.3179 19.2728C36.9946 19.2728 36.7048 19.3723 36.4496 19.5713C36.1939 19.7708 36.0175 20.0467 35.9196 20.3999H38.727ZM40.1588 21.5048H35.8633C35.9381 21.9333 36.115 22.2586 36.3934 22.4803C36.6713 22.702 37.0095 22.8129 37.4081 22.8129C37.7386 22.8129 38.015 22.7433 38.2367 22.6041C38.4584 22.4649 38.6708 22.253 38.874 21.9673L40.0573 22.6097C39.7716 23.0759 39.4092 23.4327 38.9693 23.6812C38.5295 23.9287 37.983 24.0529 37.3292 24.0529C36.7125 24.0529 36.1846 23.9086 35.7453 23.6188C35.3055 23.3295 34.9765 22.9557 34.7584 22.4968C34.5403 22.0385 34.4315 21.5574 34.4315 21.0537C34.4315 20.5504 34.546 20.0694 34.7754 19.611C35.0044 19.1526 35.3374 18.7783 35.7731 18.4891C36.2088 18.1998 36.7239 18.0549 37.3179 18.0549C37.9191 18.0549 38.4341 18.19 38.8626 18.4607C39.2911 18.7314 39.6139 19.0866 39.832 19.5264C40.0501 19.9657 40.1588 20.4339 40.1588 20.9299V21.5048Z" fill="white"></path><path d="M16.3879 25.558H17.7399L19.2454 29.4977L20.751 25.558H22.1029V31.8684H20.9309V28.0282L19.6873 31.2915H18.8035L17.5599 28.0282V31.8684H16.3879V25.558Z" fill="white"></path><path d="M25.4058 30.7146C25.6131 30.5341 25.7167 30.3119 25.7167 30.0474V29.9216H24.8335C24.5746 29.9216 24.3689 29.971 24.2158 30.07C24.0626 30.169 23.9858 30.3057 23.9858 30.48C23.9858 30.6424 24.0415 30.7671 24.1529 30.8543C24.2637 30.9414 24.4277 30.9847 24.6437 30.9847C24.9443 30.9847 25.1985 30.8945 25.4058 30.7146ZM23.6074 31.7782C23.3671 31.67 23.1748 31.5122 23.0304 31.3049C22.886 31.0976 22.8138 30.8496 22.8138 30.5609C22.8138 30.1046 22.9855 29.7364 23.3279 29.457C23.6703 29.1775 24.1333 29.0378 24.7159 29.0378H25.7167V28.8754C25.7167 28.6413 25.6357 28.4531 25.4733 28.3118C25.3109 28.1711 25.0918 28.1004 24.8154 28.1004C24.5927 28.1004 24.3916 28.1592 24.2111 28.2763C24.0312 28.3933 23.8956 28.5299 23.8059 28.6862L22.9494 28.1726C23.1113 27.8782 23.3516 27.6333 23.6703 27.4379C23.9889 27.2425 24.3705 27.145 24.8154 27.145C25.4522 27.145 25.9482 27.2982 26.3024 27.6044C26.6572 27.9112 26.8345 28.3526 26.8345 28.9295V31.8685H25.9152L25.7621 31.2735C25.6115 31.4776 25.4207 31.6401 25.1892 31.7602C24.9582 31.8803 24.686 31.9401 24.3735 31.9401C24.1029 31.9401 23.8476 31.8865 23.6074 31.7782Z" fill="white"></path><path d="M27.8214 30.3V28.1726H27.1182V27.2167H27.8214V26.4417L28.9393 25.7384V27.2167H30.1381V28.1726H28.9393V30.2458C28.9393 30.6903 29.1166 30.9125 29.4709 30.9125C29.6333 30.9125 29.7895 30.8496 29.9395 30.7233L30.4443 31.5797C30.2881 31.706 30.1169 31.7978 29.9308 31.855C29.7446 31.9117 29.5549 31.9401 29.3626 31.9401C28.3355 31.9401 27.8214 31.3936 27.8214 30.3Z" fill="white"></path><path d="M31.5487 31.6339C31.194 31.4297 30.9176 31.1456 30.7196 30.7821C30.5211 30.4186 30.4221 30.0056 30.4221 29.5426C30.4221 29.0801 30.5211 28.6666 30.7196 28.3031C30.9176 27.9396 31.194 27.6555 31.5487 27.4513C31.9034 27.2471 32.3087 27.145 32.7655 27.145C33.7993 27.145 34.4995 27.5683 34.8661 28.416L33.8473 28.8754C33.6132 28.4067 33.2528 28.1726 32.7655 28.1726C32.417 28.1726 32.1288 28.2989 31.9004 28.5511C31.6719 28.8037 31.558 29.1342 31.558 29.5426C31.558 29.9509 31.6719 30.282 31.9004 30.5341C32.1288 30.7867 32.417 30.9125 32.7655 30.9125C33.2528 30.9125 33.6132 30.6785 33.8473 30.2098L34.8661 30.6697C34.4995 31.5168 33.7993 31.9401 32.7655 31.9401C32.3087 31.9401 31.9034 31.8386 31.5487 31.6339Z" fill="white"></path><path d="M35.3998 25.4863H36.5176V27.9473C36.662 27.707 36.8615 27.5132 37.1167 27.3657C37.3725 27.2188 37.6592 27.145 37.9778 27.145C38.4702 27.145 38.8579 27.2909 39.1405 27.5823C39.423 27.8736 39.5643 28.2804 39.5643 28.8037V31.8685H38.4465V29.0285C38.4465 28.7522 38.3758 28.5408 38.2346 28.3933C38.0933 28.2458 37.8907 28.1726 37.6262 28.1726C37.3199 28.1726 37.0585 28.3093 36.8419 28.5825C36.6254 28.8558 36.5176 29.275 36.5176 29.8401V31.8685H35.3998V25.4863Z" fill="white"></path></svg><p class="styled__StyledBodyText-sc-119w3hf-5 ggtTyf styled__DarkGreyBodyText-jk5kya-0 iwRWTH">Aldi Price Match</p></div></div></div></div></div></div></div></li><li class="product-list--list-item"><div class="styles__StyledVerticalTileWrapper-dvv1wj-0 dtCNPH"><div data-auto="product-tile" data-auto-type="Quantity" data-auto-available="true" data-auto-is-restricted-disabled="false" data-auto-is-substitute="false" class="styles__StyledVerticalTile-dvv1wj-1 gSCsYK"><div class="styles__StyledTileContentWrapper-dvv1wj-2 bkNhNP beans"><div id="tile-278363743" data-auto-id="278363743" class="styles__StyledTiledContent-dvv1wj-3 bcglTg"><a href="https://www.tesco.com/groceries/en-GB/products/278363743" aria-hidden="true" class="product-image-wrapper" tabindex="1"><div class="product-image__container"><picture><img class="styled__Image-sjvkdn-0 bJErKA product-image beans-responsive-image__image" src="data:image/gif;base64,R0lGODlhAQABAAAAACH5BAEKAAEALAAAAAABAAEAAAICTAEAOw==" srcset="https://digitalcontent.api.tesco.com/v2/media/ghs/79e4d498-213a-4f1c-a7a9-04e54cf9a848/971028a9-5ee1-4943-9e20-6f12f7b1ea2c_1882762552.jpeg?h=225&amp;w=225 768w, data:image/gif;base64,R0lGODlhAQABAAAAACH5BAEKAAEALAAAAAABAAEAAAICTAEAOw== 4000w" alt="Trivento Reserve Malbec 75Cl"></picture></div></a><div class="product-details--wrapper"><h3 class="styles__H3-oa5soe-0 bCKNNq"><a href="https://www.tesco.com/groceries/en-GB/products/278363743" class="styled__Anchor-sc-1xbujuz-0 csVOnh beans-link__anchor" data-auto="product-tile--title"><span class="styled__Text-sc-1xbujuz-1 ldbwMG beans-link__text">Trivento Reserve Malbec 75Cl</span></a></h3><div class="styles__StyledProductDetailsContent-dvv1wj-5 ddRSrq"><a href="https://www.tesco.com/groceries/en-GB/reviews/submission/278363743?from=%2Fshop%2Fdrinks%2Fall" aria-label="Write a review for Trivento Reserve Malbec 75Cl" class="styled__Anchor-sc-1xbujuz-0 jSzuDt write-a-review-link beans-link__anchor" data-auto="review-link"><span class="styled__Text-sc-1xbujuz-1 fyDIEo beans-link__text">Write a review</span><span class="styled__IconContainer-sc-1xbujuz-2 bSauSL beans-link__icon-container"><svg aria-hidden="true" class="styled__SVG-xxa4wh-1 hQMCqc beans-link__icon beans-icon__svg" height="13.33" preserveAspectRatio="xMinYMax meet" viewBox="-1 0 12 20" width="8" xmlns="http://www.w3.org/2000/svg" color="currentColor"><path d="M1.312 1.348L10.276 10l-8.964 8.644" fill="none" stroke="currentColor"></path></svg></span></a><div><a href="https://www.tesco.com/groceries/en-GB/shop/drinks/wine/red-wine/malbec" class="styled__Anchor-sc-1xbujuz-0 jSzuDt rest-of-shelf-link beans-link__anchor" data-auto="rest-of-shelf-link"><span class="styled__Text-sc-1xbujuz-1 fyDIEo beans-link__text">Rest of <span class="visually-hidden">Malbec</span> shelf</span><span class="styled__IconContainer-sc-1xbujuz-2 bSauSL beans-link__icon-container"><svg aria-hidden="true" class="styled__SVG-xxa4wh-1 hQMCqc beans-link__icon beans-icon__svg" height="13.33" preserveAspectRatio="xMinYMax meet" viewBox="-1 0 12 20" width="8" xmlns="http://www.w3.org/2000/svg" color="currentColor"><path d="M1.312 1.348L10.276 10l-8.964 8.644" fill="none" stroke="currentColor"></path></svg></span></a></div><div class="product-info-message-section"><div class="product-info-message-list"><ul><li><div data-auto="info-message" class="product-info-message"><p>*Drinkaware.co.uk 18+ Excludes Wine Route, boxed/fortified wine, bottles under £5 in England and NI or £7 in Wales &amp; bottles under 200ml. Minimum unit pricing applies in Wales. Max. 36 bottles. Excludes Express, Scotland &amp; Whoosh. Ends 28/11/22.</p></div></li></ul></div></div></div><div class="styles__StyledPromotionsWithBuyBoxWrapper-dvv1wj-8 cZskDh"><div class="styles__StyledPromotionsAboveMobile-dvv1wj-7 iPTMuo"><div class="styles__StyledPromotionsWithClubcardPriceContainer-sc-1vdpoop-0 bsPFbn"><div class="styles__StyledClubcardLogo-sc-1vdpoop-2 elOZEB"><div class="styles__Wrapper-sc-1d2phhy-0 hgBuQG undefined special-offer-sash"><span class="styles__CircleWrapper-sc-1d2phhy-2 hCbzjm"><strong class="styles__TextWrapper-sc-1d2phhy-1 bLXNGg">Clubcard Price</strong></span></div></div><a href="https://www.tesco.com/groceries/en-GB/promotions/88615253"><div class="styles__ProductPromotionStyling-sc-1vdpoop-3 WGKAK"><div class="styles__StyledPromotionsOfferContent-sc-1vdpoop-1 cPSekc"><span class="offer-text">Buy 6 or more Save 25% Clubcard Price - Save 25% On Selected Wines When You Buy 6 + Bottles</span></div><span class="dates">Offer valid for delivery from 18/11/2022 until 28/11/2022</span></div></a></div></div><div class="styles__StyledBuyBoxWrapper-dvv1wj-4 dSvjUC"><div class="styles__StyledBuyBoxContainer-sc-1wx0qp6-0 erryje" data-auto="buybox-container"><div class="styles__SafeFormWrapper-jtpu2t-0 lcrYKS"><form action="https://www.tesco.com/groceries/en-GB/trolley/items/278363743?_method=PUT" method="POST"><input type="submit" class="hidden"><input name="id" type="hidden" value="278363743"><input name="identifier" type="hidden" value="Page"><input name="anchorId" type="hidden" value="#tile-278363743"><input name="returnUrl" type="hidden" value="/groceries/en-GB/shop/drinks/all?redirectIfUnavailable=true#tile-278363743"><input name="backToUrl" type="hidden" value="#"><input name="oldValue" type="hidden" value="0"><input name="oldUnitChoice" type="hidden" value="pcs"><input name="newUnitChoice" type="hidden" value="pcs"><div class="base-components__RootElement-sc-1mosoyj-1 styled__Container-sc-6nhkzi-0 jptQqM hSNpTb beans-buybox__container"><div class="base-components__BaseElement-sc-1mosoyj-0 styled__PriceAndActions-sc-6nhkzi-3 oznwo eEPLov beans-buybox__price-and-actions"><div class="base-components__RootElement-sc-1mosoyj-1 styled__Container-sc-8qlq5b-0 jptQqM bgZrjw styled__StyledPrice-sc-6nhkzi-5 iYHeik beans-buybox__price beans-price__container"><p class="styled__StyledHeading-sc-119w3hf-2 jWPEtj styled__Text-sc-8qlq5b-1 lnaeiZ beans-price__text">£8.00</p><p class="styled__StyledFootnote-sc-119w3hf-7 icrlVF styled__Subtext-sc-8qlq5b-2 bNJmdc beans-price__subtext">£8.00/75cl</p></div><div class="base-components__RootElement-sc-1mosoyj-1 styled__Container-vtxwzb-0 jptQqM bDFhXJ beans-buybox__actions beans-quantity-controls__container"><div class="base-components__RootElement-sc-1mosoyj-1 styled__Container-sc-16t2b2a-0 jptQqM PUfgZ styled__StyledFormGroup-vtxwzb-1 kzKuAr beans-quantity-controls__form-group beans-form-group__container"><label class="styled__StyledLabel-sc-1ttuvhr-0 izGEjV beans-form-group__label beans-label" for="quantity-controls-278363743">Quantity controls </label><div class="base-components__BaseElement-sc-1mosoyj-0 styled__Children-sc-16t2b2a-3 oznwo gdJvjO beans-form-group__children"><div class="styled__StyledQuantityControlWrapper-vtxwzb-6 LCxOg"><label id="quantity-controls-278363743-label" class="styled__VisuallyHiddenLabel-vtxwzb-7 gXlLiM">Quantity of Trivento Reserve Malbec 75Cl</label><div class="component__Wrapper-sc-1kpmik-3 dReplG input-wrapper"><input class="base-components__RootElement-sc-1mosoyj-1 styled__StyledInput-sc-1jd5f57-0 component__StyledAsInput-sc-1kpmik-4 jptQqM eJLlow styled__StyledInput-vtxwzb-3 lwMHo beans-quantity-controls__input beans-input" data-auto="beans-quantity-controls-input" autocomplete="off" id="quantity-controls-278363743" maxlength="2" name="newValue" type="number" aria-labelledby="quantity-controls-278363743-label" value="1"></div></div><button class="styled__BaseButton-rsekm1-0 styled__PrimaryButton-rsekm1-2 jChbeY geeWOF styled__StyledButton-vtxwzb-5 japAxb beans-quantity-controls__add-button beans-button__container" type="submit" data-auto="beans-quantity-controls-add-button" aria-label="Quantity of Trivento Reserve Malbec 75Cl"><span class="base-components__BaseElement-sc-1mosoyj-0 styled__InnerContainer-rsekm1-1 oznwo fuFres beans-button__inner-container"><span class="base-components__BaseElement-sc-1mosoyj-0 styled__TextSpan-rsekm1-4 oznwo GDiMp beans-button__text">Add</span></span></button></div></div></div></div></div><input name="_csrf" type="hidden" value="0WbpBJF9-cS-fAMl-ByHnl5hECj1JaZiBQ20"></form></div></div></div></div></div><div class="hidden-medium product-info-section-small"><div class="product-info-message-list"><ul><li><div data-auto="info-message" class="product-info-message"><p>*Drinkaware.co.uk 18+ Excludes Wine Route, boxed/fortified wine, bottles under £5 in England and NI or £7 in Wales &amp; bottles under 200ml. Minimum unit pricing applies in Wales. Max. 36 bottles. Excludes Express, Scotland &amp; Whoosh. Ends 28/11/22.</p></div></li></ul></div></div></div><div class="styles__StyledPromotionsMobile-dvv1wj-6 Bxaeb"><div><div class="styles__StyledPromotionsWithClubcardPriceContainer-sc-1vdpoop-0 bsPFbn"><div class="styles__StyledClubcardLogo-sc-1vdpoop-2 elOZEB"><div class="styles__Wrapper-sc-1d2phhy-0 hgBuQG undefined special-offer-sash"><span class="styles__CircleWrapper-sc-1d2phhy-2 hCbzjm"><strong class="styles__TextWrapper-sc-1d2phhy-1 bLXNGg">Clubcard Price</strong></span></div></div><a href="https://www.tesco.com/groceries/en-GB/promotions/88615253"><div class="styles__ProductPromotionStyling-sc-1vdpoop-3 WGKAK"><div class="styles__StyledPromotionsOfferContent-sc-1vdpoop-1 cPSekc"><span class="offer-text">Buy 6 or more Save 25% Clubcard Price - Save 25% On Selected Wines When You Buy 6 + Bottles</span></div><span class="dates">Offer valid for delivery from 18/11/2022 until 28/11/2022</span></div></a></div></div></div></div></div></div></li><li class="product-list--list-item"><div class="styles__StyledVerticalTileWrapper-dvv1wj-0 dtCNPH"><div data-auto="product-tile" data-auto-type="Quantity" data-auto-available="true" data-auto-is-restricted-disabled="false" data-auto-is-substitute="false" class="styles__StyledVerticalTile-dvv1wj-1 gSCsYK"><div class="styles__StyledTileContentWrapper-dvv1wj-2 bkNhNP beans"><div id="tile-259738433" data-auto-id="259738433" class="styles__StyledTiledContent-dvv1wj-3 bcglTg"><a href="https://www.tesco.com/groceries/en-GB/products/259738433" aria-hidden="true" class="product-image-wrapper" tabindex="1"><div class="product-image__container"><picture><img class="styled__Image-sjvkdn-0 bJErKA product-image beans-responsive-image__image" src="data:image/gif;base64,R0lGODlhAQABAAAAACH5BAEKAAEALAAAAAABAAEAAAICTAEAOw==" srcset="https://digitalcontent.api.tesco.com/v2/media/ghs/ff0300b1-f283-496b-80bf-0f72b0ea186c/ddd455bf-69d6-4421-83c5-53c0384bed6d_1776137057.jpeg?h=225&amp;w=225 768w, data:image/gif;base64,R0lGODlhAQABAAAAACH5BAEKAAEALAAAAAABAAEAAAICTAEAOw== 4000w" alt="Wairau Cove Sauvignon Blanc 75Cl"></picture></div></a><div class="product-details--wrapper"><h3 class="styles__H3-oa5soe-0 bCKNNq"><a href="https://www.tesco.com/groceries/en-GB/products/259738433" class="styled__Anchor-sc-1xbujuz-0 csVOnh beans-link__anchor" data-auto="product-tile--title"><span class="styled__Text-sc-1xbujuz-1 ldbwMG beans-link__text">Wairau Cove Sauvignon Blanc 75Cl</span></a></h3><div class="styles__StyledProductDetailsContent-dvv1wj-5 ddRSrq"><a href="https://www.tesco.com/groceries/en-GB/reviews/submission/259738433?from=%2Fshop%2Fdrinks%2Fall" aria-label="Write a review for Wairau Cove Sauvignon Blanc 75Cl" class="styled__Anchor-sc-1xbujuz-0 jSzuDt write-a-review-link beans-link__anchor" data-auto="review-link"><span class="styled__Text-sc-1xbujuz-1 fyDIEo beans-link__text">Write a review</span><span class="styled__IconContainer-sc-1xbujuz-2 bSauSL beans-link__icon-container"><svg aria-hidden="true" class="styled__SVG-xxa4wh-1 hQMCqc beans-link__icon beans-icon__svg" height="13.33" preserveAspectRatio="xMinYMax meet" viewBox="-1 0 12 20" width="8" xmlns="http://www.w3.org/2000/svg" color="currentColor"><path d="M1.312 1.348L10.276 10l-8.964 8.644" fill="none" stroke="currentColor"></path></svg></span></a><div><a href="https://www.tesco.com/groceries/en-GB/shop/drinks/wine/white-wine/sauvignon-blanc" class="styled__Anchor-sc-1xbujuz-0 jSzuDt rest-of-shelf-link beans-link__anchor" data-auto="rest-of-shelf-link"><span class="styled__Text-sc-1xbujuz-1 fyDIEo beans-link__text">Rest of <span class="visually-hidden">Sauvignon Blanc</span> shelf</span><span class="styled__IconContainer-sc-1xbujuz-2 bSauSL beans-link__icon-container"><svg aria-hidden="true" class="styled__SVG-xxa4wh-1 hQMCqc beans-link__icon beans-icon__svg" height="13.33" preserveAspectRatio="xMinYMax meet" viewBox="-1 0 12 20" width="8" xmlns="http://www.w3.org/2000/svg" color="currentColor"><path d="M1.312 1.348L10.276 10l-8.964 8.644" fill="none" stroke="currentColor"></path></svg></span></a></div><div class="product-info-message-section"><div class="product-info-message-list"><ul><li><div data-auto="info-message" class="product-info-message"><p>*Drinkaware.co.uk 18+ Excludes Wine Route, boxed/fortified wine, bottles under £5 in England and NI or £7 in Wales &amp; bottles under 200ml. Minimum unit pricing applies in Wales. Max. 36 bottles. Excludes Express, Scotland &amp; Whoosh. Ends 28/11/22.</p></div></li></ul></div></div></div><div class="styles__StyledPromotionsWithBuyBoxWrapper-dvv1wj-8 cZskDh"><div class="styles__StyledPromotionsAboveMobile-dvv1wj-7 iPTMuo"><div class="styles__StyledPromotionsWithClubcardPriceContainer-sc-1vdpoop-0 bsPFbn"><div class="styles__StyledClubcardLogo-sc-1vdpoop-2 elOZEB"><div class="styles__Wrapper-sc-1d2phhy-0 hgBuQG undefined special-offer-sash"><span class="styles__CircleWrapper-sc-1d2phhy-2 hCbzjm"><strong class="styles__TextWrapper-sc-1d2phhy-1 bLXNGg">Clubcard Price</strong></span></div></div><a href="https://www.tesco.com/groceries/en-GB/promotions/88615253"><div class="styles__ProductPromotionStyling-sc-1vdpoop-3 WGKAK"><div class="styles__StyledPromotionsOfferContent-sc-1vdpoop-1 cPSekc"><span class="offer-text">Buy 6 or more Save 25% Clubcard Price - Save 25% On Selected Wines When You Buy 6 + Bottles</span></div><span class="dates">Offer valid for delivery from 18/11/2022 until 28/11/2022</span></div></a></div></div><div class="styles__StyledBuyBoxWrapper-dvv1wj-4 dSvjUC"><div class="styles__StyledBuyBoxContainer-sc-1wx0qp6-0 erryje" data-auto="buybox-container"><div class="styles__SafeFormWrapper-jtpu2t-0 lcrYKS"><form action="https://www.tesco.com/groceries/en-GB/trolley/items/259738433?_method=PUT" method="POST"><input type="submit" class="hidden"><input name="id" type="hidden" value="259738433"><input name="identifier" type="hidden" value="Page"><input name="anchorId" type="hidden" value="#tile-259738433"><input name="returnUrl" type="hidden" value="/groceries/en-GB/shop/drinks/all?redirectIfUnavailable=true#tile-259738433"><input name="backToUrl" type="hidden" value="#"><input name="oldValue" type="hidden" value="0"><input name="oldUnitChoice" type="hidden" value="pcs"><input name="newUnitChoice" type="hidden" value="pcs"><div class="base-components__RootElement-sc-1mosoyj-1 styled__Container-sc-6nhkzi-0 jptQqM hSNpTb beans-buybox__container"><div class="base-components__BaseElement-sc-1mosoyj-0 styled__PriceAndActions-sc-6nhkzi-3 oznwo eEPLov beans-buybox__price-and-actions"><div class="base-components__RootElement-sc-1mosoyj-1 styled__Container-sc-8qlq5b-0 jptQqM bgZrjw styled__StyledPrice-sc-6nhkzi-5 iYHeik beans-buybox__price beans-price__container"><p class="styled__StyledHeading-sc-119w3hf-2 jWPEtj styled__Text-sc-8qlq5b-1 lnaeiZ beans-price__text">£8.00</p><p class="styled__StyledFootnote-sc-119w3hf-7 icrlVF styled__Subtext-sc-8qlq5b-2 bNJmdc beans-price__subtext">£8.00/75cl</p></div><div class="base-components__RootElement-sc-1mosoyj-1 styled__Container-vtxwzb-0 jptQqM bDFhXJ beans-buybox__actions beans-quantity-controls__container"><div class="base-components__RootElement-sc-1mosoyj-1 styled__Container-sc-16t2b2a-0 jptQqM PUfgZ styled__StyledFormGroup-vtxwzb-1 kzKuAr beans-quantity-controls__form-group beans-form-group__container"><label class="styled__StyledLabel-sc-1ttuvhr-0 izGEjV beans-form-group__label beans-label" for="quantity-controls-259738433">Quantity controls </label><div class="base-components__BaseElement-sc-1mosoyj-0 styled__Children-sc-16t2b2a-3 oznwo gdJvjO beans-form-group__children"><div class="styled__StyledQuantityControlWrapper-vtxwzb-6 LCxOg"><label id="quantity-controls-259738433-label" class="styled__VisuallyHiddenLabel-vtxwzb-7 gXlLiM">Quantity of Wairau Cove Sauvignon Blanc 75Cl</label><div class="component__Wrapper-sc-1kpmik-3 dReplG input-wrapper"><input class="base-components__RootElement-sc-1mosoyj-1 styled__StyledInput-sc-1jd5f57-0 component__StyledAsInput-sc-1kpmik-4 jptQqM eJLlow styled__StyledInput-vtxwzb-3 lwMHo beans-quantity-controls__input beans-input" data-auto="beans-quantity-controls-input" autocomplete="off" id="quantity-controls-259738433" maxlength="2" name="newValue" type="number" aria-labelledby="quantity-controls-259738433-label" value="1"></div></div><button class="styled__BaseButton-rsekm1-0 styled__PrimaryButton-rsekm1-2 jChbeY geeWOF styled__StyledButton-vtxwzb-5 japAxb beans-quantity-controls__add-button beans-button__container" type="submit" data-auto="beans-quantity-controls-add-button" aria-label="Quantity of Wairau Cove Sauvignon Blanc 75Cl"><span class="base-components__BaseElement-sc-1mosoyj-0 styled__InnerContainer-rsekm1-1 oznwo fuFres beans-button__inner-container"><span class="base-components__BaseElement-sc-1mosoyj-0 styled__TextSpan-rsekm1-4 oznwo GDiMp beans-button__text">Add</span></span></button></div></div></div></div></div><input name="_csrf" type="hidden" value="0WbpBJF9-cS-fAMl-ByHnl5hECj1JaZiBQ20"></form></div></div></div></div></div><div class="hidden-medium product-info-section-small"><div class="product-info-message-list"><ul><li><div data-auto="info-message" class="product-info-message"><p>*Drinkaware.co.uk 18+ Excludes Wine Route, boxed/fortified wine, bottles under £5 in England and NI or £7 in Wales &amp; bottles under 200ml. Minimum unit pricing applies in Wales. Max. 36 bottles. Excludes Express, Scotland &amp; Whoosh. Ends 28/11/22.</p></div></li></ul></div></div></div><div class="styles__StyledPromotionsMobile-dvv1wj-6 Bxaeb"><div><div class="styles__StyledPromotionsWithClubcardPriceContainer-sc-1vdpoop-0 bsPFbn"><div class="styles__StyledClubcardLogo-sc-1vdpoop-2 elOZEB"><div class="styles__Wrapper-sc-1d2phhy-0 hgBuQG undefined special-offer-sash"><span class="styles__CircleWrapper-sc-1d2phhy-2 hCbzjm"><strong class="styles__TextWrapper-sc-1d2phhy-1 bLXNGg">Clubcard Price</strong></span></div></div><a href="https://www.tesco.com/groceries/en-GB/promotions/88615253"><div class="styles__ProductPromotionStyling-sc-1vdpoop-3 WGKAK"><div class="styles__StyledPromotionsOfferContent-sc-1vdpoop-1 cPSekc"><span class="offer-text">Buy 6 or more Save 25% Clubcard Price - Save 25% On Selected Wines When You Buy 6 + Bottles</span></div><span class="dates">Offer valid for delivery from 18/11/2022 until 28/11/2022</span></div></a></div></div></div></div></div></div></li><li class="product-list--list-item"><div class="styles__StyledVerticalTileWrapper-dvv1wj-0 dtCNPH"><div data-auto="product-tile" data-auto-type="Quantity" data-auto-available="true" data-auto-is-restricted-disabled="false" data-auto-is-substitute="false" class="styles__StyledVerticalTile-dvv1wj-1 gSCsYK"><div class="styles__StyledTileContentWrapper-dvv1wj-2 bkNhNP beans"><div id="tile-273824391" data-auto-id="273824391" class="styles__StyledTiledContent-dvv1wj-3 bcglTg"><a href="https://www.tesco.com/groceries/en-GB/products/273824391" aria-hidden="true" class="product-image-wrapper" tabindex="1"><div class="product-image__container"><picture><img class="styled__Image-sjvkdn-0 bJErKA product-image beans-responsive-image__image" src="data:image/gif;base64,R0lGODlhAQABAAAAACH5BAEKAAEALAAAAAABAAEAAAICTAEAOw==" srcset="https://digitalcontent.api.tesco.com/v2/media/ghs/3268d924-7e3a-4c06-87a4-ae8ffc6843d7/fa9a395c-c874-4e6f-8f1a-65d32ce4188e_1467125332.jpeg?h=225&amp;w=225 768w, data:image/gif;base64,R0lGODlhAQABAAAAACH5BAEKAAEALAAAAAABAAEAAAICTAEAOw== 4000w" alt="Diet Coke 24 X 330 Ml Pack"></picture></div></a><div class="product-details--wrapper"><h3 class="styles__H3-oa5soe-0 bCKNNq"><a href="https://www.tesco.com/groceries/en-GB/products/273824391" class="styled__Anchor-sc-1xbujuz-0 csVOnh beans-link__anchor" data-auto="product-tile--title"><span class="styled__Text-sc-1xbujuz-1 ldbwMG beans-link__text">Diet Coke 24 X 330 Ml Pack</span></a></h3><div class="styles__StyledPromotionsAboveMobile-dvv1wj-7 iPTMuo"></div><div class="styles__StyledProductDetailsContent-dvv1wj-5 ddRSrq"><a href="https://www.tesco.com/groceries/en-GB/reviews/submission/273824391?from=%2Fshop%2Fdrinks%2Fall" aria-label="Write a review for Diet Coke 24 X 330 Ml Pack" class="styled__Anchor-sc-1xbujuz-0 jSzuDt write-a-review-link beans-link__anchor" data-auto="review-link"><span class="styled__Text-sc-1xbujuz-1 fyDIEo beans-link__text">Write a review</span><span class="styled__IconContainer-sc-1xbujuz-2 bSauSL beans-link__icon-container"><svg aria-hidden="true" class="styled__SVG-xxa4wh-1 hQMCqc beans-link__icon beans-icon__svg" height="13.33" preserveAspectRatio="xMinYMax meet" viewBox="-1 0 12 20" width="8" xmlns="http://www.w3.org/2000/svg" color="currentColor"><path d="M1.312 1.348L10.276 10l-8.964 8.644" fill="none" stroke="currentColor"></path></svg></span></a><div><a href="https://www.tesco.com/groceries/en-GB/shop/drinks/fizzy-and-soft-drinks/cola/sugar-free-cola" class="styled__Anchor-sc-1xbujuz-0 jSzuDt rest-of-shelf-link beans-link__anchor" data-auto="rest-of-shelf-link"><span class="styled__Text-sc-1xbujuz-1 fyDIEo beans-link__text">Rest of <span class="visually-hidden">Sugar Free Cola</span> shelf</span><span class="styled__IconContainer-sc-1xbujuz-2 bSauSL beans-link__icon-container"><svg aria-hidden="true" class="styled__SVG-xxa4wh-1 hQMCqc beans-link__icon beans-icon__svg" height="13.33" preserveAspectRatio="xMinYMax meet" viewBox="-1 0 12 20" width="8" xmlns="http://www.w3.org/2000/svg" color="currentColor"><path d="M1.312 1.348L10.276 10l-8.964 8.644" fill="none" stroke="currentColor"></path></svg></span></a></div><div class="product-info-message-section"><div class="product-info-message-list"></div></div></div><div class="styles__StyledBuyBoxWrapper-dvv1wj-4 dSvjUC"><div class="styles__StyledBuyBoxContainer-sc-1wx0qp6-0 erryje" data-auto="buybox-container"><div class="styles__SafeFormWrapper-jtpu2t-0 lcrYKS"><form action="https://www.tesco.com/groceries/en-GB/trolley/items/273824391?_method=PUT" method="POST"><input type="submit" class="hidden"><input name="id" type="hidden" value="273824391"><input name="identifier" type="hidden" value="Page"><input name="anchorId" type="hidden" value="#tile-273824391"><input name="returnUrl" type="hidden" value="/groceries/en-GB/shop/drinks/all?redirectIfUnavailable=true#tile-273824391"><input name="backToUrl" type="hidden" value="#"><input name="oldValue" type="hidden" value="0"><input name="oldUnitChoice" type="hidden" value="pcs"><input name="newUnitChoice" type="hidden" value="pcs"><div class="base-components__RootElement-sc-1mosoyj-1 styled__Container-sc-6nhkzi-0 jptQqM hSNpTb beans-buybox__container"><div class="base-components__BaseElement-sc-1mosoyj-0 styled__PriceAndActions-sc-6nhkzi-3 oznwo eEPLov beans-buybox__price-and-actions"><div class="base-components__RootElement-sc-1mosoyj-1 styled__Container-sc-8qlq5b-0 jptQqM bgZrjw styled__StyledPrice-sc-6nhkzi-5 iYHeik beans-buybox__price beans-price__container"><p class="styled__StyledHeading-sc-119w3hf-2 jWPEtj styled__Text-sc-8qlq5b-1 lnaeiZ beans-price__text">£10.00</p><p class="styled__StyledFootnote-sc-119w3hf-7 icrlVF styled__Subtext-sc-8qlq5b-2 bNJmdc beans-price__subtext">£0.13/100ml</p></div><div class="base-components__RootElement-sc-1mosoyj-1 styled__Container-vtxwzb-0 jptQqM bDFhXJ beans-buybox__actions beans-quantity-controls__container"><div class="base-components__RootElement-sc-1mosoyj-1 styled__Container-sc-16t2b2a-0 jptQqM PUfgZ styled__StyledFormGroup-vtxwzb-1 kzKuAr beans-quantity-controls__form-group beans-form-group__container"><label class="styled__StyledLabel-sc-1ttuvhr-0 izGEjV beans-form-group__label beans-label" for="quantity-controls-273824391">Quantity controls </label><div class="base-components__BaseElement-sc-1mosoyj-0 styled__Children-sc-16t2b2a-3 oznwo gdJvjO beans-form-group__children"><div class="styled__StyledQuantityControlWrapper-vtxwzb-6 LCxOg"><label id="quantity-controls-273824391-label" class="styled__VisuallyHiddenLabel-vtxwzb-7 gXlLiM">Quantity of Diet Coke 24 X 330 Ml Pack</label><div class="component__Wrapper-sc-1kpmik-3 dReplG input-wrapper"><input class="base-components__RootElement-sc-1mosoyj-1 styled__StyledInput-sc-1jd5f57-0 component__StyledAsInput-sc-1kpmik-4 jptQqM eJLlow styled__StyledInput-vtxwzb-3 lwMHo beans-quantity-controls__input beans-input" data-auto="beans-quantity-controls-input" autocomplete="off" id="quantity-controls-273824391" maxlength="2" name="newValue" type="number" aria-labelledby="quantity-controls-273824391-label" value="1"></div></div><button class="styled__BaseButton-rsekm1-0 styled__PrimaryButton-rsekm1-2 jChbeY geeWOF styled__StyledButton-vtxwzb-5 japAxb beans-quantity-controls__add-button beans-button__container" type="submit" data-auto="beans-quantity-controls-add-button" aria-label="Quantity of Diet Coke 24 X 330 Ml Pack"><span class="base-components__BaseElement-sc-1mosoyj-0 styled__InnerContainer-rsekm1-1 oznwo fuFres beans-button__inner-container"><span class="base-components__BaseElement-sc-1mosoyj-0 styled__TextSpan-rsekm1-4 oznwo GDiMp beans-button__text">Add</span></span></button></div></div></div></div></div><input name="_csrf" type="hidden" value="0WbpBJF9-cS-fAMl-ByHnl5hECj1JaZiBQ20"></form></div></div></div></div><div class="hidden-medium product-info-section-small"><div class="product-info-message-list"></div></div></div></div></div></div></li><li class="product-list--list-item"><div class="styles__StyledVerticalTileWrapper-dvv1wj-0 dtCNPH"><div data-auto="product-tile" data-auto-type="Quantity" data-auto-available="true" data-auto-is-restricted-disabled="false" data-auto-is-substitute="false" class="styles__StyledVerticalTile-dvv1wj-1 gSCsYK"><div class="styles__StyledTileContentWrapper-dvv1wj-2 bkNhNP beans"><div id="tile-311262415" data-auto-id="311262415" class="styles__StyledTiledContent-dvv1wj-3 bcglTg"><a href="https://www.tesco.com/groceries/en-GB/products/311262415" aria-hidden="true" class="product-image-wrapper" tabindex="1"><div class="product-image__container"><picture><img class="styled__Image-sjvkdn-0 bJErKA product-image beans-responsive-image__image" src="data:image/gif;base64,R0lGODlhAQABAAAAACH5BAEKAAEALAAAAAABAAEAAAICTAEAOw==" srcset="https://digitalcontent.api.tesco.com/v2/media/ghs/38d3411c-31df-4e9c-94f3-51fe52072fab/416a3a4b-349d-472e-a701-152c53d87ebf_1478775509.jpeg?h=225&amp;w=225 768w, data:image/gif;base64,R0lGODlhAQABAAAAACH5BAEKAAEALAAAAAABAAEAAAICTAEAOw== 4000w" alt="Nescafe Azera Americano Instant Coffee 90G"></picture></div></a><div class="product-details--wrapper"><h3 class="styles__H3-oa5soe-0 bCKNNq"><a href="https://www.tesco.com/groceries/en-GB/products/311262415" class="styled__Anchor-sc-1xbujuz-0 csVOnh beans-link__anchor" data-auto="product-tile--title"><span class="styled__Text-sc-1xbujuz-1 ldbwMG beans-link__text">Nescafe Azera Americano Instant Coffee 90G</span></a></h3><div class="styles__StyledPromotionsAboveMobile-dvv1wj-7 iPTMuo"></div><div class="styles__StyledProductDetailsContent-dvv1wj-5 ddRSrq"><a href="https://www.tesco.com/groceries/en-GB/reviews/submission/311262415?from=%2Fshop%2Fdrinks%2Fall" aria-label="Write a review for Nescafe Azera Americano Instant Coffee 90G" class="styled__Anchor-sc-1xbujuz-0 jSzuDt write-a-review-link beans-link__anchor" data-auto="review-link"><span class="styled__Text-sc-1xbujuz-1 fyDIEo beans-link__text">Write a review</span><span class="styled__IconContainer-sc-1xbujuz-2 bSauSL beans-link__icon-container"><svg aria-hidden="true" class="styled__SVG-xxa4wh-1 hQMCqc beans-link__icon beans-icon__svg" height="13.33" preserveAspectRatio="xMinYMax meet" viewBox="-1 0 12 20" width="8" xmlns="http://www.w3.org/2000/svg" color="currentColor"><path d="M1.312 1.348L10.276 10l-8.964 8.644" fill="none" stroke="currentColor"></path></svg></span></a><div><a href="https://www.tesco.com/groceries/en-GB/shop/drinks/coffee/premium-instant-coffee/premium-instant-coffee" class="styled__Anchor-sc-1xbujuz-0 jSzuDt rest-of-shelf-link beans-link__anchor" data-auto="rest-of-shelf-link"><span class="styled__Text-sc-1xbujuz-1 fyDIEo beans-link__text">Rest of <span class="visually-hidden">Premium Instant Coffee</span> shelf</span><span class="styled__IconContainer-sc-1xbujuz-2 bSauSL beans-link__icon-container"><svg aria-hidden="true" class="styled__SVG-xxa4wh-1 hQMCqc beans-link__icon beans-icon__svg" height="13.33" preserveAspectRatio="xMinYMax meet" viewBox="-1 0 12 20" width="8" xmlns="http://www.w3.org/2000/svg" color="currentColor"><path d="M1.312 1.348L10.276 10l-8.964 8.644" fill="none" stroke="currentColor"></path></svg></span></a></div><div class="product-info-message-section"><div class="product-info-message-list"></div></div></div><div class="styles__StyledBuyBoxWrapper-dvv1wj-4 dSvjUC"><div class="styles__StyledBuyBoxContainer-sc-1wx0qp6-0 erryje" data-auto="buybox-container"><div class="styles__SafeFormWrapper-jtpu2t-0 lcrYKS"><form action="https://www.tesco.com/groceries/en-GB/trolley/items/311262415?_method=PUT" method="POST"><input type="submit" class="hidden"><input name="id" type="hidden" value="311262415"><input name="identifier" type="hidden" value="Page"><input name="anchorId" type="hidden" value="#tile-311262415"><input name="returnUrl" type="hidden" value="/groceries/en-GB/shop/drinks/all?redirectIfUnavailable=true#tile-311262415"><input name="backToUrl" type="hidden" value="#"><input name="oldValue" type="hidden" value="0"><input name="oldUnitChoice" type="hidden" value="pcs"><input name="newUnitChoice" type="hidden" value="pcs"><div class="base-components__RootElement-sc-1mosoyj-1 styled__Container-sc-6nhkzi-0 jptQqM hSNpTb beans-buybox__container"><div class="base-components__BaseElement-sc-1mosoyj-0 styled__PriceAndActions-sc-6nhkzi-3 oznwo eEPLov beans-buybox__price-and-actions"><div class="base-components__RootElement-sc-1mosoyj-1 styled__Container-sc-8qlq5b-0 jptQqM bgZrjw styled__StyledPrice-sc-6nhkzi-5 iYHeik beans-buybox__price beans-price__container"><p class="styled__StyledHeading-sc-119w3hf-2 jWPEtj styled__Text-sc-8qlq5b-1 lnaeiZ beans-price__text">£5.49</p><p class="styled__StyledFootnote-sc-119w3hf-7 icrlVF styled__Subtext-sc-8qlq5b-2 bNJmdc beans-price__subtext">£6.10/100g</p></div><div class="base-components__RootElement-sc-1mosoyj-1 styled__Container-vtxwzb-0 jptQqM bDFhXJ beans-buybox__actions beans-quantity-controls__container"><div class="base-components__RootElement-sc-1mosoyj-1 styled__Container-sc-16t2b2a-0 jptQqM PUfgZ styled__StyledFormGroup-vtxwzb-1 kzKuAr beans-quantity-controls__form-group beans-form-group__container"><label class="styled__StyledLabel-sc-1ttuvhr-0 izGEjV beans-form-group__label beans-label" for="quantity-controls-311262415">Quantity controls </label><div class="base-components__BaseElement-sc-1mosoyj-0 styled__Children-sc-16t2b2a-3 oznwo gdJvjO beans-form-group__children"><div class="styled__StyledQuantityControlWrapper-vtxwzb-6 LCxOg"><label id="quantity-controls-311262415-label" class="styled__VisuallyHiddenLabel-vtxwzb-7 gXlLiM">Quantity of Nescafe Azera Americano Instant Coffee 90G</label><div class="component__Wrapper-sc-1kpmik-3 dReplG input-wrapper"><input class="base-components__RootElement-sc-1mosoyj-1 styled__StyledInput-sc-1jd5f57-0 component__StyledAsInput-sc-1kpmik-4 jptQqM eJLlow styled__StyledInput-vtxwzb-3 lwMHo beans-quantity-controls__input beans-input" data-auto="beans-quantity-controls-input" autocomplete="off" id="quantity-controls-311262415" maxlength="2" name="newValue" type="number" aria-labelledby="quantity-controls-311262415-label" value="1"></div></div><button class="styled__BaseButton-rsekm1-0 styled__PrimaryButton-rsekm1-2 jChbeY geeWOF styled__StyledButton-vtxwzb-5 japAxb beans-quantity-controls__add-button beans-button__container" type="submit" data-auto="beans-quantity-controls-add-button" aria-label="Quantity of Nescafe Azera Americano Instant Coffee 90G"><span class="base-components__BaseElement-sc-1mosoyj-0 styled__InnerContainer-rsekm1-1 oznwo fuFres beans-button__inner-container"><span class="base-components__BaseElement-sc-1mosoyj-0 styled__TextSpan-rsekm1-4 oznwo GDiMp beans-button__text">Add</span></span></button></div></div></div></div></div><input name="_csrf" type="hidden" value="0WbpBJF9-cS-fAMl-ByHnl5hECj1JaZiBQ20"></form></div></div></div></div><div class="hidden-medium product-info-section-small"><div class="product-info-message-list"></div></div></div></div></div></div></li><li class="product-list--list-item"><div class="styles__StyledVerticalTileWrapper-dvv1wj-0 dtCNPH"><div data-auto="product-tile" data-auto-type="Quantity" data-auto-available="true" data-auto-is-restricted-disabled="false" data-auto-is-substitute="false" class="styles__StyledVerticalTile-dvv1wj-1 gSCsYK"><div class="styles__StyledTileContentWrapper-dvv1wj-2 bkNhNP beans"><div id="tile-300742890" data-auto-id="300742890" class="styles__StyledTiledContent-dvv1wj-3 bcglTg"><a href="https://www.tesco.com/groceries/en-GB/products/300742890" aria-hidden="true" class="product-image-wrapper" tabindex="1"><div class="product-image__container"><picture><img class="styled__Image-sjvkdn-0 bJErKA product-image beans-responsive-image__image" src="data:image/gif;base64,R0lGODlhAQABAAAAACH5BAEKAAEALAAAAAABAAEAAAICTAEAOw==" srcset="https://digitalcontent.api.tesco.com/v2/media/ghs/d77939d1-ce83-4b54-a85c-d71ae2c033c3/85c924c3-1bf4-41ac-b2d4-c96bff78b0e4_542071886.jpeg?h=225&amp;w=225 768w, data:image/gif;base64,R0lGODlhAQABAAAAACH5BAEKAAEALAAAAAABAAEAAAICTAEAOw== 4000w" alt="Ice Valley Spring Water Still 24X500ml"></picture></div></a><div class="product-details--wrapper"><h3 class="styles__H3-oa5soe-0 bCKNNq"><a href="https://www.tesco.com/groceries/en-GB/products/300742890" class="styled__Anchor-sc-1xbujuz-0 csVOnh beans-link__anchor" data-auto="product-tile--title"><span class="styled__Text-sc-1xbujuz-1 ldbwMG beans-link__text">Ice Valley Spring Water Still 24X500ml</span></a></h3><div class="styles__StyledPromotionsAboveMobile-dvv1wj-7 iPTMuo"></div><div class="styles__StyledProductDetailsContent-dvv1wj-5 ddRSrq"><a href="https://www.tesco.com/groceries/en-GB/reviews/submission/300742890?from=%2Fshop%2Fdrinks%2Fall" aria-label="Write a review for Ice Valley Spring Water Still 24X500ml" class="styled__Anchor-sc-1xbujuz-0 jSzuDt write-a-review-link beans-link__anchor" data-auto="review-link"><span class="styled__Text-sc-1xbujuz-1 fyDIEo beans-link__text">Write a review</span><span class="styled__IconContainer-sc-1xbujuz-2 bSauSL beans-link__icon-container"><svg aria-hidden="true" class="styled__SVG-xxa4wh-1 hQMCqc beans-link__icon beans-icon__svg" height="13.33" preserveAspectRatio="xMinYMax meet" viewBox="-1 0 12 20" width="8" xmlns="http://www.w3.org/2000/svg" color="currentColor"><path d="M1.312 1.348L10.276 10l-8.964 8.644" fill="none" stroke="currentColor"></path></svg></span></a><div><a href="https://www.tesco.com/groceries/en-GB/shop/drinks/water/still-water/small-still-water" class="styled__Anchor-sc-1xbujuz-0 jSzuDt rest-of-shelf-link beans-link__anchor" data-auto="rest-of-shelf-link"><span class="styled__Text-sc-1xbujuz-1 fyDIEo beans-link__text">Rest of <span class="visually-hidden">Small Still Water</span> shelf</span><span class="styled__IconContainer-sc-1xbujuz-2 bSauSL beans-link__icon-container"><svg aria-hidden="true" class="styled__SVG-xxa4wh-1 hQMCqc beans-link__icon beans-icon__svg" height="13.33" preserveAspectRatio="xMinYMax meet" viewBox="-1 0 12 20" width="8" xmlns="http://www.w3.org/2000/svg" color="currentColor"><path d="M1.312 1.348L10.276 10l-8.964 8.644" fill="none" stroke="currentColor"></path></svg></span></a></div><div class="product-info-message-section"><div class="product-info-message-list"></div></div></div><div class="styles__StyledBuyBoxWrapper-dvv1wj-4 dSvjUC"><div class="styles__StyledBuyBoxContainer-sc-1wx0qp6-0 erryje" data-auto="buybox-container"><div class="styles__SafeFormWrapper-jtpu2t-0 lcrYKS"><form action="https://www.tesco.com/groceries/en-GB/trolley/items/300742890?_method=PUT" method="POST"><input type="submit" class="hidden"><input name="id" type="hidden" value="300742890"><input name="identifier" type="hidden" value="Page"><input name="anchorId" type="hidden" value="#tile-300742890"><input name="returnUrl" type="hidden" value="/groceries/en-GB/shop/drinks/all?redirectIfUnavailable=true#tile-300742890"><input name="backToUrl" type="hidden" value="#"><input name="oldValue" type="hidden" value="0"><input name="oldUnitChoice" type="hidden" value="pcs"><input name="newUnitChoice" type="hidden" value="pcs"><div class="base-components__RootElement-sc-1mosoyj-1 styled__Container-sc-6nhkzi-0 jptQqM hSNpTb beans-buybox__container"><div class="base-components__BaseElement-sc-1mosoyj-0 styled__PriceAndActions-sc-6nhkzi-3 oznwo eEPLov beans-buybox__price-and-actions"><div class="base-components__RootElement-sc-1mosoyj-1 styled__Container-sc-8qlq5b-0 jptQqM bgZrjw styled__StyledPrice-sc-6nhkzi-5 iYHeik beans-buybox__price beans-price__container"><p class="styled__StyledHeading-sc-119w3hf-2 jWPEtj styled__Text-sc-8qlq5b-1 lnaeiZ beans-price__text">£3.50</p><p class="styled__StyledFootnote-sc-119w3hf-7 icrlVF styled__Subtext-sc-8qlq5b-2 bNJmdc beans-price__subtext">£0.03/100ml</p></div><div class="base-components__RootElement-sc-1mosoyj-1 styled__Container-vtxwzb-0 jptQqM bDFhXJ beans-buybox__actions beans-quantity-controls__container"><div class="base-components__RootElement-sc-1mosoyj-1 styled__Container-sc-16t2b2a-0 jptQqM PUfgZ styled__StyledFormGroup-vtxwzb-1 kzKuAr beans-quantity-controls__form-group beans-form-group__container"><label class="styled__StyledLabel-sc-1ttuvhr-0 izGEjV beans-form-group__label beans-label" for="quantity-controls-300742890">Quantity controls </label><div class="base-components__BaseElement-sc-1mosoyj-0 styled__Children-sc-16t2b2a-3 oznwo gdJvjO beans-form-group__children"><div class="styled__StyledQuantityControlWrapper-vtxwzb-6 LCxOg"><label id="quantity-controls-300742890-label" class="styled__VisuallyHiddenLabel-vtxwzb-7 gXlLiM">Quantity of Ice Valley Spring Water Still 24X500ml</label><div class="component__Wrapper-sc-1kpmik-3 dReplG input-wrapper"><input class="base-components__RootElement-sc-1mosoyj-1 styled__StyledInput-sc-1jd5f57-0 component__StyledAsInput-sc-1kpmik-4 jptQqM eJLlow styled__StyledInput-vtxwzb-3 lwMHo beans-quantity-controls__input beans-input" data-auto="beans-quantity-controls-input" autocomplete="off" id="quantity-controls-300742890" maxlength="2" name="newValue" type="number" aria-labelledby="quantity-controls-300742890-label" value="1"></div></div><button class="styled__BaseButton-rsekm1-0 styled__PrimaryButton-rsekm1-2 jChbeY geeWOF styled__StyledButton-vtxwzb-5 japAxb beans-quantity-controls__add-button beans-button__container" type="submit" data-auto="beans-quantity-controls-add-button" aria-label="Quantity of Ice Valley Spring Water Still 24X500ml"><span class="base-components__BaseElement-sc-1mosoyj-0 styled__InnerContainer-rsekm1-1 oznwo fuFres beans-button__inner-container"><span class="base-components__BaseElement-sc-1mosoyj-0 styled__TextSpan-rsekm1-4 oznwo GDiMp beans-button__text">Add</span></span></button></div></div></div></div></div><input name="_csrf" type="hidden" value="0WbpBJF9-cS-fAMl-ByHnl5hECj1JaZiBQ20"></form></div></div></div></div><div class="hidden-medium product-info-section-small"><div class="product-info-message-list"></div></div></div></div></div></div></li><li class="product-list--list-item"><div class="styles__StyledVerticalTileWrapper-dvv1wj-0 dtCNPH"><div data-auto="product-tile" data-auto-type="Quantity" data-auto-available="true" data-auto-is-restricted-disabled="false" data-auto-is-substitute="false" class="styles__StyledVerticalTile-dvv1wj-1 gSCsYK"><div class="styles__StyledTileContentWrapper-dvv1wj-2 bkNhNP beans"><div id="tile-260527054" data-auto-id="260527054" class="styles__StyledTiledContent-dvv1wj-3 bcglTg"><a href="https://www.tesco.com/groceries/en-GB/products/260527054" aria-hidden="true" class="product-image-wrapper" tabindex="1"><div class="product-image__container"><picture><img class="styled__Image-sjvkdn-0 bJErKA product-image beans-responsive-image__image" src="data:image/gif;base64,R0lGODlhAQABAAAAACH5BAEKAAEALAAAAAABAAEAAAICTAEAOw==" srcset="https://digitalcontent.api.tesco.com/v2/media/ghs/671dd329-6102-4ec7-8b0b-fbc644dbdd18/3c180d57-c14a-463a-bcf9-4a46fd5ddb9c_374740790.jpeg?h=225&amp;w=225 768w, data:image/gif;base64,R0lGODlhAQABAAAAACH5BAEKAAEALAAAAAABAAEAAAICTAEAOw== 4000w" alt="Coke Zero 10 X 330Ml"></picture></div></a><div class="product-details--wrapper"><h3 class="styles__H3-oa5soe-0 bCKNNq"><a href="https://www.tesco.com/groceries/en-GB/products/260527054" class="styled__Anchor-sc-1xbujuz-0 csVOnh beans-link__anchor" data-auto="product-tile--title"><span class="styled__Text-sc-1xbujuz-1 ldbwMG beans-link__text">Coke Zero 10 X 330Ml</span></a></h3><div class="styles__StyledProductDetailsContent-dvv1wj-5 ddRSrq"><a href="https://www.tesco.com/groceries/en-GB/reviews/submission/260527054?from=%2Fshop%2Fdrinks%2Fall" aria-label="Write a review for Coke Zero 10 X 330Ml" class="styled__Anchor-sc-1xbujuz-0 jSzuDt write-a-review-link beans-link__anchor" data-auto="review-link"><span class="styled__Text-sc-1xbujuz-1 fyDIEo beans-link__text">Write a review</span><span class="styled__IconContainer-sc-1xbujuz-2 bSauSL beans-link__icon-container"><svg aria-hidden="true" class="styled__SVG-xxa4wh-1 hQMCqc beans-link__icon beans-icon__svg" height="13.33" preserveAspectRatio="xMinYMax meet" viewBox="-1 0 12 20" width="8" xmlns="http://www.w3.org/2000/svg" color="currentColor"><path d="M1.312 1.348L10.276 10l-8.964 8.644" fill="none" stroke="currentColor"></path></svg></span></a><div><a href="https://www.tesco.com/groceries/en-GB/shop/drinks/fizzy-and-soft-drinks/cola/sugar-free-cola" class="styled__Anchor-sc-1xbujuz-0 jSzuDt rest-of-shelf-link beans-link__anchor" data-auto="rest-of-shelf-link"><span class="styled__Text-sc-1xbujuz-1 fyDIEo beans-link__text">Rest of <span class="visually-hidden">Sugar Free Cola</span> shelf</span><span class="styled__IconContainer-sc-1xbujuz-2 bSauSL beans-link__icon-container"><svg aria-hidden="true" class="styled__SVG-xxa4wh-1 hQMCqc beans-link__icon beans-icon__svg" height="13.33" preserveAspectRatio="xMinYMax meet" viewBox="-1 0 12 20" width="8" xmlns="http://www.w3.org/2000/svg" color="currentColor"><path d="M1.312 1.348L10.276 10l-8.964 8.644" fill="none" stroke="currentColor"></path></svg></span></a></div><div class="product-info-message-section"><div class="product-info-message-list"></div></div></div><div class="styles__StyledPromotionsWithBuyBoxWrapper-dvv1wj-8 cZskDh"><div class="styles__StyledPromotionsAboveMobile-dvv1wj-7 iPTMuo"><div class="styles__StyledPromotionsWithClubcardPriceContainer-sc-1vdpoop-0 bsPFbn"><div class="styles__StyledClubcardLogo-sc-1vdpoop-2 elOZEB"><div class="styles__Wrapper-sc-1d2phhy-0 hgBuQG undefined special-offer-sash"><span class="styles__CircleWrapper-sc-1d2phhy-2 hCbzjm"><strong class="styles__TextWrapper-sc-1d2phhy-1 bLXNGg">Clubcard Price</strong></span></div></div><a href="https://www.tesco.com/groceries/en-GB/promotions/88592432"><div class="styles__ProductPromotionStyling-sc-1vdpoop-3 WGKAK"><div class="styles__StyledPromotionsOfferContent-sc-1vdpoop-1 cPSekc"><span class="offer-text">Any 2 for £7 Clubcard Price - Selected Diet Coke Or Coca Cola 10x330ml</span></div><span class="dates">Offer valid for delivery from 16/11/2022 until 06/12/2022</span></div></a></div></div><div class="styles__StyledBuyBoxWrapper-dvv1wj-4 dSvjUC"><div class="styles__StyledBuyBoxContainer-sc-1wx0qp6-0 erryje" data-auto="buybox-container"><div class="styles__SafeFormWrapper-jtpu2t-0 lcrYKS"><form action="https://www.tesco.com/groceries/en-GB/trolley/items/260527054?_method=PUT" method="POST"><input type="submit" class="hidden"><input name="id" type="hidden" value="260527054"><input name="identifier" type="hidden" value="Page"><input name="anchorId" type="hidden" value="#tile-260527054"><input name="returnUrl" type="hidden" value="/groceries/en-GB/shop/drinks/all?redirectIfUnavailable=true#tile-260527054"><input name="backToUrl" type="hidden" value="#"><input name="oldValue" type="hidden" value="0"><input name="oldUnitChoice" type="hidden" value="pcs"><input name="newUnitChoice" type="hidden" value="pcs"><div class="base-components__RootElement-sc-1mosoyj-1 styled__Container-sc-6nhkzi-0 jptQqM hSNpTb beans-buybox__container"><div class="base-components__BaseElement-sc-1mosoyj-0 styled__PriceAndActions-sc-6nhkzi-3 oznwo eEPLov beans-buybox__price-and-actions"><div class="base-components__RootElement-sc-1mosoyj-1 styled__Container-sc-8qlq5b-0 jptQqM bgZrjw styled__StyledPrice-sc-6nhkzi-5 iYHeik beans-buybox__price beans-price__container"><p class="styled__StyledHeading-sc-119w3hf-2 jWPEtj styled__Text-sc-8qlq5b-1 lnaeiZ beans-price__text">£4.69</p><p class="styled__StyledFootnote-sc-119w3hf-7 icrlVF styled__Subtext-sc-8qlq5b-2 bNJmdc beans-price__subtext">£0.14/100ml</p></div><div class="base-components__RootElement-sc-1mosoyj-1 styled__Container-vtxwzb-0 jptQqM bDFhXJ beans-buybox__actions beans-quantity-controls__container"><div class="base-components__RootElement-sc-1mosoyj-1 styled__Container-sc-16t2b2a-0 jptQqM PUfgZ styled__StyledFormGroup-vtxwzb-1 kzKuAr beans-quantity-controls__form-group beans-form-group__container"><label class="styled__StyledLabel-sc-1ttuvhr-0 izGEjV beans-form-group__label beans-label" for="quantity-controls-260527054">Quantity controls </label><div class="base-components__BaseElement-sc-1mosoyj-0 styled__Children-sc-16t2b2a-3 oznwo gdJvjO beans-form-group__children"><div class="styled__StyledQuantityControlWrapper-vtxwzb-6 LCxOg"><label id="quantity-controls-260527054-label" class="styled__VisuallyHiddenLabel-vtxwzb-7 gXlLiM">Quantity of Coke Zero 10 X 330Ml</label><div class="component__Wrapper-sc-1kpmik-3 dReplG input-wrapper"><input class="base-components__RootElement-sc-1mosoyj-1 styled__StyledInput-sc-1jd5f57-0 component__StyledAsInput-sc-1kpmik-4 jptQqM eJLlow styled__StyledInput-vtxwzb-3 lwMHo beans-quantity-controls__input beans-input" data-auto="beans-quantity-controls-input" autocomplete="off" id="quantity-controls-260527054" maxlength="2" name="newValue" type="number" aria-labelledby="quantity-controls-260527054-label" value="1"></div></div><button class="styled__BaseButton-rsekm1-0 styled__PrimaryButton-rsekm1-2 jChbeY geeWOF styled__StyledButton-vtxwzb-5 japAxb beans-quantity-controls__add-button beans-button__container" type="submit" data-auto="beans-quantity-controls-add-button" aria-label="Quantity of Coke Zero 10 X 330Ml"><span class="base-components__BaseElement-sc-1mosoyj-0 styled__InnerContainer-rsekm1-1 oznwo fuFres beans-button__inner-container"><span class="base-components__BaseElement-sc-1mosoyj-0 styled__TextSpan-rsekm1-4 oznwo GDiMp beans-button__text">Add</span></span></button></div></div></div></div></div><input name="_csrf" type="hidden" value="0WbpBJF9-cS-fAMl-ByHnl5hECj1JaZiBQ20"></form></div></div></div></div></div><div class="hidden-medium product-info-section-small"><div class="product-info-message-list"></div></div></div><div class="styles__StyledPromotionsMobile-dvv1wj-6 Bxaeb"><div><div class="styles__StyledPromotionsWithClubcardPriceContainer-sc-1vdpoop-0 bsPFbn"><div class="styles__StyledClubcardLogo-sc-1vdpoop-2 elOZEB"><div class="styles__Wrapper-sc-1d2phhy-0 hgBuQG undefined special-offer-sash"><span class="styles__CircleWrapper-sc-1d2phhy-2 hCbzjm"><strong class="styles__TextWrapper-sc-1d2phhy-1 bLXNGg">Clubcard Price</strong></span></div></div><a href="https://www.tesco.com/groceries/en-GB/promotions/88592432"><div class="styles__ProductPromotionStyling-sc-1vdpoop-3 WGKAK"><div class="styles__StyledPromotionsOfferContent-sc-1vdpoop-1 cPSekc"><span class="offer-text">Any 2 for £7 Clubcard Price - Selected Diet Coke Or Coca Cola 10x330ml</span></div><span class="dates">Offer valid for delivery from 16/11/2022 until 06/12/2022</span></div></a></div></div></div></div></div></div></li><li class="product-list--list-item"><div class="styles__StyledVerticalTileWrapper-dvv1wj-0 dtCNPH"><div data-auto="product-tile" data-auto-type="Quantity" data-auto-available="true" data-auto-is-restricted-disabled="false" data-auto-is-substitute="false" class="styles__StyledVerticalTile-dvv1wj-1 gSCsYK"><div class="styles__StyledTileContentWrapper-dvv1wj-2 bkNhNP beans"><div id="tile-258016892" data-auto-id="258016892" class="styles__StyledTiledContent-dvv1wj-3 bcglTg"><a href="https://www.tesco.com/groceries/en-GB/products/258016892" aria-hidden="true" class="product-image-wrapper" tabindex="1"><div class="product-image__container"><picture><img class="styled__Image-sjvkdn-0 bJErKA product-image beans-responsive-image__image" src="data:image/gif;base64,R0lGODlhAQABAAAAACH5BAEKAAEALAAAAAABAAEAAAICTAEAOw==" srcset="https://digitalcontent.api.tesco.com/v2/media/ghs/7eded843-bab9-493f-993b-306c7aeb5daf/snapshotimagehandler_1400660883.jpeg?h=225&amp;w=225 768w, data:image/gif;base64,R0lGODlhAQABAAAAACH5BAEKAAEALAAAAAABAAEAAAICTAEAOw== 4000w" alt="Tesco Ashbeck 5Ltr"></picture></div></a><div class="product-details--wrapper"><h3 class="styles__H3-oa5soe-0 bCKNNq"><a href="https://www.tesco.com/groceries/en-GB/products/258016892" class="styled__Anchor-sc-1xbujuz-0 csVOnh beans-link__anchor" data-auto="product-tile--title"><span class="styled__Text-sc-1xbujuz-1 ldbwMG beans-link__text">Tesco Ashbeck 5Ltr</span></a></h3><div class="styles__StyledPromotionsAboveMobile-dvv1wj-7 iPTMuo"></div><div class="styles__StyledProductDetailsContent-dvv1wj-5 ddRSrq"><a href="https://www.tesco.com/groceries/en-GB/reviews/submission/258016892?from=%2Fshop%2Fdrinks%2Fall" aria-label="Write a review for Tesco Ashbeck 5Ltr" class="styled__Anchor-sc-1xbujuz-0 jSzuDt write-a-review-link beans-link__anchor" data-auto="review-link"><span class="styled__Text-sc-1xbujuz-1 fyDIEo beans-link__text">Write a review</span><span class="styled__IconContainer-sc-1xbujuz-2 bSauSL beans-link__icon-container"><svg aria-hidden="true" class="styled__SVG-xxa4wh-1 hQMCqc beans-link__icon beans-icon__svg" height="13.33" preserveAspectRatio="xMinYMax meet" viewBox="-1 0 12 20" width="8" xmlns="http://www.w3.org/2000/svg" color="currentColor"><path d="M1.312 1.348L10.276 10l-8.964 8.644" fill="none" stroke="currentColor"></path></svg></span></a><div><a href="https://www.tesco.com/groceries/en-GB/shop/drinks/water/still-water/large-still-water" class="styled__Anchor-sc-1xbujuz-0 jSzuDt rest-of-shelf-link beans-link__anchor" data-auto="rest-of-shelf-link"><span class="styled__Text-sc-1xbujuz-1 fyDIEo beans-link__text">Rest of <span class="visually-hidden">Large Still Water</span> shelf</span><span class="styled__IconContainer-sc-1xbujuz-2 bSauSL beans-link__icon-container"><svg aria-hidden="true" class="styled__SVG-xxa4wh-1 hQMCqc beans-link__icon beans-icon__svg" height="13.33" preserveAspectRatio="xMinYMax meet" viewBox="-1 0 12 20" width="8" xmlns="http://www.w3.org/2000/svg" color="currentColor"><path d="M1.312 1.348L10.276 10l-8.964 8.644" fill="none" stroke="currentColor"></path></svg></span></a></div><div class="product-info-message-section"><div class="product-info-message-list"></div></div></div><div class="styles__StyledBuyBoxWrapper-dvv1wj-4 dSvjUC"><div class="styles__StyledBuyBoxContainer-sc-1wx0qp6-0 erryje" data-auto="buybox-container"><div class="styles__SafeFormWrapper-jtpu2t-0 lcrYKS"><form action="https://www.tesco.com/groceries/en-GB/trolley/items/258016892?_method=PUT" method="POST"><input type="submit" class="hidden"><input name="id" type="hidden" value="258016892"><input name="identifier" type="hidden" value="Page"><input name="anchorId" type="hidden" value="#tile-258016892"><input name="returnUrl" type="hidden" value="/groceries/en-GB/shop/drinks/all?redirectIfUnavailable=true#tile-258016892"><input name="backToUrl" type="hidden" value="#"><input name="oldValue" type="hidden" value="0"><input name="oldUnitChoice" type="hidden" value="pcs"><input name="newUnitChoice" type="hidden" value="pcs"><div class="base-components__RootElement-sc-1mosoyj-1 styled__Container-sc-6nhkzi-0 jptQqM hSNpTb beans-buybox__container"><div class="base-components__BaseElement-sc-1mosoyj-0 styled__PriceAndActions-sc-6nhkzi-3 oznwo eEPLov beans-buybox__price-and-actions"><div class="base-components__RootElement-sc-1mosoyj-1 styled__Container-sc-8qlq5b-0 jptQqM bgZrjw styled__StyledPrice-sc-6nhkzi-5 iYHeik beans-buybox__price beans-price__container"><p class="styled__StyledHeading-sc-119w3hf-2 jWPEtj styled__Text-sc-8qlq5b-1 lnaeiZ beans-price__text">£1.35</p><p class="styled__StyledFootnote-sc-119w3hf-7 icrlVF styled__Subtext-sc-8qlq5b-2 bNJmdc beans-price__subtext">£0.03/100ml</p></div><div class="base-components__RootElement-sc-1mosoyj-1 styled__Container-vtxwzb-0 jptQqM bDFhXJ beans-buybox__actions beans-quantity-controls__container"><div class="base-components__RootElement-sc-1mosoyj-1 styled__Container-sc-16t2b2a-0 jptQqM PUfgZ styled__StyledFormGroup-vtxwzb-1 kzKuAr beans-quantity-controls__form-group beans-form-group__container"><label class="styled__StyledLabel-sc-1ttuvhr-0 izGEjV beans-form-group__label beans-label" for="quantity-controls-258016892">Quantity controls </label><div class="base-components__BaseElement-sc-1mosoyj-0 styled__Children-sc-16t2b2a-3 oznwo gdJvjO beans-form-group__children"><div class="styled__StyledQuantityControlWrapper-vtxwzb-6 LCxOg"><label id="quantity-controls-258016892-label" class="styled__VisuallyHiddenLabel-vtxwzb-7 gXlLiM">Quantity of Tesco Ashbeck 5Ltr</label><div class="component__Wrapper-sc-1kpmik-3 dReplG input-wrapper"><input class="base-components__RootElement-sc-1mosoyj-1 styled__StyledInput-sc-1jd5f57-0 component__StyledAsInput-sc-1kpmik-4 jptQqM eJLlow styled__StyledInput-vtxwzb-3 lwMHo beans-quantity-controls__input beans-input" data-auto="beans-quantity-controls-input" autocomplete="off" id="quantity-controls-258016892" maxlength="2" name="newValue" type="number" aria-labelledby="quantity-controls-258016892-label" value="1"></div></div><button class="styled__BaseButton-rsekm1-0 styled__PrimaryButton-rsekm1-2 jChbeY geeWOF styled__StyledButton-vtxwzb-5 japAxb beans-quantity-controls__add-button beans-button__container" type="submit" data-auto="beans-quantity-controls-add-button" aria-label="Quantity of Tesco Ashbeck 5Ltr"><span class="base-components__BaseElement-sc-1mosoyj-0 styled__InnerContainer-rsekm1-1 oznwo fuFres beans-button__inner-container"><span class="base-components__BaseElement-sc-1mosoyj-0 styled__TextSpan-rsekm1-4 oznwo GDiMp beans-button__text">Add</span></span></button></div></div></div></div></div><input name="_csrf" type="hidden" value="0WbpBJF9-cS-fAMl-ByHnl5hECj1JaZiBQ20"></form></div></div></div></div><div class="hidden-medium product-info-section-small"><div class="product-info-message-list"></div></div></div></div></div></div></li><li class="product-list--list-item"><div class="styles__StyledVerticalTileWrapper-dvv1wj-0 dtCNPH"><div data-auto="product-tile" data-auto-type="Quantity" data-auto-available="true" data-auto-is-restricted-disabled="false" data-auto-is-substitute="false" class="styles__StyledVerticalTile-dvv1wj-1 gSCsYK"><div class="styles__StyledTileContentWrapper-dvv1wj-2 bkNhNP beans"><div id="tile-262309747" data-auto-id="262309747" class="styles__StyledTiledContent-dvv1wj-3 bcglTg"><a href="https://www.tesco.com/groceries/en-GB/products/262309747" aria-hidden="true" class="product-image-wrapper" tabindex="1"><div class="product-image__container"><picture><img class="styled__Image-sjvkdn-0 bJErKA product-image beans-responsive-image__image" src="data:image/gif;base64,R0lGODlhAQABAAAAACH5BAEKAAEALAAAAAABAAEAAAICTAEAOw==" srcset="https://digitalcontent.api.tesco.com/v2/media/ghs/eec1da1a-e880-441e-8a40-8fafe325e9db/a0a4568a-8ace-4079-8b95-812111310a0c.jpeg?h=225&amp;w=225 768w, data:image/gif;base64,R0lGODlhAQABAAAAACH5BAEKAAEALAAAAAABAAEAAAICTAEAOw== 4000w" alt="Tesco Finest Prosecco Doc 75Cl"></picture></div></a><div class="product-details--wrapper"><h3 class="styles__H3-oa5soe-0 bCKNNq"><a href="https://www.tesco.com/groceries/en-GB/products/262309747" class="styled__Anchor-sc-1xbujuz-0 csVOnh beans-link__anchor" data-auto="product-tile--title"><span class="styled__Text-sc-1xbujuz-1 ldbwMG beans-link__text">Tesco Finest Prosecco Doc 75Cl</span></a></h3><div class="styles__StyledProductDetailsContent-dvv1wj-5 ddRSrq"><a href="https://www.tesco.com/groceries/en-GB/reviews/submission/262309747?from=%2Fshop%2Fdrinks%2Fall" aria-label="Write a review for Tesco Finest Prosecco Doc 75Cl" class="styled__Anchor-sc-1xbujuz-0 jSzuDt write-a-review-link beans-link__anchor" data-auto="review-link"><span class="styled__Text-sc-1xbujuz-1 fyDIEo beans-link__text">Write a review</span><span class="styled__IconContainer-sc-1xbujuz-2 bSauSL beans-link__icon-container"><svg aria-hidden="true" class="styled__SVG-xxa4wh-1 hQMCqc beans-link__icon beans-icon__svg" height="13.33" preserveAspectRatio="xMinYMax meet" viewBox="-1 0 12 20" width="8" xmlns="http://www.w3.org/2000/svg" color="currentColor"><path d="M1.312 1.348L10.276 10l-8.964 8.644" fill="none" stroke="currentColor"></path></svg></span></a><div><a href="https://www.tesco.com/groceries/en-GB/shop/drinks/wine/prosecco-champagne-and-sparkling-wine/prosecco" class="styled__Anchor-sc-1xbujuz-0 jSzuDt rest-of-shelf-link beans-link__anchor" data-auto="rest-of-shelf-link"><span class="styled__Text-sc-1xbujuz-1 fyDIEo beans-link__text">Rest of <span class="visually-hidden">Prosecco</span> shelf</span><span class="styled__IconContainer-sc-1xbujuz-2 bSauSL beans-link__icon-container"><svg aria-hidden="true" class="styled__SVG-xxa4wh-1 hQMCqc beans-link__icon beans-icon__svg" height="13.33" preserveAspectRatio="xMinYMax meet" viewBox="-1 0 12 20" width="8" xmlns="http://www.w3.org/2000/svg" color="currentColor"><path d="M1.312 1.348L10.276 10l-8.964 8.644" fill="none" stroke="currentColor"></path></svg></span></a></div><div class="product-info-message-section"><div class="product-info-message-list"><ul><li><div data-auto="info-message" class="product-info-message"><p>*Drinkaware.co.uk 18+ Excludes Wine Route, boxed/fortified wine, bottles under £5 in England and NI or £7 in Wales &amp; bottles under 200ml. Minimum unit pricing applies in Wales. Max. 36 bottles. Excludes Express, Scotland &amp; Whoosh. Ends 28/11/22.</p></div></li></ul></div></div></div><div class="styles__StyledPromotionsWithBuyBoxWrapper-dvv1wj-8 cZskDh"><div class="styles__StyledPromotionsAboveMobile-dvv1wj-7 iPTMuo"><div class="styles__StyledPromotionsWithClubcardPriceContainer-sc-1vdpoop-0 bsPFbn"><div class="styles__StyledClubcardLogo-sc-1vdpoop-2 elOZEB"><div class="styles__Wrapper-sc-1d2phhy-0 hgBuQG undefined special-offer-sash"><span class="styles__CircleWrapper-sc-1d2phhy-2 hCbzjm"><strong class="styles__TextWrapper-sc-1d2phhy-1 bLXNGg">Clubcard Price</strong></span></div></div><a href="https://www.tesco.com/groceries/en-GB/promotions/88615253"><div class="styles__ProductPromotionStyling-sc-1vdpoop-3 WGKAK"><div class="styles__StyledPromotionsOfferContent-sc-1vdpoop-1 cPSekc"><span class="offer-text">Buy 6 or more Save 25% Clubcard Price - Save 25% On Selected Wines When You Buy 6 + Bottles</span></div><span class="dates">Offer valid for delivery from 18/11/2022 until 28/11/2022</span></div></a></div></div><div class="styles__StyledBuyBoxWrapper-dvv1wj-4 dSvjUC"><div class="styles__StyledBuyBoxContainer-sc-1wx0qp6-0 erryje" data-auto="buybox-container"><div class="styles__SafeFormWrapper-jtpu2t-0 lcrYKS"><form action="https://www.tesco.com/groceries/en-GB/trolley/items/262309747?_method=PUT" method="POST"><input type="submit" class="hidden"><input name="id" type="hidden" value="262309747"><input name="identifier" type="hidden" value="Page"><input name="anchorId" type="hidden" value="#tile-262309747"><input name="returnUrl" type="hidden" value="/groceries/en-GB/shop/drinks/all?redirectIfUnavailable=true#tile-262309747"><input name="backToUrl" type="hidden" value="#"><input name="oldValue" type="hidden" value="0"><input name="oldUnitChoice" type="hidden" value="pcs"><input name="newUnitChoice" type="hidden" value="pcs"><div class="base-components__RootElement-sc-1mosoyj-1 styled__Container-sc-6nhkzi-0 jptQqM hSNpTb beans-buybox__container"><div class="base-components__BaseElement-sc-1mosoyj-0 styled__PriceAndActions-sc-6nhkzi-3 oznwo eEPLov beans-buybox__price-and-actions"><div class="base-components__RootElement-sc-1mosoyj-1 styled__Container-sc-8qlq5b-0 jptQqM bgZrjw styled__StyledPrice-sc-6nhkzi-5 iYHeik beans-buybox__price beans-price__container"><p class="styled__StyledHeading-sc-119w3hf-2 jWPEtj styled__Text-sc-8qlq5b-1 lnaeiZ beans-price__text">£8.50</p><p class="styled__StyledFootnote-sc-119w3hf-7 icrlVF styled__Subtext-sc-8qlq5b-2 bNJmdc beans-price__subtext">£8.50/75cl</p></div><div class="base-components__RootElement-sc-1mosoyj-1 styled__Container-vtxwzb-0 jptQqM bDFhXJ beans-buybox__actions beans-quantity-controls__container"><div class="base-components__RootElement-sc-1mosoyj-1 styled__Container-sc-16t2b2a-0 jptQqM PUfgZ styled__StyledFormGroup-vtxwzb-1 kzKuAr beans-quantity-controls__form-group beans-form-group__container"><label class="styled__StyledLabel-sc-1ttuvhr-0 izGEjV beans-form-group__label beans-label" for="quantity-controls-262309747">Quantity controls </label><div class="base-components__BaseElement-sc-1mosoyj-0 styled__Children-sc-16t2b2a-3 oznwo gdJvjO beans-form-group__children"><div class="styled__StyledQuantityControlWrapper-vtxwzb-6 LCxOg"><label id="quantity-controls-262309747-label" class="styled__VisuallyHiddenLabel-vtxwzb-7 gXlLiM">Quantity of Tesco Finest Prosecco Doc 75Cl</label><div class="component__Wrapper-sc-1kpmik-3 dReplG input-wrapper"><input class="base-components__RootElement-sc-1mosoyj-1 styled__StyledInput-sc-1jd5f57-0 component__StyledAsInput-sc-1kpmik-4 jptQqM eJLlow styled__StyledInput-vtxwzb-3 lwMHo beans-quantity-controls__input beans-input" data-auto="beans-quantity-controls-input" autocomplete="off" id="quantity-controls-262309747" maxlength="2" name="newValue" type="number" aria-labelledby="quantity-controls-262309747-label" value="1"></div></div><button class="styled__BaseButton-rsekm1-0 styled__PrimaryButton-rsekm1-2 jChbeY geeWOF styled__StyledButton-vtxwzb-5 japAxb beans-quantity-controls__add-button beans-button__container" type="submit" data-auto="beans-quantity-controls-add-button" aria-label="Quantity of Tesco Finest Prosecco Doc 75Cl"><span class="base-components__BaseElement-sc-1mosoyj-0 styled__InnerContainer-rsekm1-1 oznwo fuFres beans-button__inner-container"><span class="base-components__BaseElement-sc-1mosoyj-0 styled__TextSpan-rsekm1-4 oznwo GDiMp beans-button__text">Add</span></span></button></div></div></div></div></div><input name="_csrf" type="hidden" value="0WbpBJF9-cS-fAMl-ByHnl5hECj1JaZiBQ20"></form></div></div></div></div></div><div class="hidden-medium product-info-section-small"><div class="product-info-message-list"><ul><li><div data-auto="info-message" class="product-info-message"><p>*Drinkaware.co.uk 18+ Excludes Wine Route, boxed/fortified wine, bottles under £5 in England and NI or £7 in Wales &amp; bottles under 200ml. Minimum unit pricing applies in Wales. Max. 36 bottles. Excludes Express, Scotland &amp; Whoosh. Ends 28/11/22.</p></div></li></ul></div></div></div><div class="styles__StyledPromotionsMobile-dvv1wj-6 Bxaeb"><div><div class="styles__StyledPromotionsWithClubcardPriceContainer-sc-1vdpoop-0 bsPFbn"><div class="styles__StyledClubcardLogo-sc-1vdpoop-2 elOZEB"><div class="styles__Wrapper-sc-1d2phhy-0 hgBuQG undefined special-offer-sash"><span class="styles__CircleWrapper-sc-1d2phhy-2 hCbzjm"><strong class="styles__TextWrapper-sc-1d2phhy-1 bLXNGg">Clubcard Price</strong></span></div></div><a href="https://www.tesco.com/groceries/en-GB/promotions/88615253"><div class="styles__ProductPromotionStyling-sc-1vdpoop-3 WGKAK"><div class="styles__StyledPromotionsOfferContent-sc-1vdpoop-1 cPSekc"><span class="offer-text">Buy 6 or more Save 25% Clubcard Price - Save 25% On Selected Wines When You Buy 6 + Bottles</span></div><span class="dates">Offer valid for delivery from 18/11/2022 until 28/11/2022</span></div></a></div></div></div></div></div></div></li><li class="product-list--list-item"><div class="styles__StyledVerticalTileWrapper-dvv1wj-0 dtCNPH"><div data-auto="product-tile" data-auto-type="Quantity" data-auto-available="true" data-auto-is-restricted-disabled="false" data-auto-is-substitute="false" class="styles__StyledVerticalTile-dvv1wj-1 gSCsYK"><div class="styles__StyledTileContentWrapper-dvv1wj-2 bkNhNP beans"><div id="tile-274172128" data-auto-id="274172128" class="styles__StyledTiledContent-dvv1wj-3 bcglTg"><a href="https://www.tesco.com/groceries/en-GB/products/274172128" aria-hidden="true" class="product-image-wrapper" tabindex="1"><div class="product-image__container"><picture><img class="styled__Image-sjvkdn-0 bJErKA product-image beans-responsive-image__image" src="data:image/gif;base64,R0lGODlhAQABAAAAACH5BAEKAAEALAAAAAABAAEAAAICTAEAOw==" srcset="https://digitalcontent.api.tesco.com/v2/media/ghs/8998bfda-b3d7-41b0-bff6-8eb67a1de694/77f0a1e7-1bf1-4be4-aee7-38f7a4d8a94d_444053021.jpeg?h=225&amp;w=225 768w, data:image/gif;base64,R0lGODlhAQABAAAAACH5BAEKAAEALAAAAAABAAEAAAICTAEAOw== 4000w" alt="Pepsi Max Cherry 2L"></picture></div></a><div class="product-details--wrapper"><h3 class="styles__H3-oa5soe-0 bCKNNq"><a href="https://www.tesco.com/groceries/en-GB/products/274172128" class="styled__Anchor-sc-1xbujuz-0 csVOnh beans-link__anchor" data-auto="product-tile--title"><span class="styled__Text-sc-1xbujuz-1 ldbwMG beans-link__text">Pepsi Max Cherry 2L</span></a></h3><div class="styles__StyledProductDetailsContent-dvv1wj-5 ddRSrq"><a href="https://www.tesco.com/groceries/en-GB/reviews/submission/274172128?from=%2Fshop%2Fdrinks%2Fall" aria-label="Write a review for Pepsi Max Cherry 2L" class="styled__Anchor-sc-1xbujuz-0 jSzuDt write-a-review-link beans-link__anchor" data-auto="review-link"><span class="styled__Text-sc-1xbujuz-1 fyDIEo beans-link__text">Write a review</span><span class="styled__IconContainer-sc-1xbujuz-2 bSauSL beans-link__icon-container"><svg aria-hidden="true" class="styled__SVG-xxa4wh-1 hQMCqc beans-link__icon beans-icon__svg" height="13.33" preserveAspectRatio="xMinYMax meet" viewBox="-1 0 12 20" width="8" xmlns="http://www.w3.org/2000/svg" color="currentColor"><path d="M1.312 1.348L10.276 10l-8.964 8.644" fill="none" stroke="currentColor"></path></svg></span></a><div><a href="https://www.tesco.com/groceries/en-GB/shop/drinks/fizzy-and-soft-drinks/cola/sugar-free-cola" class="styled__Anchor-sc-1xbujuz-0 jSzuDt rest-of-shelf-link beans-link__anchor" data-auto="rest-of-shelf-link"><span class="styled__Text-sc-1xbujuz-1 fyDIEo beans-link__text">Rest of <span class="visually-hidden">Sugar Free Cola</span> shelf</span><span class="styled__IconContainer-sc-1xbujuz-2 bSauSL beans-link__icon-container"><svg aria-hidden="true" class="styled__SVG-xxa4wh-1 hQMCqc beans-link__icon beans-icon__svg" height="13.33" preserveAspectRatio="xMinYMax meet" viewBox="-1 0 12 20" width="8" xmlns="http://www.w3.org/2000/svg" color="currentColor"><path d="M1.312 1.348L10.276 10l-8.964 8.644" fill="none" stroke="currentColor"></path></svg></span></a></div><div class="product-info-message-section"><div class="product-info-message-list"></div></div></div><div class="styles__StyledPromotionsWithBuyBoxWrapper-dvv1wj-8 cZskDh"><div class="styles__StyledPromotionsAboveMobile-dvv1wj-7 iPTMuo"><div class="styles__StyledPromotionsWithClubcardPriceContainer-sc-1vdpoop-0 bsPFbn"><div class="styles__StyledClubcardLogo-sc-1vdpoop-2 elOZEB"><div class="styles__Wrapper-sc-1d2phhy-0 hgBuQG undefined special-offer-sash"><span class="styles__CircleWrapper-sc-1d2phhy-2 hCbzjm"><strong class="styles__TextWrapper-sc-1d2phhy-1 bLXNGg">Clubcard Price</strong></span></div></div><a href="https://www.tesco.com/groceries/en-GB/promotions/88613983"><div class="styles__ProductPromotionStyling-sc-1vdpoop-3 WGKAK"><div class="styles__StyledPromotionsOfferContent-sc-1vdpoop-1 cPSekc"><span class="offer-text">Any 2 for £3.50 Clubcard Price - Selected Pepsi Max Or Pepsi Diet 2l </span></div><span class="dates">Offer valid for delivery from 16/11/2022 until 29/11/2022</span></div></a></div></div><div class="styles__StyledBuyBoxWrapper-dvv1wj-4 dSvjUC"><div class="styles__StyledBuyBoxContainer-sc-1wx0qp6-0 erryje" data-auto="buybox-container"><div class="styles__SafeFormWrapper-jtpu2t-0 lcrYKS"><form action="https://www.tesco.com/groceries/en-GB/trolley/items/274172128?_method=PUT" method="POST"><input type="submit" class="hidden"><input name="id" type="hidden" value="274172128"><input name="identifier" type="hidden" value="Page"><input name="anchorId" type="hidden" value="#tile-274172128"><input name="returnUrl" type="hidden" value="/groceries/en-GB/shop/drinks/all?redirectIfUnavailable=true#tile-274172128"><input name="backToUrl" type="hidden" value="#"><input name="oldValue" type="hidden" value="0"><input name="oldUnitChoice" type="hidden" value="pcs"><input name="newUnitChoice" type="hidden" value="pcs"><div class="base-components__RootElement-sc-1mosoyj-1 styled__Container-sc-6nhkzi-0 jptQqM hSNpTb beans-buybox__container"><div class="base-components__BaseElement-sc-1mosoyj-0 styled__PriceAndActions-sc-6nhkzi-3 oznwo eEPLov beans-buybox__price-and-actions"><div class="base-components__RootElement-sc-1mosoyj-1 styled__Container-sc-8qlq5b-0 jptQqM bgZrjw styled__StyledPrice-sc-6nhkzi-5 iYHeik beans-buybox__price beans-price__container"><p class="styled__StyledHeading-sc-119w3hf-2 jWPEtj styled__Text-sc-8qlq5b-1 lnaeiZ beans-price__text">£2.00</p><p class="styled__StyledFootnote-sc-119w3hf-7 icrlVF styled__Subtext-sc-8qlq5b-2 bNJmdc beans-price__subtext">£0.10/100ml</p></div><div class="base-components__RootElement-sc-1mosoyj-1 styled__Container-vtxwzb-0 jptQqM bDFhXJ beans-buybox__actions beans-quantity-controls__container"><div class="base-components__RootElement-sc-1mosoyj-1 styled__Container-sc-16t2b2a-0 jptQqM PUfgZ styled__StyledFormGroup-vtxwzb-1 kzKuAr beans-quantity-controls__form-group beans-form-group__container"><label class="styled__StyledLabel-sc-1ttuvhr-0 izGEjV beans-form-group__label beans-label" for="quantity-controls-274172128">Quantity controls </label><div class="base-components__BaseElement-sc-1mosoyj-0 styled__Children-sc-16t2b2a-3 oznwo gdJvjO beans-form-group__children"><div class="styled__StyledQuantityControlWrapper-vtxwzb-6 LCxOg"><label id="quantity-controls-274172128-label" class="styled__VisuallyHiddenLabel-vtxwzb-7 gXlLiM">Quantity of Pepsi Max Cherry 2L</label><div class="component__Wrapper-sc-1kpmik-3 dReplG input-wrapper"><input class="base-components__RootElement-sc-1mosoyj-1 styled__StyledInput-sc-1jd5f57-0 component__StyledAsInput-sc-1kpmik-4 jptQqM eJLlow styled__StyledInput-vtxwzb-3 lwMHo beans-quantity-controls__input beans-input" data-auto="beans-quantity-controls-input" autocomplete="off" id="quantity-controls-274172128" maxlength="2" name="newValue" type="number" aria-labelledby="quantity-controls-274172128-label" value="1"></div></div><button class="styled__BaseButton-rsekm1-0 styled__PrimaryButton-rsekm1-2 jChbeY geeWOF styled__StyledButton-vtxwzb-5 japAxb beans-quantity-controls__add-button beans-button__container" type="submit" data-auto="beans-quantity-controls-add-button" aria-label="Quantity of Pepsi Max Cherry 2L"><span class="base-components__BaseElement-sc-1mosoyj-0 styled__InnerContainer-rsekm1-1 oznwo fuFres beans-button__inner-container"><span class="base-components__BaseElement-sc-1mosoyj-0 styled__TextSpan-rsekm1-4 oznwo GDiMp beans-button__text">Add</span></span></button></div></div></div></div></div><input name="_csrf" type="hidden" value="0WbpBJF9-cS-fAMl-ByHnl5hECj1JaZiBQ20"></form></div></div></div></div></div><div class="hidden-medium product-info-section-small"><div class="product-info-message-list"></div></div></div><div class="styles__StyledPromotionsMobile-dvv1wj-6 Bxaeb"><div><div class="styles__StyledPromotionsWithClubcardPriceContainer-sc-1vdpoop-0 bsPFbn"><div class="styles__StyledClubcardLogo-sc-1vdpoop-2 elOZEB"><div class="styles__Wrapper-sc-1d2phhy-0 hgBuQG undefined special-offer-sash"><span class="styles__CircleWrapper-sc-1d2phhy-2 hCbzjm"><strong class="styles__TextWrapper-sc-1d2phhy-1 bLXNGg">Clubcard Price</strong></span></div></div><a href="https://www.tesco.com/groceries/en-GB/promotions/88613983"><div class="styles__ProductPromotionStyling-sc-1vdpoop-3 WGKAK"><div class="styles__StyledPromotionsOfferContent-sc-1vdpoop-1 cPSekc"><span class="offer-text">Any 2 for £3.50 Clubcard Price - Selected Pepsi Max Or Pepsi Diet 2l </span></div><span class="dates">Offer valid for delivery from 16/11/2022 until 29/11/2022</span></div></a></div></div></div></div></div></div></li><li class="product-list--list-item"><div class="styles__StyledVerticalTileWrapper-dvv1wj-0 dtCNPH"><div data-auto="product-tile" data-auto-type="Quantity" data-auto-available="true" data-auto-is-restricted-disabled="false" data-auto-is-substitute="false" class="styles__StyledVerticalTile-dvv1wj-1 gSCsYK"><div class="styles__StyledTileContentWrapper-dvv1wj-2 bkNhNP beans"><div id="tile-261735917" data-auto-id="261735917" class="styles__StyledTiledContent-dvv1wj-3 bcglTg"><a href="https://www.tesco.com/groceries/en-GB/products/261735917" aria-hidden="true" class="product-image-wrapper" tabindex="1"><div class="product-image__container"><picture><img class="styled__Image-sjvkdn-0 bJErKA product-image beans-responsive-image__image" src="data:image/gif;base64,R0lGODlhAQABAAAAACH5BAEKAAEALAAAAAABAAEAAAICTAEAOw==" srcset="https://digitalcontent.api.tesco.com/v2/media/ghs/3f5901e0-2630-4b1b-9013-356e8d739071/44bd7e47-8a41-4a71-b77e-fa993dde0dfe_1483393203.jpeg?h=225&amp;w=225 768w, data:image/gif;base64,R0lGODlhAQABAAAAACH5BAEKAAEALAAAAAABAAEAAAICTAEAOw== 4000w" alt="Isla Negra Sauvignon Blanc/Px 75Cl"></picture></div></a><div class="product-details--wrapper"><h3 class="styles__H3-oa5soe-0 bCKNNq"><a href="https://www.tesco.com/groceries/en-GB/products/261735917" class="styled__Anchor-sc-1xbujuz-0 csVOnh beans-link__anchor" data-auto="product-tile--title"><span class="styled__Text-sc-1xbujuz-1 ldbwMG beans-link__text">Isla Negra Sauvignon Blanc/Px 75Cl</span></a></h3><div class="styles__StyledProductDetailsContent-dvv1wj-5 ddRSrq"><a href="https://www.tesco.com/groceries/en-GB/reviews/submission/261735917?from=%2Fshop%2Fdrinks%2Fall" aria-label="Write a review for Isla Negra Sauvignon Blanc/Px 75Cl" class="styled__Anchor-sc-1xbujuz-0 jSzuDt write-a-review-link beans-link__anchor" data-auto="review-link"><span class="styled__Text-sc-1xbujuz-1 fyDIEo beans-link__text">Write a review</span><span class="styled__IconContainer-sc-1xbujuz-2 bSauSL beans-link__icon-container"><svg aria-hidden="true" class="styled__SVG-xxa4wh-1 hQMCqc beans-link__icon beans-icon__svg" height="13.33" preserveAspectRatio="xMinYMax meet" viewBox="-1 0 12 20" width="8" xmlns="http://www.w3.org/2000/svg" color="currentColor"><path d="M1.312 1.348L10.276 10l-8.964 8.644" fill="none" stroke="currentColor"></path></svg></span></a><div><a href="https://www.tesco.com/groceries/en-GB/shop/drinks/wine/white-wine/sauvignon-blanc" class="styled__Anchor-sc-1xbujuz-0 jSzuDt rest-of-shelf-link beans-link__anchor" data-auto="rest-of-shelf-link"><span class="styled__Text-sc-1xbujuz-1 fyDIEo beans-link__text">Rest of <span class="visually-hidden">Sauvignon Blanc</span> shelf</span><span class="styled__IconContainer-sc-1xbujuz-2 bSauSL beans-link__icon-container"><svg aria-hidden="true" class="styled__SVG-xxa4wh-1 hQMCqc beans-link__icon beans-icon__svg" height="13.33" preserveAspectRatio="xMinYMax meet" viewBox="-1 0 12 20" width="8" xmlns="http://www.w3.org/2000/svg" color="currentColor"><path d="M1.312 1.348L10.276 10l-8.964 8.644" fill="none" stroke="currentColor"></path></svg></span></a></div><div class="product-info-message-section"><div class="product-info-message-list"></div></div></div><div class="styles__StyledPromotionsWithBuyBoxWrapper-dvv1wj-8 cZskDh"><div class="styles__StyledPromotionsAboveMobile-dvv1wj-7 iPTMuo"><div class="styles__StyledPromotionsWithClubcardPriceContainer-sc-1vdpoop-0 bsPFbn"><div class="styles__StyledClubcardLogo-sc-1vdpoop-2 elOZEB"><div class="styles__Wrapper-sc-1d2phhy-0 hgBuQG undefined special-offer-sash"><span class="styles__CircleWrapper-sc-1d2phhy-2 hCbzjm"><strong class="styles__TextWrapper-sc-1d2phhy-1 bLXNGg">Clubcard Price</strong></span></div></div><a href="https://www.tesco.com/groceries/en-GB/promotions/88576356"><div class="styles__ProductPromotionStyling-sc-1vdpoop-3 WGKAK"><div class="styles__StyledPromotionsOfferContent-sc-1vdpoop-1 cPSekc"><span class="offer-text">£4.50 Clubcard Price</span></div><span class="dates">Offer valid for delivery from 08/11/2022 until 04/12/2022</span></div></a></div></div><div class="styles__StyledBuyBoxWrapper-dvv1wj-4 dSvjUC"><div class="styles__StyledBuyBoxContainer-sc-1wx0qp6-0 erryje" data-auto="buybox-container"><div class="styles__SafeFormWrapper-jtpu2t-0 lcrYKS"><form action="https://www.tesco.com/groceries/en-GB/trolley/items/261735917?_method=PUT" method="POST"><input type="submit" class="hidden"><input name="id" type="hidden" value="261735917"><input name="identifier" type="hidden" value="Page"><input name="anchorId" type="hidden" value="#tile-261735917"><input name="returnUrl" type="hidden" value="/groceries/en-GB/shop/drinks/all?redirectIfUnavailable=true#tile-261735917"><input name="backToUrl" type="hidden" value="#"><input name="oldValue" type="hidden" value="0"><input name="oldUnitChoice" type="hidden" value="pcs"><input name="newUnitChoice" type="hidden" value="pcs"><div class="base-components__RootElement-sc-1mosoyj-1 styled__Container-sc-6nhkzi-0 jptQqM hSNpTb beans-buybox__container"><div class="base-components__BaseElement-sc-1mosoyj-0 styled__PriceAndActions-sc-6nhkzi-3 oznwo eEPLov beans-buybox__price-and-actions"><div class="base-components__RootElement-sc-1mosoyj-1 styled__Container-sc-8qlq5b-0 jptQqM bgZrjw styled__StyledPrice-sc-6nhkzi-5 iYHeik beans-buybox__price beans-price__container"><p class="styled__StyledHeading-sc-119w3hf-2 jWPEtj styled__Text-sc-8qlq5b-1 lnaeiZ beans-price__text">£5.00</p><p class="styled__StyledFootnote-sc-119w3hf-7 icrlVF styled__Subtext-sc-8qlq5b-2 bNJmdc beans-price__subtext">£5.00/75cl</p></div><div class="base-components__RootElement-sc-1mosoyj-1 styled__Container-vtxwzb-0 jptQqM bDFhXJ beans-buybox__actions beans-quantity-controls__container"><div class="base-components__RootElement-sc-1mosoyj-1 styled__Container-sc-16t2b2a-0 jptQqM PUfgZ styled__StyledFormGroup-vtxwzb-1 kzKuAr beans-quantity-controls__form-group beans-form-group__container"><label class="styled__StyledLabel-sc-1ttuvhr-0 izGEjV beans-form-group__label beans-label" for="quantity-controls-261735917">Quantity controls </label><div class="base-components__BaseElement-sc-1mosoyj-0 styled__Children-sc-16t2b2a-3 oznwo gdJvjO beans-form-group__children"><div class="styled__StyledQuantityControlWrapper-vtxwzb-6 LCxOg"><label id="quantity-controls-261735917-label" class="styled__VisuallyHiddenLabel-vtxwzb-7 gXlLiM">Quantity of Isla Negra Sauvignon Blanc/Px 75Cl</label><div class="component__Wrapper-sc-1kpmik-3 dReplG input-wrapper"><input class="base-components__RootElement-sc-1mosoyj-1 styled__StyledInput-sc-1jd5f57-0 component__StyledAsInput-sc-1kpmik-4 jptQqM eJLlow styled__StyledInput-vtxwzb-3 lwMHo beans-quantity-controls__input beans-input" data-auto="beans-quantity-controls-input" autocomplete="off" id="quantity-controls-261735917" maxlength="2" name="newValue" type="number" aria-labelledby="quantity-controls-261735917-label" value="1"></div></div><button class="styled__BaseButton-rsekm1-0 styled__PrimaryButton-rsekm1-2 jChbeY geeWOF styled__StyledButton-vtxwzb-5 japAxb beans-quantity-controls__add-button beans-button__container" type="submit" data-auto="beans-quantity-controls-add-button" aria-label="Quantity of Isla Negra Sauvignon Blanc/Px 75Cl"><span class="base-components__BaseElement-sc-1mosoyj-0 styled__InnerContainer-rsekm1-1 oznwo fuFres beans-button__inner-container"><span class="base-components__BaseElement-sc-1mosoyj-0 styled__TextSpan-rsekm1-4 oznwo GDiMp beans-button__text">Add</span></span></button></div></div></div></div></div><input name="_csrf" type="hidden" value="0WbpBJF9-cS-fAMl-ByHnl5hECj1JaZiBQ20"></form></div></div></div></div></div><div class="hidden-medium product-info-section-small"><div class="product-info-message-list"></div></div></div><div class="styles__StyledPromotionsMobile-dvv1wj-6 Bxaeb"><div><div class="styles__StyledPromotionsWithClubcardPriceContainer-sc-1vdpoop-0 bsPFbn"><div class="styles__StyledClubcardLogo-sc-1vdpoop-2 elOZEB"><div class="styles__Wrapper-sc-1d2phhy-0 hgBuQG undefined special-offer-sash"><span class="styles__CircleWrapper-sc-1d2phhy-2 hCbzjm"><strong class="styles__TextWrapper-sc-1d2phhy-1 bLXNGg">Clubcard Price</strong></span></div></div><a href="https://www.tesco.com/groceries/en-GB/promotions/88576356"><div class="styles__ProductPromotionStyling-sc-1vdpoop-3 WGKAK"><div class="styles__StyledPromotionsOfferContent-sc-1vdpoop-1 cPSekc"><span class="offer-text">£4.50 Clubcard Price</span></div><span class="dates">Offer valid for delivery from 08/11/2022 until 04/12/2022</span></div></a></div></div></div></div></div></div></li><li class="product-list--list-item"><div class="styles__StyledVerticalTileWrapper-dvv1wj-0 dtCNPH"><div data-auto="product-tile" data-auto-type="Quantity" data-auto-available="true" data-auto-is-restricted-disabled="false" data-auto-is-substitute="false" class="styles__StyledVerticalTile-dvv1wj-1 gSCsYK"><div class="styles__StyledTileContentWrapper-dvv1wj-2 bkNhNP beans"><div id="tile-299919487" data-auto-id="299919487" class="styles__StyledTiledContent-dvv1wj-3 bcglTg"><a href="https://www.tesco.com/groceries/en-GB/products/299919487" aria-hidden="true" class="product-image-wrapper" tabindex="1"><div class="product-image__container"><picture><img class="styled__Image-sjvkdn-0 bJErKA product-image beans-responsive-image__image" src="data:image/gif;base64,R0lGODlhAQABAAAAACH5BAEKAAEALAAAAAABAAEAAAICTAEAOw==" srcset="https://digitalcontent.api.tesco.com/v2/media/ghs/0dd5c2fd-ea16-4d4e-b4a9-8fcf92983b0a/b465db88-604a-4e6d-8cf7-ac38a46ed399_309081362.jpeg?h=225&amp;w=225 768w, data:image/gif;base64,R0lGODlhAQABAAAAACH5BAEKAAEALAAAAAABAAEAAAICTAEAOw== 4000w" alt="Diet Coke Caffeine Free 2 Litre"></picture></div></a><div class="product-details--wrapper"><h3 class="styles__H3-oa5soe-0 bCKNNq"><a href="https://www.tesco.com/groceries/en-GB/products/299919487" class="styled__Anchor-sc-1xbujuz-0 csVOnh beans-link__anchor" data-auto="product-tile--title"><span class="styled__Text-sc-1xbujuz-1 ldbwMG beans-link__text">Diet Coke Caffeine Free 2 Litre</span></a></h3><div class="styles__StyledProductDetailsContent-dvv1wj-5 ddRSrq"><a href="https://www.tesco.com/groceries/en-GB/reviews/submission/299919487?from=%2Fshop%2Fdrinks%2Fall" aria-label="Write a review for Diet Coke Caffeine Free 2 Litre" class="styled__Anchor-sc-1xbujuz-0 jSzuDt write-a-review-link beans-link__anchor" data-auto="review-link"><span class="styled__Text-sc-1xbujuz-1 fyDIEo beans-link__text">Write a review</span><span class="styled__IconContainer-sc-1xbujuz-2 bSauSL beans-link__icon-container"><svg aria-hidden="true" class="styled__SVG-xxa4wh-1 hQMCqc beans-link__icon beans-icon__svg" height="13.33" preserveAspectRatio="xMinYMax meet" viewBox="-1 0 12 20" width="8" xmlns="http://www.w3.org/2000/svg" color="currentColor"><path d="M1.312 1.348L10.276 10l-8.964 8.644" fill="none" stroke="currentColor"></path></svg></span></a><div><a href="https://www.tesco.com/groceries/en-GB/shop/drinks/fizzy-and-soft-drinks/cola/sugar-free-cola" class="styled__Anchor-sc-1xbujuz-0 jSzuDt rest-of-shelf-link beans-link__anchor" data-auto="rest-of-shelf-link"><span class="styled__Text-sc-1xbujuz-1 fyDIEo beans-link__text">Rest of <span class="visually-hidden">Sugar Free Cola</span> shelf</span><span class="styled__IconContainer-sc-1xbujuz-2 bSauSL beans-link__icon-container"><svg aria-hidden="true" class="styled__SVG-xxa4wh-1 hQMCqc beans-link__icon beans-icon__svg" height="13.33" preserveAspectRatio="xMinYMax meet" viewBox="-1 0 12 20" width="8" xmlns="http://www.w3.org/2000/svg" color="currentColor"><path d="M1.312 1.348L10.276 10l-8.964 8.644" fill="none" stroke="currentColor"></path></svg></span></a></div><div class="product-info-message-section"><div class="product-info-message-list"></div></div></div><div class="styles__StyledPromotionsWithBuyBoxWrapper-dvv1wj-8 cZskDh"><div class="styles__StyledPromotionsAboveMobile-dvv1wj-7 iPTMuo"><div class="styles__StyledPromotionsWithClubcardPriceContainer-sc-1vdpoop-0 bsPFbn"><div class="styles__StyledClubcardLogo-sc-1vdpoop-2 elOZEB"><div class="styles__Wrapper-sc-1d2phhy-0 hgBuQG undefined special-offer-sash"><span class="styles__CircleWrapper-sc-1d2phhy-2 hCbzjm"><strong class="styles__TextWrapper-sc-1d2phhy-1 bLXNGg">Clubcard Price</strong></span></div></div><a href="https://www.tesco.com/groceries/en-GB/promotions/88602852"><div class="styles__ProductPromotionStyling-sc-1vdpoop-3 WGKAK"><div class="styles__StyledPromotionsOfferContent-sc-1vdpoop-1 cPSekc"><span class="offer-text">Any 2 for £3.50 Clubcard Price - Selected Diet Coke Or Zero Drinks 2 Litre</span></div><span class="dates">Offer valid for delivery from 26/10/2022 until 27/12/2022</span></div></a></div></div><div class="styles__StyledBuyBoxWrapper-dvv1wj-4 dSvjUC"><div class="styles__StyledBuyBoxContainer-sc-1wx0qp6-0 erryje" data-auto="buybox-container"><div class="styles__SafeFormWrapper-jtpu2t-0 lcrYKS"><form action="https://www.tesco.com/groceries/en-GB/trolley/items/299919487?_method=PUT" method="POST"><input type="submit" class="hidden"><input name="id" type="hidden" value="299919487"><input name="identifier" type="hidden" value="Page"><input name="anchorId" type="hidden" value="#tile-299919487"><input name="returnUrl" type="hidden" value="/groceries/en-GB/shop/drinks/all?redirectIfUnavailable=true#tile-299919487"><input name="backToUrl" type="hidden" value="#"><input name="oldValue" type="hidden" value="0"><input name="oldUnitChoice" type="hidden" value="pcs"><input name="newUnitChoice" type="hidden" value="pcs"><div class="base-components__RootElement-sc-1mosoyj-1 styled__Container-sc-6nhkzi-0 jptQqM hSNpTb beans-buybox__container"><div class="base-components__BaseElement-sc-1mosoyj-0 styled__PriceAndActions-sc-6nhkzi-3 oznwo eEPLov beans-buybox__price-and-actions"><div class="base-components__RootElement-sc-1mosoyj-1 styled__Container-sc-8qlq5b-0 jptQqM bgZrjw styled__StyledPrice-sc-6nhkzi-5 iYHeik beans-buybox__price beans-price__container"><p class="styled__StyledHeading-sc-119w3hf-2 jWPEtj styled__Text-sc-8qlq5b-1 lnaeiZ beans-price__text">£1.99</p><p class="styled__StyledFootnote-sc-119w3hf-7 icrlVF styled__Subtext-sc-8qlq5b-2 bNJmdc beans-price__subtext">£0.10/100ml</p></div><div class="base-components__RootElement-sc-1mosoyj-1 styled__Container-vtxwzb-0 jptQqM bDFhXJ beans-buybox__actions beans-quantity-controls__container"><div class="base-components__RootElement-sc-1mosoyj-1 styled__Container-sc-16t2b2a-0 jptQqM PUfgZ styled__StyledFormGroup-vtxwzb-1 kzKuAr beans-quantity-controls__form-group beans-form-group__container"><label class="styled__StyledLabel-sc-1ttuvhr-0 izGEjV beans-form-group__label beans-label" for="quantity-controls-299919487">Quantity controls </label><div class="base-components__BaseElement-sc-1mosoyj-0 styled__Children-sc-16t2b2a-3 oznwo gdJvjO beans-form-group__children"><div class="styled__StyledQuantityControlWrapper-vtxwzb-6 LCxOg"><label id="quantity-controls-299919487-label" class="styled__VisuallyHiddenLabel-vtxwzb-7 gXlLiM">Quantity of Diet Coke Caffeine Free 2 Litre</label><div class="component__Wrapper-sc-1kpmik-3 dReplG input-wrapper"><input class="base-components__RootElement-sc-1mosoyj-1 styled__StyledInput-sc-1jd5f57-0 component__StyledAsInput-sc-1kpmik-4 jptQqM eJLlow styled__StyledInput-vtxwzb-3 lwMHo beans-quantity-controls__input beans-input" data-auto="beans-quantity-controls-input" autocomplete="off" id="quantity-controls-299919487" maxlength="2" name="newValue" type="number" aria-labelledby="quantity-controls-299919487-label" value="1"></div></div><button class="styled__BaseButton-rsekm1-0 styled__PrimaryButton-rsekm1-2 jChbeY geeWOF styled__StyledButton-vtxwzb-5 japAxb beans-quantity-controls__add-button beans-button__container" type="submit" data-auto="beans-quantity-controls-add-button" aria-label="Quantity of Diet Coke Caffeine Free 2 Litre"><span class="base-components__BaseElement-sc-1mosoyj-0 styled__InnerContainer-rsekm1-1 oznwo fuFres beans-button__inner-container"><span class="base-components__BaseElement-sc-1mosoyj-0 styled__TextSpan-rsekm1-4 oznwo GDiMp beans-button__text">Add</span></span></button></div></div></div></div></div><input name="_csrf" type="hidden" value="0WbpBJF9-cS-fAMl-ByHnl5hECj1JaZiBQ20"></form></div></div></div></div></div><div class="hidden-medium product-info-section-small"><div class="product-info-message-list"></div></div></div><div class="styles__StyledPromotionsMobile-dvv1wj-6 Bxaeb"><div><div class="styles__StyledPromotionsWithClubcardPriceContainer-sc-1vdpoop-0 bsPFbn"><div class="styles__StyledClubcardLogo-sc-1vdpoop-2 elOZEB"><div class="styles__Wrapper-sc-1d2phhy-0 hgBuQG undefined special-offer-sash"><span class="styles__CircleWrapper-sc-1d2phhy-2 hCbzjm"><strong class="styles__TextWrapper-sc-1d2phhy-1 bLXNGg">Clubcard Price</strong></span></div></div><a href="https://www.tesco.com/groceries/en-GB/promotions/88602852"><div class="styles__ProductPromotionStyling-sc-1vdpoop-3 WGKAK"><div class="styles__StyledPromotionsOfferContent-sc-1vdpoop-1 cPSekc"><span class="offer-text">Any 2 for £3.50 Clubcard Price - Selected Diet Coke Or Zero Drinks 2 Litre</span></div><span class="dates">Offer valid for delivery from 26/10/2022 until 27/12/2022</span></div></a></div></div></div></div></div></div></li><li class="product-list--list-item"><div class="styles__StyledVerticalTileWrapper-dvv1wj-0 dtCNPH"><div data-auto="product-tile" data-auto-type="Quantity" data-auto-available="true" data-auto-is-restricted-disabled="false" data-auto-is-substitute="false" class="styles__StyledVerticalTile-dvv1wj-1 gSCsYK"><div class="styles__StyledTileContentWrapper-dvv1wj-2 bkNhNP beans"><div id="tile-287195415" data-auto-id="287195415" class="styles__StyledTiledContent-dvv1wj-3 bcglTg"><a href="https://www.tesco.com/groceries/en-GB/products/287195415" aria-hidden="true" class="product-image-wrapper" tabindex="1"><div class="product-image__container"><picture><img class="styled__Image-sjvkdn-0 bJErKA product-image beans-responsive-image__image" src="data:image/gif;base64,R0lGODlhAQABAAAAACH5BAEKAAEALAAAAAABAAEAAAICTAEAOw==" srcset="https://digitalcontent.api.tesco.com/v2/media/ghs/7b4e4d24-771d-4dff-b00f-42323ffb66c0/2f996048-b407-4fee-8a9b-6267f9c565a6_1405568355.jpeg?h=225&amp;w=225 768w, data:image/gif;base64,R0lGODlhAQABAAAAACH5BAEKAAEALAAAAAABAAEAAAICTAEAOw== 4000w" alt="Pg Tips 240S Pyramid Teabags 696G"></picture></div></a><div class="product-details--wrapper"><h3 class="styles__H3-oa5soe-0 bCKNNq"><a href="https://www.tesco.com/groceries/en-GB/products/287195415" class="styled__Anchor-sc-1xbujuz-0 csVOnh beans-link__anchor" data-auto="product-tile--title"><span class="styled__Text-sc-1xbujuz-1 ldbwMG beans-link__text">Pg Tips 240S Pyramid Teabags 696G</span></a></h3><div class="styles__StyledPromotionsAboveMobile-dvv1wj-7 iPTMuo"></div><div class="styles__StyledProductDetailsContent-dvv1wj-5 ddRSrq"><a href="https://www.tesco.com/groceries/en-GB/reviews/submission/287195415?from=%2Fshop%2Fdrinks%2Fall" aria-label="Write a review for Pg Tips 240S Pyramid Teabags 696G" class="styled__Anchor-sc-1xbujuz-0 jSzuDt write-a-review-link beans-link__anchor" data-auto="review-link"><span class="styled__Text-sc-1xbujuz-1 fyDIEo beans-link__text">Write a review</span><span class="styled__IconContainer-sc-1xbujuz-2 bSauSL beans-link__icon-container"><svg aria-hidden="true" class="styled__SVG-xxa4wh-1 hQMCqc beans-link__icon beans-icon__svg" height="13.33" preserveAspectRatio="xMinYMax meet" viewBox="-1 0 12 20" width="8" xmlns="http://www.w3.org/2000/svg" color="currentColor"><path d="M1.312 1.348L10.276 10l-8.964 8.644" fill="none" stroke="currentColor"></path></svg></span></a><div><a href="https://www.tesco.com/groceries/en-GB/shop/drinks/tea/everyday-tea-bags/everyday-tea-bags" class="styled__Anchor-sc-1xbujuz-0 jSzuDt rest-of-shelf-link beans-link__anchor" data-auto="rest-of-shelf-link"><span class="styled__Text-sc-1xbujuz-1 fyDIEo beans-link__text">Rest of <span class="visually-hidden">Everyday Tea Bags</span> shelf</span><span class="styled__IconContainer-sc-1xbujuz-2 bSauSL beans-link__icon-container"><svg aria-hidden="true" class="styled__SVG-xxa4wh-1 hQMCqc beans-link__icon beans-icon__svg" height="13.33" preserveAspectRatio="xMinYMax meet" viewBox="-1 0 12 20" width="8" xmlns="http://www.w3.org/2000/svg" color="currentColor"><path d="M1.312 1.348L10.276 10l-8.964 8.644" fill="none" stroke="currentColor"></path></svg></span></a></div><div class="product-info-message-section"><div class="product-info-message-list"><div class="styled__WhiteBackground-sc-9yzfq2-1 jthPIJ"><svg width="56" height="56" viewBox="0 0 56 56" fill="none" xmlns="http://www.w3.org/2000/svg"><path d="M52.1301 27.8766C52.1301 14.5534 41.3293 3.75308 28.0066 3.75308C14.6834 3.75308 3.88306 14.5534 3.88306 27.8766C3.88306 41.1998 14.6834 52.0002 28.0066 52.0002C41.3293 52.0002 52.1301 41.1998 52.1301 27.8766Z" fill="#EE1C2E"></path><path d="M19.6853 36.5687L31.8169 48.6998L52.6633 27.8998L51.9894 23.0423L31.886 43.1452L22.5438 33.803L19.6853 36.5687Z" fill="white"></path><path d="M24.2699 12.0048L23.5594 9.93467L22.8484 12.0048H24.2699ZM24.6345 13.0711H22.4844L21.9776 14.5375H20.7515L22.9815 8.31722H24.1369L26.3669 14.5375H25.1408L24.6345 13.0711Z" fill="white"></path><path d="M27.8359 14.5375H26.734V8.24609H27.8359V14.5375Z" fill="white"></path><path d="M31.5684 13.2309C31.7849 12.9886 31.8927 12.6597 31.8927 12.2446C31.8927 11.8306 31.7849 11.5016 31.5684 11.2588C31.3524 11.0159 31.0811 10.8942 30.7558 10.8942C30.4299 10.8942 30.1587 11.0159 29.9427 11.2588C29.7267 11.5016 29.6184 11.8306 29.6184 12.2446C29.6184 12.6597 29.7267 12.9886 29.9427 13.2309C30.1587 13.4738 30.4299 13.5955 30.7558 13.5955C31.0811 13.5955 31.3524 13.4738 31.5684 13.2309ZM29.4673 14.3065C29.159 14.1049 28.9177 13.8234 28.7429 13.4619C28.5681 13.101 28.481 12.6952 28.481 12.2446C28.481 11.7888 28.5655 11.3815 28.7341 11.0231C28.9032 10.6648 29.1384 10.3848 29.4405 10.1837C29.7426 9.98212 30.0891 9.88158 30.48 9.88158C30.7883 9.88158 31.0579 9.93624 31.2889 10.0455C31.5199 10.1554 31.6978 10.3106 31.8221 10.5122V8.24609H32.9239V14.5375H31.8221V13.9863C31.6916 14.1704 31.5137 14.3194 31.2889 14.4349C31.0636 14.5504 30.797 14.6086 30.4892 14.6086C30.1159 14.6086 29.7751 14.5076 29.4673 14.3065Z" fill="white"></path><path d="M34.9657 14.5375H33.8638V9.95224H34.9657V14.5375ZM33.9082 8.34408C34.0443 8.20796 34.2129 8.1399 34.4145 8.1399C34.6161 8.1399 34.7847 8.20796 34.9208 8.34408C35.0574 8.48071 35.1255 8.64931 35.1255 8.8504C35.1255 9.052 35.0574 9.22112 34.9208 9.35724C34.7847 9.49336 34.6161 9.56142 34.4145 9.56142C34.2129 9.56142 34.0443 9.49336 33.9082 9.35724C33.7715 9.22112 33.704 9.052 33.704 8.8504C33.704 8.64931 33.7715 8.48071 33.9082 8.34408Z" fill="white"></path><path d="M19.6791 19.3347C19.8894 19.1506 19.9946 18.8779 19.9946 18.5169C19.9946 18.1565 19.8894 17.8838 19.6791 17.6997C19.4682 17.5156 19.183 17.4233 18.8221 17.4233H17.5027V19.6111H18.8221C19.183 19.6111 19.4682 19.5188 19.6791 19.3347ZM17.5027 23.9628H16.0374V16.0704H18.9345C19.461 16.0704 19.9157 16.1776 20.2988 16.3921C20.6824 16.6061 20.9753 16.8995 21.1784 17.2712C21.3816 17.6435 21.4826 18.0586 21.4826 18.5169C21.4826 18.9758 21.3816 19.3909 21.1784 19.7632C20.9753 20.1354 20.6824 20.4283 20.2988 20.6423C19.9157 20.8568 19.461 20.9635 18.9345 20.9635H17.5027V23.9628Z" fill="white"></path><path d="M22.0396 18.1451H23.4379V19.0248C23.6029 18.7087 23.8359 18.4684 24.1365 18.3029C24.4376 18.1374 24.7717 18.0549 25.1404 18.0549C25.5235 18.0549 25.8241 18.1415 26.0422 18.3143L25.5689 19.4981C25.3729 19.3929 25.1662 19.3403 24.9486 19.3403C24.5124 19.3403 24.152 19.528 23.8663 19.9039C23.5802 20.2797 23.4379 20.8582 23.4379 21.6404V23.9627H22.0396V18.1451Z" fill="white"></path><path d="M27.8879 23.9627H26.4896V18.1451H27.8879V23.9627ZM26.5458 16.1044C26.7191 15.9316 26.933 15.845 27.1888 15.845C27.444 15.845 27.658 15.9316 27.8312 16.1044C28.0039 16.2771 28.0906 16.4916 28.0906 16.7468C28.0906 17.0026 28.0039 17.217 27.8312 17.3898C27.658 17.5625 27.444 17.6491 27.1888 17.6491C26.933 17.6491 26.7191 17.5625 26.5458 17.3898C26.3731 17.217 26.287 17.0026 26.287 16.7468C26.287 16.4916 26.3731 16.2771 26.5458 16.1044Z" fill="white"></path><path d="M30.0603 23.6693C29.6168 23.4141 29.2714 23.0588 29.0234 22.6041C28.7754 22.1493 28.6511 21.6327 28.6511 21.0537C28.6511 20.4752 28.7754 19.9585 29.0234 19.5038C29.2714 19.049 29.6168 18.6937 30.0603 18.438C30.5037 18.1828 31.011 18.0549 31.5823 18.0549C32.8749 18.0549 33.751 18.585 34.2093 19.6445L32.9353 20.2199C32.6424 19.6332 32.1913 19.3403 31.5823 19.3403C31.1466 19.3403 30.7857 19.4981 30.5001 19.8136C30.2144 20.1297 30.0716 20.5427 30.0716 21.0537C30.0716 21.5651 30.2144 21.9787 30.5001 22.2942C30.7857 22.6097 31.1466 22.7675 31.5823 22.7675C32.1913 22.7675 32.6424 22.4747 32.9353 21.8884L34.2093 22.4633C33.751 23.5229 32.8749 24.0529 31.5823 24.0529C31.011 24.0529 30.5037 23.9251 30.0603 23.6693Z" fill="white"></path><path d="M38.727 20.3999C38.6744 20.0694 38.5223 19.7987 38.2707 19.5883C38.0186 19.3779 37.7015 19.2728 37.3179 19.2728C36.9946 19.2728 36.7048 19.3723 36.4496 19.5713C36.1939 19.7708 36.0175 20.0467 35.9196 20.3999H38.727ZM40.1588 21.5048H35.8633C35.9381 21.9333 36.115 22.2586 36.3934 22.4803C36.6713 22.702 37.0095 22.8129 37.4081 22.8129C37.7386 22.8129 38.015 22.7433 38.2367 22.6041C38.4584 22.4649 38.6708 22.253 38.874 21.9673L40.0573 22.6097C39.7716 23.0759 39.4092 23.4327 38.9693 23.6812C38.5295 23.9287 37.983 24.0529 37.3292 24.0529C36.7125 24.0529 36.1846 23.9086 35.7453 23.6188C35.3055 23.3295 34.9765 22.9557 34.7584 22.4968C34.5403 22.0385 34.4315 21.5574 34.4315 21.0537C34.4315 20.5504 34.546 20.0694 34.7754 19.611C35.0044 19.1526 35.3374 18.7783 35.7731 18.4891C36.2088 18.1998 36.7239 18.0549 37.3179 18.0549C37.9191 18.0549 38.4341 18.19 38.8626 18.4607C39.2911 18.7314 39.6139 19.0866 39.832 19.5264C40.0501 19.9657 40.1588 20.4339 40.1588 20.9299V21.5048Z" fill="white"></path><path d="M16.3879 25.558H17.7399L19.2454 29.4977L20.751 25.558H22.1029V31.8684H20.9309V28.0282L19.6873 31.2915H18.8035L17.5599 28.0282V31.8684H16.3879V25.558Z" fill="white"></path><path d="M25.4058 30.7146C25.6131 30.5341 25.7167 30.3119 25.7167 30.0474V29.9216H24.8335C24.5746 29.9216 24.3689 29.971 24.2158 30.07C24.0626 30.169 23.9858 30.3057 23.9858 30.48C23.9858 30.6424 24.0415 30.7671 24.1529 30.8543C24.2637 30.9414 24.4277 30.9847 24.6437 30.9847C24.9443 30.9847 25.1985 30.8945 25.4058 30.7146ZM23.6074 31.7782C23.3671 31.67 23.1748 31.5122 23.0304 31.3049C22.886 31.0976 22.8138 30.8496 22.8138 30.5609C22.8138 30.1046 22.9855 29.7364 23.3279 29.457C23.6703 29.1775 24.1333 29.0378 24.7159 29.0378H25.7167V28.8754C25.7167 28.6413 25.6357 28.4531 25.4733 28.3118C25.3109 28.1711 25.0918 28.1004 24.8154 28.1004C24.5927 28.1004 24.3916 28.1592 24.2111 28.2763C24.0312 28.3933 23.8956 28.5299 23.8059 28.6862L22.9494 28.1726C23.1113 27.8782 23.3516 27.6333 23.6703 27.4379C23.9889 27.2425 24.3705 27.145 24.8154 27.145C25.4522 27.145 25.9482 27.2982 26.3024 27.6044C26.6572 27.9112 26.8345 28.3526 26.8345 28.9295V31.8685H25.9152L25.7621 31.2735C25.6115 31.4776 25.4207 31.6401 25.1892 31.7602C24.9582 31.8803 24.686 31.9401 24.3735 31.9401C24.1029 31.9401 23.8476 31.8865 23.6074 31.7782Z" fill="white"></path><path d="M27.8214 30.3V28.1726H27.1182V27.2167H27.8214V26.4417L28.9393 25.7384V27.2167H30.1381V28.1726H28.9393V30.2458C28.9393 30.6903 29.1166 30.9125 29.4709 30.9125C29.6333 30.9125 29.7895 30.8496 29.9395 30.7233L30.4443 31.5797C30.2881 31.706 30.1169 31.7978 29.9308 31.855C29.7446 31.9117 29.5549 31.9401 29.3626 31.9401C28.3355 31.9401 27.8214 31.3936 27.8214 30.3Z" fill="white"></path><path d="M31.5487 31.6339C31.194 31.4297 30.9176 31.1456 30.7196 30.7821C30.5211 30.4186 30.4221 30.0056 30.4221 29.5426C30.4221 29.0801 30.5211 28.6666 30.7196 28.3031C30.9176 27.9396 31.194 27.6555 31.5487 27.4513C31.9034 27.2471 32.3087 27.145 32.7655 27.145C33.7993 27.145 34.4995 27.5683 34.8661 28.416L33.8473 28.8754C33.6132 28.4067 33.2528 28.1726 32.7655 28.1726C32.417 28.1726 32.1288 28.2989 31.9004 28.5511C31.6719 28.8037 31.558 29.1342 31.558 29.5426C31.558 29.9509 31.6719 30.282 31.9004 30.5341C32.1288 30.7867 32.417 30.9125 32.7655 30.9125C33.2528 30.9125 33.6132 30.6785 33.8473 30.2098L34.8661 30.6697C34.4995 31.5168 33.7993 31.9401 32.7655 31.9401C32.3087 31.9401 31.9034 31.8386 31.5487 31.6339Z" fill="white"></path><path d="M35.3998 25.4863H36.5176V27.9473C36.662 27.707 36.8615 27.5132 37.1167 27.3657C37.3725 27.2188 37.6592 27.145 37.9778 27.145C38.4702 27.145 38.8579 27.2909 39.1405 27.5823C39.423 27.8736 39.5643 28.2804 39.5643 28.8037V31.8685H38.4465V29.0285C38.4465 28.7522 38.3758 28.5408 38.2346 28.3933C38.0933 28.2458 37.8907 28.1726 37.6262 28.1726C37.3199 28.1726 37.0585 28.3093 36.8419 28.5825C36.6254 28.8558 36.5176 29.275 36.5176 29.8401V31.8685H35.3998V25.4863Z" fill="white"></path></svg><p class="styled__StyledBodyText-sc-119w3hf-5 ggtTyf styled__DarkGreyBodyText-jk5kya-0 iwRWTH">Aldi Price Match</p></div></div></div></div><div class="styles__StyledBuyBoxWrapper-dvv1wj-4 dSvjUC"><div class="styles__StyledBuyBoxContainer-sc-1wx0qp6-0 erryje" data-auto="buybox-container"><div class="styles__SafeFormWrapper-jtpu2t-0 lcrYKS"><form action="https://www.tesco.com/groceries/en-GB/trolley/items/287195415?_method=PUT" method="POST"><input type="submit" class="hidden"><input name="id" type="hidden" value="287195415"><input name="identifier" type="hidden" value="Page"><input name="anchorId" type="hidden" value="#tile-287195415"><input name="returnUrl" type="hidden" value="/groceries/en-GB/shop/drinks/all?redirectIfUnavailable=true#tile-287195415"><input name="backToUrl" type="hidden" value="#"><input name="oldValue" type="hidden" value="0"><input name="oldUnitChoice" type="hidden" value="pcs"><input name="newUnitChoice" type="hidden" value="pcs"><div class="base-components__RootElement-sc-1mosoyj-1 styled__Container-sc-6nhkzi-0 jptQqM hSNpTb beans-buybox__container"><div class="base-components__BaseElement-sc-1mosoyj-0 styled__PriceAndActions-sc-6nhkzi-3 oznwo eEPLov beans-buybox__price-and-actions"><div class="base-components__RootElement-sc-1mosoyj-1 styled__Container-sc-8qlq5b-0 jptQqM bgZrjw styled__StyledPrice-sc-6nhkzi-5 iYHeik beans-buybox__price beans-price__container"><p class="styled__StyledHeading-sc-119w3hf-2 jWPEtj styled__Text-sc-8qlq5b-1 lnaeiZ beans-price__text">£3.95</p><p class="styled__StyledFootnote-sc-119w3hf-7 icrlVF styled__Subtext-sc-8qlq5b-2 bNJmdc beans-price__subtext">£0.57/100g</p></div><div class="base-components__RootElement-sc-1mosoyj-1 styled__Container-vtxwzb-0 jptQqM bDFhXJ beans-buybox__actions beans-quantity-controls__container"><div class="base-components__RootElement-sc-1mosoyj-1 styled__Container-sc-16t2b2a-0 jptQqM PUfgZ styled__StyledFormGroup-vtxwzb-1 kzKuAr beans-quantity-controls__form-group beans-form-group__container"><label class="styled__StyledLabel-sc-1ttuvhr-0 izGEjV beans-form-group__label beans-label" for="quantity-controls-287195415">Quantity controls </label><div class="base-components__BaseElement-sc-1mosoyj-0 styled__Children-sc-16t2b2a-3 oznwo gdJvjO beans-form-group__children"><div class="styled__StyledQuantityControlWrapper-vtxwzb-6 LCxOg"><label id="quantity-controls-287195415-label" class="styled__VisuallyHiddenLabel-vtxwzb-7 gXlLiM">Quantity of Pg Tips 240S Pyramid Teabags 696G</label><div class="component__Wrapper-sc-1kpmik-3 dReplG input-wrapper"><input class="base-components__RootElement-sc-1mosoyj-1 styled__StyledInput-sc-1jd5f57-0 component__StyledAsInput-sc-1kpmik-4 jptQqM eJLlow styled__StyledInput-vtxwzb-3 lwMHo beans-quantity-controls__input beans-input" data-auto="beans-quantity-controls-input" autocomplete="off" id="quantity-controls-287195415" maxlength="2" name="newValue" type="number" aria-labelledby="quantity-controls-287195415-label" value="1"></div></div><button class="styled__BaseButton-rsekm1-0 styled__PrimaryButton-rsekm1-2 jChbeY geeWOF styled__StyledButton-vtxwzb-5 japAxb beans-quantity-controls__add-button beans-button__container" type="submit" data-auto="beans-quantity-controls-add-button" aria-label="Quantity of Pg Tips 240S Pyramid Teabags 696G"><span class="base-components__BaseElement-sc-1mosoyj-0 styled__InnerContainer-rsekm1-1 oznwo fuFres beans-button__inner-container"><span class="base-components__BaseElement-sc-1mosoyj-0 styled__TextSpan-rsekm1-4 oznwo GDiMp beans-button__text">Add</span></span></button></div></div></div></div></div><input name="_csrf" type="hidden" value="0WbpBJF9-cS-fAMl-ByHnl5hECj1JaZiBQ20"></form></div></div></div></div><div class="hidden-medium product-info-section-small"><div class="product-info-message-list"><div class="styled__WhiteBackground-sc-9yzfq2-1 jthPIJ"><svg width="56" height="56" viewBox="0 0 56 56" fill="none" xmlns="http://www.w3.org/2000/svg"><path d="M52.1301 27.8766C52.1301 14.5534 41.3293 3.75308 28.0066 3.75308C14.6834 3.75308 3.88306 14.5534 3.88306 27.8766C3.88306 41.1998 14.6834 52.0002 28.0066 52.0002C41.3293 52.0002 52.1301 41.1998 52.1301 27.8766Z" fill="#EE1C2E"></path><path d="M19.6853 36.5687L31.8169 48.6998L52.6633 27.8998L51.9894 23.0423L31.886 43.1452L22.5438 33.803L19.6853 36.5687Z" fill="white"></path><path d="M24.2699 12.0048L23.5594 9.93467L22.8484 12.0048H24.2699ZM24.6345 13.0711H22.4844L21.9776 14.5375H20.7515L22.9815 8.31722H24.1369L26.3669 14.5375H25.1408L24.6345 13.0711Z" fill="white"></path><path d="M27.8359 14.5375H26.734V8.24609H27.8359V14.5375Z" fill="white"></path><path d="M31.5684 13.2309C31.7849 12.9886 31.8927 12.6597 31.8927 12.2446C31.8927 11.8306 31.7849 11.5016 31.5684 11.2588C31.3524 11.0159 31.0811 10.8942 30.7558 10.8942C30.4299 10.8942 30.1587 11.0159 29.9427 11.2588C29.7267 11.5016 29.6184 11.8306 29.6184 12.2446C29.6184 12.6597 29.7267 12.9886 29.9427 13.2309C30.1587 13.4738 30.4299 13.5955 30.7558 13.5955C31.0811 13.5955 31.3524 13.4738 31.5684 13.2309ZM29.4673 14.3065C29.159 14.1049 28.9177 13.8234 28.7429 13.4619C28.5681 13.101 28.481 12.6952 28.481 12.2446C28.481 11.7888 28.5655 11.3815 28.7341 11.0231C28.9032 10.6648 29.1384 10.3848 29.4405 10.1837C29.7426 9.98212 30.0891 9.88158 30.48 9.88158C30.7883 9.88158 31.0579 9.93624 31.2889 10.0455C31.5199 10.1554 31.6978 10.3106 31.8221 10.5122V8.24609H32.9239V14.5375H31.8221V13.9863C31.6916 14.1704 31.5137 14.3194 31.2889 14.4349C31.0636 14.5504 30.797 14.6086 30.4892 14.6086C30.1159 14.6086 29.7751 14.5076 29.4673 14.3065Z" fill="white"></path><path d="M34.9657 14.5375H33.8638V9.95224H34.9657V14.5375ZM33.9082 8.34408C34.0443 8.20796 34.2129 8.1399 34.4145 8.1399C34.6161 8.1399 34.7847 8.20796 34.9208 8.34408C35.0574 8.48071 35.1255 8.64931 35.1255 8.8504C35.1255 9.052 35.0574 9.22112 34.9208 9.35724C34.7847 9.49336 34.6161 9.56142 34.4145 9.56142C34.2129 9.56142 34.0443 9.49336 33.9082 9.35724C33.7715 9.22112 33.704 9.052 33.704 8.8504C33.704 8.64931 33.7715 8.48071 33.9082 8.34408Z" fill="white"></path><path d="M19.6791 19.3347C19.8894 19.1506 19.9946 18.8779 19.9946 18.5169C19.9946 18.1565 19.8894 17.8838 19.6791 17.6997C19.4682 17.5156 19.183 17.4233 18.8221 17.4233H17.5027V19.6111H18.8221C19.183 19.6111 19.4682 19.5188 19.6791 19.3347ZM17.5027 23.9628H16.0374V16.0704H18.9345C19.461 16.0704 19.9157 16.1776 20.2988 16.3921C20.6824 16.6061 20.9753 16.8995 21.1784 17.2712C21.3816 17.6435 21.4826 18.0586 21.4826 18.5169C21.4826 18.9758 21.3816 19.3909 21.1784 19.7632C20.9753 20.1354 20.6824 20.4283 20.2988 20.6423C19.9157 20.8568 19.461 20.9635 18.9345 20.9635H17.5027V23.9628Z" fill="white"></path><path d="M22.0396 18.1451H23.4379V19.0248C23.6029 18.7087 23.8359 18.4684 24.1365 18.3029C24.4376 18.1374 24.7717 18.0549 25.1404 18.0549C25.5235 18.0549 25.8241 18.1415 26.0422 18.3143L25.5689 19.4981C25.3729 19.3929 25.1662 19.3403 24.9486 19.3403C24.5124 19.3403 24.152 19.528 23.8663 19.9039C23.5802 20.2797 23.4379 20.8582 23.4379 21.6404V23.9627H22.0396V18.1451Z" fill="white"></path><path d="M27.8879 23.9627H26.4896V18.1451H27.8879V23.9627ZM26.5458 16.1044C26.7191 15.9316 26.933 15.845 27.1888 15.845C27.444 15.845 27.658 15.9316 27.8312 16.1044C28.0039 16.2771 28.0906 16.4916 28.0906 16.7468C28.0906 17.0026 28.0039 17.217 27.8312 17.3898C27.658 17.5625 27.444 17.6491 27.1888 17.6491C26.933 17.6491 26.7191 17.5625 26.5458 17.3898C26.3731 17.217 26.287 17.0026 26.287 16.7468C26.287 16.4916 26.3731 16.2771 26.5458 16.1044Z" fill="white"></path><path d="M30.0603 23.6693C29.6168 23.4141 29.2714 23.0588 29.0234 22.6041C28.7754 22.1493 28.6511 21.6327 28.6511 21.0537C28.6511 20.4752 28.7754 19.9585 29.0234 19.5038C29.2714 19.049 29.6168 18.6937 30.0603 18.438C30.5037 18.1828 31.011 18.0549 31.5823 18.0549C32.8749 18.0549 33.751 18.585 34.2093 19.6445L32.9353 20.2199C32.6424 19.6332 32.1913 19.3403 31.5823 19.3403C31.1466 19.3403 30.7857 19.4981 30.5001 19.8136C30.2144 20.1297 30.0716 20.5427 30.0716 21.0537C30.0716 21.5651 30.2144 21.9787 30.5001 22.2942C30.7857 22.6097 31.1466 22.7675 31.5823 22.7675C32.1913 22.7675 32.6424 22.4747 32.9353 21.8884L34.2093 22.4633C33.751 23.5229 32.8749 24.0529 31.5823 24.0529C31.011 24.0529 30.5037 23.9251 30.0603 23.6693Z" fill="white"></path><path d="M38.727 20.3999C38.6744 20.0694 38.5223 19.7987 38.2707 19.5883C38.0186 19.3779 37.7015 19.2728 37.3179 19.2728C36.9946 19.2728 36.7048 19.3723 36.4496 19.5713C36.1939 19.7708 36.0175 20.0467 35.9196 20.3999H38.727ZM40.1588 21.5048H35.8633C35.9381 21.9333 36.115 22.2586 36.3934 22.4803C36.6713 22.702 37.0095 22.8129 37.4081 22.8129C37.7386 22.8129 38.015 22.7433 38.2367 22.6041C38.4584 22.4649 38.6708 22.253 38.874 21.9673L40.0573 22.6097C39.7716 23.0759 39.4092 23.4327 38.9693 23.6812C38.5295 23.9287 37.983 24.0529 37.3292 24.0529C36.7125 24.0529 36.1846 23.9086 35.7453 23.6188C35.3055 23.3295 34.9765 22.9557 34.7584 22.4968C34.5403 22.0385 34.4315 21.5574 34.4315 21.0537C34.4315 20.5504 34.546 20.0694 34.7754 19.611C35.0044 19.1526 35.3374 18.7783 35.7731 18.4891C36.2088 18.1998 36.7239 18.0549 37.3179 18.0549C37.9191 18.0549 38.4341 18.19 38.8626 18.4607C39.2911 18.7314 39.6139 19.0866 39.832 19.5264C40.0501 19.9657 40.1588 20.4339 40.1588 20.9299V21.5048Z" fill="white"></path><path d="M16.3879 25.558H17.7399L19.2454 29.4977L20.751 25.558H22.1029V31.8684H20.9309V28.0282L19.6873 31.2915H18.8035L17.5599 28.0282V31.8684H16.3879V25.558Z" fill="white"></path><path d="M25.4058 30.7146C25.6131 30.5341 25.7167 30.3119 25.7167 30.0474V29.9216H24.8335C24.5746 29.9216 24.3689 29.971 24.2158 30.07C24.0626 30.169 23.9858 30.3057 23.9858 30.48C23.9858 30.6424 24.0415 30.7671 24.1529 30.8543C24.2637 30.9414 24.4277 30.9847 24.6437 30.9847C24.9443 30.9847 25.1985 30.8945 25.4058 30.7146ZM23.6074 31.7782C23.3671 31.67 23.1748 31.5122 23.0304 31.3049C22.886 31.0976 22.8138 30.8496 22.8138 30.5609C22.8138 30.1046 22.9855 29.7364 23.3279 29.457C23.6703 29.1775 24.1333 29.0378 24.7159 29.0378H25.7167V28.8754C25.7167 28.6413 25.6357 28.4531 25.4733 28.3118C25.3109 28.1711 25.0918 28.1004 24.8154 28.1004C24.5927 28.1004 24.3916 28.1592 24.2111 28.2763C24.0312 28.3933 23.8956 28.5299 23.8059 28.6862L22.9494 28.1726C23.1113 27.8782 23.3516 27.6333 23.6703 27.4379C23.9889 27.2425 24.3705 27.145 24.8154 27.145C25.4522 27.145 25.9482 27.2982 26.3024 27.6044C26.6572 27.9112 26.8345 28.3526 26.8345 28.9295V31.8685H25.9152L25.7621 31.2735C25.6115 31.4776 25.4207 31.6401 25.1892 31.7602C24.9582 31.8803 24.686 31.9401 24.3735 31.9401C24.1029 31.9401 23.8476 31.8865 23.6074 31.7782Z" fill="white"></path><path d="M27.8214 30.3V28.1726H27.1182V27.2167H27.8214V26.4417L28.9393 25.7384V27.2167H30.1381V28.1726H28.9393V30.2458C28.9393 30.6903 29.1166 30.9125 29.4709 30.9125C29.6333 30.9125 29.7895 30.8496 29.9395 30.7233L30.4443 31.5797C30.2881 31.706 30.1169 31.7978 29.9308 31.855C29.7446 31.9117 29.5549 31.9401 29.3626 31.9401C28.3355 31.9401 27.8214 31.3936 27.8214 30.3Z" fill="white"></path><path d="M31.5487 31.6339C31.194 31.4297 30.9176 31.1456 30.7196 30.7821C30.5211 30.4186 30.4221 30.0056 30.4221 29.5426C30.4221 29.0801 30.5211 28.6666 30.7196 28.3031C30.9176 27.9396 31.194 27.6555 31.5487 27.4513C31.9034 27.2471 32.3087 27.145 32.7655 27.145C33.7993 27.145 34.4995 27.5683 34.8661 28.416L33.8473 28.8754C33.6132 28.4067 33.2528 28.1726 32.7655 28.1726C32.417 28.1726 32.1288 28.2989 31.9004 28.5511C31.6719 28.8037 31.558 29.1342 31.558 29.5426C31.558 29.9509 31.6719 30.282 31.9004 30.5341C32.1288 30.7867 32.417 30.9125 32.7655 30.9125C33.2528 30.9125 33.6132 30.6785 33.8473 30.2098L34.8661 30.6697C34.4995 31.5168 33.7993 31.9401 32.7655 31.9401C32.3087 31.9401 31.9034 31.8386 31.5487 31.6339Z" fill="white"></path><path d="M35.3998 25.4863H36.5176V27.9473C36.662 27.707 36.8615 27.5132 37.1167 27.3657C37.3725 27.2188 37.6592 27.145 37.9778 27.145C38.4702 27.145 38.8579 27.2909 39.1405 27.5823C39.423 27.8736 39.5643 28.2804 39.5643 28.8037V31.8685H38.4465V29.0285C38.4465 28.7522 38.3758 28.5408 38.2346 28.3933C38.0933 28.2458 37.8907 28.1726 37.6262 28.1726C37.3199 28.1726 37.0585 28.3093 36.8419 28.5825C36.6254 28.8558 36.5176 29.275 36.5176 29.8401V31.8685H35.3998V25.4863Z" fill="white"></path></svg><p class="styled__StyledBodyText-sc-119w3hf-5 ggtTyf styled__DarkGreyBodyText-jk5kya-0 iwRWTH">Aldi Price Match</p></div></div></div></div></div></div></div></li><li class="product-list--list-item"><div class="styles__StyledVerticalTileWrapper-dvv1wj-0 dtCNPH"><div data-auto="product-tile" data-auto-type="Quantity" data-auto-available="true" data-auto-is-restricted-disabled="false" data-auto-is-substitute="false" class="styles__StyledVerticalTile-dvv1wj-1 gSCsYK"><div class="styles__StyledTileContentWrapper-dvv1wj-2 bkNhNP beans"><div id="tile-308467696" data-auto-id="308467696" class="styles__StyledTiledContent-dvv1wj-3 bcglTg"><a href="https://www.tesco.com/groceries/en-GB/products/308467696" aria-hidden="true" class="product-image-wrapper" tabindex="1"><div class="product-image__container"><picture><img class="styled__Image-sjvkdn-0 bJErKA product-image beans-responsive-image__image" src="data:image/gif;base64,R0lGODlhAQABAAAAACH5BAEKAAEALAAAAAABAAEAAAICTAEAOw==" srcset="https://digitalcontent.api.tesco.com/v2/media/ghs/4985a956-ed33-4f59-897e-fafa764c6954/5963a9a9-afcb-4c39-89d1-081768014195_2095563806.jpeg?h=225&amp;w=225 768w, data:image/gif;base64,R0lGODlhAQABAAAAACH5BAEKAAEALAAAAAABAAEAAAICTAEAOw== 4000w" alt="Yorkshire Tea 210 Tea Bags 656G"></picture></div></a><div class="product-details--wrapper"><h3 class="styles__H3-oa5soe-0 bCKNNq"><a href="https://www.tesco.com/groceries/en-GB/products/308467696" class="styled__Anchor-sc-1xbujuz-0 csVOnh beans-link__anchor" data-auto="product-tile--title"><span class="styled__Text-sc-1xbujuz-1 ldbwMG beans-link__text">Yorkshire Tea 210 Tea Bags 656G</span></a></h3><div class="styles__StyledPromotionsAboveMobile-dvv1wj-7 iPTMuo"></div><div class="styles__StyledProductDetailsContent-dvv1wj-5 ddRSrq"><a href="https://www.tesco.com/groceries/en-GB/reviews/submission/308467696?from=%2Fshop%2Fdrinks%2Fall" aria-label="Write a review for Yorkshire Tea 210 Tea Bags 656G" class="styled__Anchor-sc-1xbujuz-0 jSzuDt write-a-review-link beans-link__anchor" data-auto="review-link"><span class="styled__Text-sc-1xbujuz-1 fyDIEo beans-link__text">Write a review</span><span class="styled__IconContainer-sc-1xbujuz-2 bSauSL beans-link__icon-container"><svg aria-hidden="true" class="styled__SVG-xxa4wh-1 hQMCqc beans-link__icon beans-icon__svg" height="13.33" preserveAspectRatio="xMinYMax meet" viewBox="-1 0 12 20" width="8" xmlns="http://www.w3.org/2000/svg" color="currentColor"><path d="M1.312 1.348L10.276 10l-8.964 8.644" fill="none" stroke="currentColor"></path></svg></span></a><div><a href="https://www.tesco.com/groceries/en-GB/shop/drinks/tea/everyday-tea-bags/everyday-tea-bags" class="styled__Anchor-sc-1xbujuz-0 jSzuDt rest-of-shelf-link beans-link__anchor" data-auto="rest-of-shelf-link"><span class="styled__Text-sc-1xbujuz-1 fyDIEo beans-link__text">Rest of <span class="visually-hidden">Everyday Tea Bags</span> shelf</span><span class="styled__IconContainer-sc-1xbujuz-2 bSauSL beans-link__icon-container"><svg aria-hidden="true" class="styled__SVG-xxa4wh-1 hQMCqc beans-link__icon beans-icon__svg" height="13.33" preserveAspectRatio="xMinYMax meet" viewBox="-1 0 12 20" width="8" xmlns="http://www.w3.org/2000/svg" color="currentColor"><path d="M1.312 1.348L10.276 10l-8.964 8.644" fill="none" stroke="currentColor"></path></svg></span></a></div><div class="product-info-message-section"><div class="product-info-message-list"><div class="styled__WhiteBackground-sc-9yzfq2-1 jthPIJ"><svg width="56" height="56" viewBox="0 0 56 56" fill="none" xmlns="http://www.w3.org/2000/svg"><path d="M52.1301 27.8766C52.1301 14.5534 41.3293 3.75308 28.0066 3.75308C14.6834 3.75308 3.88306 14.5534 3.88306 27.8766C3.88306 41.1998 14.6834 52.0002 28.0066 52.0002C41.3293 52.0002 52.1301 41.1998 52.1301 27.8766Z" fill="#EE1C2E"></path><path d="M19.6853 36.5687L31.8169 48.6998L52.6633 27.8998L51.9894 23.0423L31.886 43.1452L22.5438 33.803L19.6853 36.5687Z" fill="white"></path><path d="M24.2699 12.0048L23.5594 9.93467L22.8484 12.0048H24.2699ZM24.6345 13.0711H22.4844L21.9776 14.5375H20.7515L22.9815 8.31722H24.1369L26.3669 14.5375H25.1408L24.6345 13.0711Z" fill="white"></path><path d="M27.8359 14.5375H26.734V8.24609H27.8359V14.5375Z" fill="white"></path><path d="M31.5684 13.2309C31.7849 12.9886 31.8927 12.6597 31.8927 12.2446C31.8927 11.8306 31.7849 11.5016 31.5684 11.2588C31.3524 11.0159 31.0811 10.8942 30.7558 10.8942C30.4299 10.8942 30.1587 11.0159 29.9427 11.2588C29.7267 11.5016 29.6184 11.8306 29.6184 12.2446C29.6184 12.6597 29.7267 12.9886 29.9427 13.2309C30.1587 13.4738 30.4299 13.5955 30.7558 13.5955C31.0811 13.5955 31.3524 13.4738 31.5684 13.2309ZM29.4673 14.3065C29.159 14.1049 28.9177 13.8234 28.7429 13.4619C28.5681 13.101 28.481 12.6952 28.481 12.2446C28.481 11.7888 28.5655 11.3815 28.7341 11.0231C28.9032 10.6648 29.1384 10.3848 29.4405 10.1837C29.7426 9.98212 30.0891 9.88158 30.48 9.88158C30.7883 9.88158 31.0579 9.93624 31.2889 10.0455C31.5199 10.1554 31.6978 10.3106 31.8221 10.5122V8.24609H32.9239V14.5375H31.8221V13.9863C31.6916 14.1704 31.5137 14.3194 31.2889 14.4349C31.0636 14.5504 30.797 14.6086 30.4892 14.6086C30.1159 14.6086 29.7751 14.5076 29.4673 14.3065Z" fill="white"></path><path d="M34.9657 14.5375H33.8638V9.95224H34.9657V14.5375ZM33.9082 8.34408C34.0443 8.20796 34.2129 8.1399 34.4145 8.1399C34.6161 8.1399 34.7847 8.20796 34.9208 8.34408C35.0574 8.48071 35.1255 8.64931 35.1255 8.8504C35.1255 9.052 35.0574 9.22112 34.9208 9.35724C34.7847 9.49336 34.6161 9.56142 34.4145 9.56142C34.2129 9.56142 34.0443 9.49336 33.9082 9.35724C33.7715 9.22112 33.704 9.052 33.704 8.8504C33.704 8.64931 33.7715 8.48071 33.9082 8.34408Z" fill="white"></path><path d="M19.6791 19.3347C19.8894 19.1506 19.9946 18.8779 19.9946 18.5169C19.9946 18.1565 19.8894 17.8838 19.6791 17.6997C19.4682 17.5156 19.183 17.4233 18.8221 17.4233H17.5027V19.6111H18.8221C19.183 19.6111 19.4682 19.5188 19.6791 19.3347ZM17.5027 23.9628H16.0374V16.0704H18.9345C19.461 16.0704 19.9157 16.1776 20.2988 16.3921C20.6824 16.6061 20.9753 16.8995 21.1784 17.2712C21.3816 17.6435 21.4826 18.0586 21.4826 18.5169C21.4826 18.9758 21.3816 19.3909 21.1784 19.7632C20.9753 20.1354 20.6824 20.4283 20.2988 20.6423C19.9157 20.8568 19.461 20.9635 18.9345 20.9635H17.5027V23.9628Z" fill="white"></path><path d="M22.0396 18.1451H23.4379V19.0248C23.6029 18.7087 23.8359 18.4684 24.1365 18.3029C24.4376 18.1374 24.7717 18.0549 25.1404 18.0549C25.5235 18.0549 25.8241 18.1415 26.0422 18.3143L25.5689 19.4981C25.3729 19.3929 25.1662 19.3403 24.9486 19.3403C24.5124 19.3403 24.152 19.528 23.8663 19.9039C23.5802 20.2797 23.4379 20.8582 23.4379 21.6404V23.9627H22.0396V18.1451Z" fill="white"></path><path d="M27.8879 23.9627H26.4896V18.1451H27.8879V23.9627ZM26.5458 16.1044C26.7191 15.9316 26.933 15.845 27.1888 15.845C27.444 15.845 27.658 15.9316 27.8312 16.1044C28.0039 16.2771 28.0906 16.4916 28.0906 16.7468C28.0906 17.0026 28.0039 17.217 27.8312 17.3898C27.658 17.5625 27.444 17.6491 27.1888 17.6491C26.933 17.6491 26.7191 17.5625 26.5458 17.3898C26.3731 17.217 26.287 17.0026 26.287 16.7468C26.287 16.4916 26.3731 16.2771 26.5458 16.1044Z" fill="white"></path><path d="M30.0603 23.6693C29.6168 23.4141 29.2714 23.0588 29.0234 22.6041C28.7754 22.1493 28.6511 21.6327 28.6511 21.0537C28.6511 20.4752 28.7754 19.9585 29.0234 19.5038C29.2714 19.049 29.6168 18.6937 30.0603 18.438C30.5037 18.1828 31.011 18.0549 31.5823 18.0549C32.8749 18.0549 33.751 18.585 34.2093 19.6445L32.9353 20.2199C32.6424 19.6332 32.1913 19.3403 31.5823 19.3403C31.1466 19.3403 30.7857 19.4981 30.5001 19.8136C30.2144 20.1297 30.0716 20.5427 30.0716 21.0537C30.0716 21.5651 30.2144 21.9787 30.5001 22.2942C30.7857 22.6097 31.1466 22.7675 31.5823 22.7675C32.1913 22.7675 32.6424 22.4747 32.9353 21.8884L34.2093 22.4633C33.751 23.5229 32.8749 24.0529 31.5823 24.0529C31.011 24.0529 30.5037 23.9251 30.0603 23.6693Z" fill="white"></path><path d="M38.727 20.3999C38.6744 20.0694 38.5223 19.7987 38.2707 19.5883C38.0186 19.3779 37.7015 19.2728 37.3179 19.2728C36.9946 19.2728 36.7048 19.3723 36.4496 19.5713C36.1939 19.7708 36.0175 20.0467 35.9196 20.3999H38.727ZM40.1588 21.5048H35.8633C35.9381 21.9333 36.115 22.2586 36.3934 22.4803C36.6713 22.702 37.0095 22.8129 37.4081 22.8129C37.7386 22.8129 38.015 22.7433 38.2367 22.6041C38.4584 22.4649 38.6708 22.253 38.874 21.9673L40.0573 22.6097C39.7716 23.0759 39.4092 23.4327 38.9693 23.6812C38.5295 23.9287 37.983 24.0529 37.3292 24.0529C36.7125 24.0529 36.1846 23.9086 35.7453 23.6188C35.3055 23.3295 34.9765 22.9557 34.7584 22.4968C34.5403 22.0385 34.4315 21.5574 34.4315 21.0537C34.4315 20.5504 34.546 20.0694 34.7754 19.611C35.0044 19.1526 35.3374 18.7783 35.7731 18.4891C36.2088 18.1998 36.7239 18.0549 37.3179 18.0549C37.9191 18.0549 38.4341 18.19 38.8626 18.4607C39.2911 18.7314 39.6139 19.0866 39.832 19.5264C40.0501 19.9657 40.1588 20.4339 40.1588 20.9299V21.5048Z" fill="white"></path><path d="M16.3879 25.558H17.7399L19.2454 29.4977L20.751 25.558H22.1029V31.8684H20.9309V28.0282L19.6873 31.2915H18.8035L17.5599 28.0282V31.8684H16.3879V25.558Z" fill="white"></path><path d="M25.4058 30.7146C25.6131 30.5341 25.7167 30.3119 25.7167 30.0474V29.9216H24.8335C24.5746 29.9216 24.3689 29.971 24.2158 30.07C24.0626 30.169 23.9858 30.3057 23.9858 30.48C23.9858 30.6424 24.0415 30.7671 24.1529 30.8543C24.2637 30.9414 24.4277 30.9847 24.6437 30.9847C24.9443 30.9847 25.1985 30.8945 25.4058 30.7146ZM23.6074 31.7782C23.3671 31.67 23.1748 31.5122 23.0304 31.3049C22.886 31.0976 22.8138 30.8496 22.8138 30.5609C22.8138 30.1046 22.9855 29.7364 23.3279 29.457C23.6703 29.1775 24.1333 29.0378 24.7159 29.0378H25.7167V28.8754C25.7167 28.6413 25.6357 28.4531 25.4733 28.3118C25.3109 28.1711 25.0918 28.1004 24.8154 28.1004C24.5927 28.1004 24.3916 28.1592 24.2111 28.2763C24.0312 28.3933 23.8956 28.5299 23.8059 28.6862L22.9494 28.1726C23.1113 27.8782 23.3516 27.6333 23.6703 27.4379C23.9889 27.2425 24.3705 27.145 24.8154 27.145C25.4522 27.145 25.9482 27.2982 26.3024 27.6044C26.6572 27.9112 26.8345 28.3526 26.8345 28.9295V31.8685H25.9152L25.7621 31.2735C25.6115 31.4776 25.4207 31.6401 25.1892 31.7602C24.9582 31.8803 24.686 31.9401 24.3735 31.9401C24.1029 31.9401 23.8476 31.8865 23.6074 31.7782Z" fill="white"></path><path d="M27.8214 30.3V28.1726H27.1182V27.2167H27.8214V26.4417L28.9393 25.7384V27.2167H30.1381V28.1726H28.9393V30.2458C28.9393 30.6903 29.1166 30.9125 29.4709 30.9125C29.6333 30.9125 29.7895 30.8496 29.9395 30.7233L30.4443 31.5797C30.2881 31.706 30.1169 31.7978 29.9308 31.855C29.7446 31.9117 29.5549 31.9401 29.3626 31.9401C28.3355 31.9401 27.8214 31.3936 27.8214 30.3Z" fill="white"></path><path d="M31.5487 31.6339C31.194 31.4297 30.9176 31.1456 30.7196 30.7821C30.5211 30.4186 30.4221 30.0056 30.4221 29.5426C30.4221 29.0801 30.5211 28.6666 30.7196 28.3031C30.9176 27.9396 31.194 27.6555 31.5487 27.4513C31.9034 27.2471 32.3087 27.145 32.7655 27.145C33.7993 27.145 34.4995 27.5683 34.8661 28.416L33.8473 28.8754C33.6132 28.4067 33.2528 28.1726 32.7655 28.1726C32.417 28.1726 32.1288 28.2989 31.9004 28.5511C31.6719 28.8037 31.558 29.1342 31.558 29.5426C31.558 29.9509 31.6719 30.282 31.9004 30.5341C32.1288 30.7867 32.417 30.9125 32.7655 30.9125C33.2528 30.9125 33.6132 30.6785 33.8473 30.2098L34.8661 30.6697C34.4995 31.5168 33.7993 31.9401 32.7655 31.9401C32.3087 31.9401 31.9034 31.8386 31.5487 31.6339Z" fill="white"></path><path d="M35.3998 25.4863H36.5176V27.9473C36.662 27.707 36.8615 27.5132 37.1167 27.3657C37.3725 27.2188 37.6592 27.145 37.9778 27.145C38.4702 27.145 38.8579 27.2909 39.1405 27.5823C39.423 27.8736 39.5643 28.2804 39.5643 28.8037V31.8685H38.4465V29.0285C38.4465 28.7522 38.3758 28.5408 38.2346 28.3933C38.0933 28.2458 37.8907 28.1726 37.6262 28.1726C37.3199 28.1726 37.0585 28.3093 36.8419 28.5825C36.6254 28.8558 36.5176 29.275 36.5176 29.8401V31.8685H35.3998V25.4863Z" fill="white"></path></svg><p class="styled__StyledBodyText-sc-119w3hf-5 ggtTyf styled__DarkGreyBodyText-jk5kya-0 iwRWTH">Aldi Price Match</p></div></div></div></div><div class="styles__StyledBuyBoxWrapper-dvv1wj-4 dSvjUC"><div class="styles__StyledBuyBoxContainer-sc-1wx0qp6-0 erryje" data-auto="buybox-container"><div class="styles__SafeFormWrapper-jtpu2t-0 lcrYKS"><form action="https://www.tesco.com/groceries/en-GB/trolley/items/308467696?_method=PUT" method="POST"><input type="submit" class="hidden"><input name="id" type="hidden" value="308467696"><input name="identifier" type="hidden" value="Page"><input name="anchorId" type="hidden" value="#tile-308467696"><input name="returnUrl" type="hidden" value="/groceries/en-GB/shop/drinks/all?redirectIfUnavailable=true#tile-308467696"><input name="backToUrl" type="hidden" value="#"><input name="oldValue" type="hidden" value="0"><input name="oldUnitChoice" type="hidden" value="pcs"><input name="newUnitChoice" type="hidden" value="pcs"><div class="base-components__RootElement-sc-1mosoyj-1 styled__Container-sc-6nhkzi-0 jptQqM hSNpTb beans-buybox__container"><div class="base-components__BaseElement-sc-1mosoyj-0 styled__PriceAndActions-sc-6nhkzi-3 oznwo eEPLov beans-buybox__price-and-actions"><div class="base-components__RootElement-sc-1mosoyj-1 styled__Container-sc-8qlq5b-0 jptQqM bgZrjw styled__StyledPrice-sc-6nhkzi-5 iYHeik beans-buybox__price beans-price__container"><p class="styled__StyledHeading-sc-119w3hf-2 jWPEtj styled__Text-sc-8qlq5b-1 lnaeiZ beans-price__text">£4.49</p><p class="styled__StyledFootnote-sc-119w3hf-7 icrlVF styled__Subtext-sc-8qlq5b-2 bNJmdc beans-price__subtext">£0.68/100g</p></div><div class="base-components__RootElement-sc-1mosoyj-1 styled__Container-vtxwzb-0 jptQqM bDFhXJ beans-buybox__actions beans-quantity-controls__container"><div class="base-components__RootElement-sc-1mosoyj-1 styled__Container-sc-16t2b2a-0 jptQqM PUfgZ styled__StyledFormGroup-vtxwzb-1 kzKuAr beans-quantity-controls__form-group beans-form-group__container"><label class="styled__StyledLabel-sc-1ttuvhr-0 izGEjV beans-form-group__label beans-label" for="quantity-controls-308467696">Quantity controls </label><div class="base-components__BaseElement-sc-1mosoyj-0 styled__Children-sc-16t2b2a-3 oznwo gdJvjO beans-form-group__children"><div class="styled__StyledQuantityControlWrapper-vtxwzb-6 LCxOg"><label id="quantity-controls-308467696-label" class="styled__VisuallyHiddenLabel-vtxwzb-7 gXlLiM">Quantity of Yorkshire Tea 210 Tea Bags 656G</label><div class="component__Wrapper-sc-1kpmik-3 dReplG input-wrapper"><input class="base-components__RootElement-sc-1mosoyj-1 styled__StyledInput-sc-1jd5f57-0 component__StyledAsInput-sc-1kpmik-4 jptQqM eJLlow styled__StyledInput-vtxwzb-3 lwMHo beans-quantity-controls__input beans-input" data-auto="beans-quantity-controls-input" autocomplete="off" id="quantity-controls-308467696" maxlength="2" name="newValue" type="number" aria-labelledby="quantity-controls-308467696-label" value="1"></div></div><button class="styled__BaseButton-rsekm1-0 styled__PrimaryButton-rsekm1-2 jChbeY geeWOF styled__StyledButton-vtxwzb-5 japAxb beans-quantity-controls__add-button beans-button__container" type="submit" data-auto="beans-quantity-controls-add-button" aria-label="Quantity of Yorkshire Tea 210 Tea Bags 656G"><span class="base-components__BaseElement-sc-1mosoyj-0 styled__InnerContainer-rsekm1-1 oznwo fuFres beans-button__inner-container"><span class="base-components__BaseElement-sc-1mosoyj-0 styled__TextSpan-rsekm1-4 oznwo GDiMp beans-button__text">Add</span></span></button></div></div></div></div></div><input name="_csrf" type="hidden" value="0WbpBJF9-cS-fAMl-ByHnl5hECj1JaZiBQ20"></form></div></div></div></div><div class="hidden-medium product-info-section-small"><div class="product-info-message-list"><div class="styled__WhiteBackground-sc-9yzfq2-1 jthPIJ"><svg width="56" height="56" viewBox="0 0 56 56" fill="none" xmlns="http://www.w3.org/2000/svg"><path d="M52.1301 27.8766C52.1301 14.5534 41.3293 3.75308 28.0066 3.75308C14.6834 3.75308 3.88306 14.5534 3.88306 27.8766C3.88306 41.1998 14.6834 52.0002 28.0066 52.0002C41.3293 52.0002 52.1301 41.1998 52.1301 27.8766Z" fill="#EE1C2E"></path><path d="M19.6853 36.5687L31.8169 48.6998L52.6633 27.8998L51.9894 23.0423L31.886 43.1452L22.5438 33.803L19.6853 36.5687Z" fill="white"></path><path d="M24.2699 12.0048L23.5594 9.93467L22.8484 12.0048H24.2699ZM24.6345 13.0711H22.4844L21.9776 14.5375H20.7515L22.9815 8.31722H24.1369L26.3669 14.5375H25.1408L24.6345 13.0711Z" fill="white"></path><path d="M27.8359 14.5375H26.734V8.24609H27.8359V14.5375Z" fill="white"></path><path d="M31.5684 13.2309C31.7849 12.9886 31.8927 12.6597 31.8927 12.2446C31.8927 11.8306 31.7849 11.5016 31.5684 11.2588C31.3524 11.0159 31.0811 10.8942 30.7558 10.8942C30.4299 10.8942 30.1587 11.0159 29.9427 11.2588C29.7267 11.5016 29.6184 11.8306 29.6184 12.2446C29.6184 12.6597 29.7267 12.9886 29.9427 13.2309C30.1587 13.4738 30.4299 13.5955 30.7558 13.5955C31.0811 13.5955 31.3524 13.4738 31.5684 13.2309ZM29.4673 14.3065C29.159 14.1049 28.9177 13.8234 28.7429 13.4619C28.5681 13.101 28.481 12.6952 28.481 12.2446C28.481 11.7888 28.5655 11.3815 28.7341 11.0231C28.9032 10.6648 29.1384 10.3848 29.4405 10.1837C29.7426 9.98212 30.0891 9.88158 30.48 9.88158C30.7883 9.88158 31.0579 9.93624 31.2889 10.0455C31.5199 10.1554 31.6978 10.3106 31.8221 10.5122V8.24609H32.9239V14.5375H31.8221V13.9863C31.6916 14.1704 31.5137 14.3194 31.2889 14.4349C31.0636 14.5504 30.797 14.6086 30.4892 14.6086C30.1159 14.6086 29.7751 14.5076 29.4673 14.3065Z" fill="white"></path><path d="M34.9657 14.5375H33.8638V9.95224H34.9657V14.5375ZM33.9082 8.34408C34.0443 8.20796 34.2129 8.1399 34.4145 8.1399C34.6161 8.1399 34.7847 8.20796 34.9208 8.34408C35.0574 8.48071 35.1255 8.64931 35.1255 8.8504C35.1255 9.052 35.0574 9.22112 34.9208 9.35724C34.7847 9.49336 34.6161 9.56142 34.4145 9.56142C34.2129 9.56142 34.0443 9.49336 33.9082 9.35724C33.7715 9.22112 33.704 9.052 33.704 8.8504C33.704 8.64931 33.7715 8.48071 33.9082 8.34408Z" fill="white"></path><path d="M19.6791 19.3347C19.8894 19.1506 19.9946 18.8779 19.9946 18.5169C19.9946 18.1565 19.8894 17.8838 19.6791 17.6997C19.4682 17.5156 19.183 17.4233 18.8221 17.4233H17.5027V19.6111H18.8221C19.183 19.6111 19.4682 19.5188 19.6791 19.3347ZM17.5027 23.9628H16.0374V16.0704H18.9345C19.461 16.0704 19.9157 16.1776 20.2988 16.3921C20.6824 16.6061 20.9753 16.8995 21.1784 17.2712C21.3816 17.6435 21.4826 18.0586 21.4826 18.5169C21.4826 18.9758 21.3816 19.3909 21.1784 19.7632C20.9753 20.1354 20.6824 20.4283 20.2988 20.6423C19.9157 20.8568 19.461 20.9635 18.9345 20.9635H17.5027V23.9628Z" fill="white"></path><path d="M22.0396 18.1451H23.4379V19.0248C23.6029 18.7087 23.8359 18.4684 24.1365 18.3029C24.4376 18.1374 24.7717 18.0549 25.1404 18.0549C25.5235 18.0549 25.8241 18.1415 26.0422 18.3143L25.5689 19.4981C25.3729 19.3929 25.1662 19.3403 24.9486 19.3403C24.5124 19.3403 24.152 19.528 23.8663 19.9039C23.5802 20.2797 23.4379 20.8582 23.4379 21.6404V23.9627H22.0396V18.1451Z" fill="white"></path><path d="M27.8879 23.9627H26.4896V18.1451H27.8879V23.9627ZM26.5458 16.1044C26.7191 15.9316 26.933 15.845 27.1888 15.845C27.444 15.845 27.658 15.9316 27.8312 16.1044C28.0039 16.2771 28.0906 16.4916 28.0906 16.7468C28.0906 17.0026 28.0039 17.217 27.8312 17.3898C27.658 17.5625 27.444 17.6491 27.1888 17.6491C26.933 17.6491 26.7191 17.5625 26.5458 17.3898C26.3731 17.217 26.287 17.0026 26.287 16.7468C26.287 16.4916 26.3731 16.2771 26.5458 16.1044Z" fill="white"></path><path d="M30.0603 23.6693C29.6168 23.4141 29.2714 23.0588 29.0234 22.6041C28.7754 22.1493 28.6511 21.6327 28.6511 21.0537C28.6511 20.4752 28.7754 19.9585 29.0234 19.5038C29.2714 19.049 29.6168 18.6937 30.0603 18.438C30.5037 18.1828 31.011 18.0549 31.5823 18.0549C32.8749 18.0549 33.751 18.585 34.2093 19.6445L32.9353 20.2199C32.6424 19.6332 32.1913 19.3403 31.5823 19.3403C31.1466 19.3403 30.7857 19.4981 30.5001 19.8136C30.2144 20.1297 30.0716 20.5427 30.0716 21.0537C30.0716 21.5651 30.2144 21.9787 30.5001 22.2942C30.7857 22.6097 31.1466 22.7675 31.5823 22.7675C32.1913 22.7675 32.6424 22.4747 32.9353 21.8884L34.2093 22.4633C33.751 23.5229 32.8749 24.0529 31.5823 24.0529C31.011 24.0529 30.5037 23.9251 30.0603 23.6693Z" fill="white"></path><path d="M38.727 20.3999C38.6744 20.0694 38.5223 19.7987 38.2707 19.5883C38.0186 19.3779 37.7015 19.2728 37.3179 19.2728C36.9946 19.2728 36.7048 19.3723 36.4496 19.5713C36.1939 19.7708 36.0175 20.0467 35.9196 20.3999H38.727ZM40.1588 21.5048H35.8633C35.9381 21.9333 36.115 22.2586 36.3934 22.4803C36.6713 22.702 37.0095 22.8129 37.4081 22.8129C37.7386 22.8129 38.015 22.7433 38.2367 22.6041C38.4584 22.4649 38.6708 22.253 38.874 21.9673L40.0573 22.6097C39.7716 23.0759 39.4092 23.4327 38.9693 23.6812C38.5295 23.9287 37.983 24.0529 37.3292 24.0529C36.7125 24.0529 36.1846 23.9086 35.7453 23.6188C35.3055 23.3295 34.9765 22.9557 34.7584 22.4968C34.5403 22.0385 34.4315 21.5574 34.4315 21.0537C34.4315 20.5504 34.546 20.0694 34.7754 19.611C35.0044 19.1526 35.3374 18.7783 35.7731 18.4891C36.2088 18.1998 36.7239 18.0549 37.3179 18.0549C37.9191 18.0549 38.4341 18.19 38.8626 18.4607C39.2911 18.7314 39.6139 19.0866 39.832 19.5264C40.0501 19.9657 40.1588 20.4339 40.1588 20.9299V21.5048Z" fill="white"></path><path d="M16.3879 25.558H17.7399L19.2454 29.4977L20.751 25.558H22.1029V31.8684H20.9309V28.0282L19.6873 31.2915H18.8035L17.5599 28.0282V31.8684H16.3879V25.558Z" fill="white"></path><path d="M25.4058 30.7146C25.6131 30.5341 25.7167 30.3119 25.7167 30.0474V29.9216H24.8335C24.5746 29.9216 24.3689 29.971 24.2158 30.07C24.0626 30.169 23.9858 30.3057 23.9858 30.48C23.9858 30.6424 24.0415 30.7671 24.1529 30.8543C24.2637 30.9414 24.4277 30.9847 24.6437 30.9847C24.9443 30.9847 25.1985 30.8945 25.4058 30.7146ZM23.6074 31.7782C23.3671 31.67 23.1748 31.5122 23.0304 31.3049C22.886 31.0976 22.8138 30.8496 22.8138 30.5609C22.8138 30.1046 22.9855 29.7364 23.3279 29.457C23.6703 29.1775 24.1333 29.0378 24.7159 29.0378H25.7167V28.8754C25.7167 28.6413 25.6357 28.4531 25.4733 28.3118C25.3109 28.1711 25.0918 28.1004 24.8154 28.1004C24.5927 28.1004 24.3916 28.1592 24.2111 28.2763C24.0312 28.3933 23.8956 28.5299 23.8059 28.6862L22.9494 28.1726C23.1113 27.8782 23.3516 27.6333 23.6703 27.4379C23.9889 27.2425 24.3705 27.145 24.8154 27.145C25.4522 27.145 25.9482 27.2982 26.3024 27.6044C26.6572 27.9112 26.8345 28.3526 26.8345 28.9295V31.8685H25.9152L25.7621 31.2735C25.6115 31.4776 25.4207 31.6401 25.1892 31.7602C24.9582 31.8803 24.686 31.9401 24.3735 31.9401C24.1029 31.9401 23.8476 31.8865 23.6074 31.7782Z" fill="white"></path><path d="M27.8214 30.3V28.1726H27.1182V27.2167H27.8214V26.4417L28.9393 25.7384V27.2167H30.1381V28.1726H28.9393V30.2458C28.9393 30.6903 29.1166 30.9125 29.4709 30.9125C29.6333 30.9125 29.7895 30.8496 29.9395 30.7233L30.4443 31.5797C30.2881 31.706 30.1169 31.7978 29.9308 31.855C29.7446 31.9117 29.5549 31.9401 29.3626 31.9401C28.3355 31.9401 27.8214 31.3936 27.8214 30.3Z" fill="white"></path><path d="M31.5487 31.6339C31.194 31.4297 30.9176 31.1456 30.7196 30.7821C30.5211 30.4186 30.4221 30.0056 30.4221 29.5426C30.4221 29.0801 30.5211 28.6666 30.7196 28.3031C30.9176 27.9396 31.194 27.6555 31.5487 27.4513C31.9034 27.2471 32.3087 27.145 32.7655 27.145C33.7993 27.145 34.4995 27.5683 34.8661 28.416L33.8473 28.8754C33.6132 28.4067 33.2528 28.1726 32.7655 28.1726C32.417 28.1726 32.1288 28.2989 31.9004 28.5511C31.6719 28.8037 31.558 29.1342 31.558 29.5426C31.558 29.9509 31.6719 30.282 31.9004 30.5341C32.1288 30.7867 32.417 30.9125 32.7655 30.9125C33.2528 30.9125 33.6132 30.6785 33.8473 30.2098L34.8661 30.6697C34.4995 31.5168 33.7993 31.9401 32.7655 31.9401C32.3087 31.9401 31.9034 31.8386 31.5487 31.6339Z" fill="white"></path><path d="M35.3998 25.4863H36.5176V27.9473C36.662 27.707 36.8615 27.5132 37.1167 27.3657C37.3725 27.2188 37.6592 27.145 37.9778 27.145C38.4702 27.145 38.8579 27.2909 39.1405 27.5823C39.423 27.8736 39.5643 28.2804 39.5643 28.8037V31.8685H38.4465V29.0285C38.4465 28.7522 38.3758 28.5408 38.2346 28.3933C38.0933 28.2458 37.8907 28.1726 37.6262 28.1726C37.3199 28.1726 37.0585 28.3093 36.8419 28.5825C36.6254 28.8558 36.5176 29.275 36.5176 29.8401V31.8685H35.3998V25.4863Z" fill="white"></path></svg><p class="styled__StyledBodyText-sc-119w3hf-5 ggtTyf styled__DarkGreyBodyText-jk5kya-0 iwRWTH">Aldi Price Match</p></div></div></div></div></div></div></div></li><li class="product-list--list-item"><div class="styles__StyledVerticalTileWrapper-dvv1wj-0 dtCNPH"><div data-auto="product-tile" data-auto-type="Quantity" data-auto-available="true" data-auto-is-restricted-disabled="false" data-auto-is-substitute="false" class="styles__StyledVerticalTile-dvv1wj-1 gSCsYK"><div class="styles__StyledTileContentWrapper-dvv1wj-2 bkNhNP beans"><div id="tile-252389954" data-auto-id="252389954" class="styles__StyledTiledContent-dvv1wj-3 bcglTg"><a href="https://www.tesco.com/groceries/en-GB/products/252389954" aria-hidden="true" class="product-image-wrapper" tabindex="1"><div class="product-image__container"><picture><img class="styled__Image-sjvkdn-0 bJErKA product-image beans-responsive-image__image" src="data:image/gif;base64,R0lGODlhAQABAAAAACH5BAEKAAEALAAAAAABAAEAAAICTAEAOw==" srcset="https://digitalcontent.api.tesco.com/v2/media/ghs/ec3e1d3a-878c-4d22-a26b-b3b3acb6b3b2/snapshotimagehandler_1809147116.jpeg?h=225&amp;w=225 768w, data:image/gif;base64,R0lGODlhAQABAAAAACH5BAEKAAEALAAAAAABAAEAAAICTAEAOw== 4000w" alt="Tesco Sparkling Water 6X500ml"></picture></div></a><div class="product-details--wrapper"><h3 class="styles__H3-oa5soe-0 bCKNNq"><a href="https://www.tesco.com/groceries/en-GB/products/252389954" class="styled__Anchor-sc-1xbujuz-0 csVOnh beans-link__anchor" data-auto="product-tile--title"><span class="styled__Text-sc-1xbujuz-1 ldbwMG beans-link__text">Tesco Sparkling Water 6X500ml</span></a></h3><div class="styles__StyledPromotionsAboveMobile-dvv1wj-7 iPTMuo"></div><div class="styles__StyledProductDetailsContent-dvv1wj-5 ddRSrq"><a href="https://www.tesco.com/groceries/en-GB/reviews/submission/252389954?from=%2Fshop%2Fdrinks%2Fall" aria-label="Write a review for Tesco Sparkling Water 6X500ml" class="styled__Anchor-sc-1xbujuz-0 jSzuDt write-a-review-link beans-link__anchor" data-auto="review-link"><span class="styled__Text-sc-1xbujuz-1 fyDIEo beans-link__text">Write a review</span><span class="styled__IconContainer-sc-1xbujuz-2 bSauSL beans-link__icon-container"><svg aria-hidden="true" class="styled__SVG-xxa4wh-1 hQMCqc beans-link__icon beans-icon__svg" height="13.33" preserveAspectRatio="xMinYMax meet" viewBox="-1 0 12 20" width="8" xmlns="http://www.w3.org/2000/svg" color="currentColor"><path d="M1.312 1.348L10.276 10l-8.964 8.644" fill="none" stroke="currentColor"></path></svg></span></a><div><a href="https://www.tesco.com/groceries/en-GB/shop/drinks/water/sparkling-water/small-sparkling-water" class="styled__Anchor-sc-1xbujuz-0 jSzuDt rest-of-shelf-link beans-link__anchor" data-auto="rest-of-shelf-link"><span class="styled__Text-sc-1xbujuz-1 fyDIEo beans-link__text">Rest of <span class="visually-hidden">Small Sparkling Water</span> shelf</span><span class="styled__IconContainer-sc-1xbujuz-2 bSauSL beans-link__icon-container"><svg aria-hidden="true" class="styled__SVG-xxa4wh-1 hQMCqc beans-link__icon beans-icon__svg" height="13.33" preserveAspectRatio="xMinYMax meet" viewBox="-1 0 12 20" width="8" xmlns="http://www.w3.org/2000/svg" color="currentColor"><path d="M1.312 1.348L10.276 10l-8.964 8.644" fill="none" stroke="currentColor"></path></svg></span></a></div><div class="product-info-message-section"><div class="product-info-message-list"></div></div></div><div class="styles__StyledBuyBoxWrapper-dvv1wj-4 dSvjUC"><div class="styles__StyledBuyBoxContainer-sc-1wx0qp6-0 erryje" data-auto="buybox-container"><div class="styles__SafeFormWrapper-jtpu2t-0 lcrYKS"><form action="https://www.tesco.com/groceries/en-GB/trolley/items/252389954?_method=PUT" method="POST"><input type="submit" class="hidden"><input name="id" type="hidden" value="252389954"><input name="identifier" type="hidden" value="Page"><input name="anchorId" type="hidden" value="#tile-252389954"><input name="returnUrl" type="hidden" value="/groceries/en-GB/shop/drinks/all?redirectIfUnavailable=true#tile-252389954"><input name="backToUrl" type="hidden" value="#"><input name="oldValue" type="hidden" value="0"><input name="oldUnitChoice" type="hidden" value="pcs"><input name="newUnitChoice" type="hidden" value="pcs"><div class="base-components__RootElement-sc-1mosoyj-1 styled__Container-sc-6nhkzi-0 jptQqM hSNpTb beans-buybox__container"><div class="base-components__BaseElement-sc-1mosoyj-0 styled__PriceAndActions-sc-6nhkzi-3 oznwo eEPLov beans-buybox__price-and-actions"><div class="base-components__RootElement-sc-1mosoyj-1 styled__Container-sc-8qlq5b-0 jptQqM bgZrjw styled__StyledPrice-sc-6nhkzi-5 iYHeik beans-buybox__price beans-price__container"><p class="styled__StyledHeading-sc-119w3hf-2 jWPEtj styled__Text-sc-8qlq5b-1 lnaeiZ beans-price__text">£1.55</p><p class="styled__StyledFootnote-sc-119w3hf-7 icrlVF styled__Subtext-sc-8qlq5b-2 bNJmdc beans-price__subtext">£0.05/100ml</p></div><div class="base-components__RootElement-sc-1mosoyj-1 styled__Container-vtxwzb-0 jptQqM bDFhXJ beans-buybox__actions beans-quantity-controls__container"><div class="base-components__RootElement-sc-1mosoyj-1 styled__Container-sc-16t2b2a-0 jptQqM PUfgZ styled__StyledFormGroup-vtxwzb-1 kzKuAr beans-quantity-controls__form-group beans-form-group__container"><label class="styled__StyledLabel-sc-1ttuvhr-0 izGEjV beans-form-group__label beans-label" for="quantity-controls-252389954">Quantity controls </label><div class="base-components__BaseElement-sc-1mosoyj-0 styled__Children-sc-16t2b2a-3 oznwo gdJvjO beans-form-group__children"><div class="styled__StyledQuantityControlWrapper-vtxwzb-6 LCxOg"><label id="quantity-controls-252389954-label" class="styled__VisuallyHiddenLabel-vtxwzb-7 gXlLiM">Quantity of Tesco Sparkling Water 6X500ml</label><div class="component__Wrapper-sc-1kpmik-3 dReplG input-wrapper"><input class="base-components__RootElement-sc-1mosoyj-1 styled__StyledInput-sc-1jd5f57-0 component__StyledAsInput-sc-1kpmik-4 jptQqM eJLlow styled__StyledInput-vtxwzb-3 lwMHo beans-quantity-controls__input beans-input" data-auto="beans-quantity-controls-input" autocomplete="off" id="quantity-controls-252389954" maxlength="2" name="newValue" type="number" aria-labelledby="quantity-controls-252389954-label" value="1"></div></div><button class="styled__BaseButton-rsekm1-0 styled__PrimaryButton-rsekm1-2 jChbeY geeWOF styled__StyledButton-vtxwzb-5 japAxb beans-quantity-controls__add-button beans-button__container" type="submit" data-auto="beans-quantity-controls-add-button" aria-label="Quantity of Tesco Sparkling Water 6X500ml"><span class="base-components__BaseElement-sc-1mosoyj-0 styled__InnerContainer-rsekm1-1 oznwo fuFres beans-button__inner-container"><span class="base-components__BaseElement-sc-1mosoyj-0 styled__TextSpan-rsekm1-4 oznwo GDiMp beans-button__text">Add</span></span></button></div></div></div></div></div><input name="_csrf" type="hidden" value="0WbpBJF9-cS-fAMl-ByHnl5hECj1JaZiBQ20"></form></div></div></div></div><div class="hidden-medium product-info-section-small"><div class="product-info-message-list"></div></div></div></div></div></div></li><li class="product-list--list-item"><div class="styles__StyledVerticalTileWrapper-dvv1wj-0 dtCNPH"><div data-auto="product-tile" data-auto-type="Quantity" data-auto-available="true" data-auto-is-restricted-disabled="false" data-auto-is-substitute="false" class="styles__StyledVerticalTile-dvv1wj-1 gSCsYK"><div class="styles__StyledTileContentWrapper-dvv1wj-2 bkNhNP beans"><div id="tile-255934011" data-auto-id="255934011" class="styles__StyledTiledContent-dvv1wj-3 bcglTg"><a href="https://www.tesco.com/groceries/en-GB/products/255934011" aria-hidden="true" class="product-image-wrapper" tabindex="1"><div class="product-image__container"><picture><img class="styled__Image-sjvkdn-0 bJErKA product-image beans-responsive-image__image" src="data:image/gif;base64,R0lGODlhAQABAAAAACH5BAEKAAEALAAAAAABAAEAAAICTAEAOw==" srcset="https://digitalcontent.api.tesco.com/v2/media/ghs/0cd29179-7786-44a5-b3c8-83e6dcc883d3/c69b2c66-f9cb-4d37-9be5-49a2db492cdb_965694216.jpeg?h=225&amp;w=225 768w, data:image/gif;base64,R0lGODlhAQABAAAAACH5BAEKAAEALAAAAAABAAEAAAICTAEAOw== 4000w" alt="Tesco Low Calorie Indian Tonic Water With Lemon 1 Litre"></picture></div></a><div class="product-details--wrapper"><h3 class="styles__H3-oa5soe-0 bCKNNq"><a href="https://www.tesco.com/groceries/en-GB/products/255934011" class="styled__Anchor-sc-1xbujuz-0 csVOnh beans-link__anchor" data-auto="product-tile--title"><span class="styled__Text-sc-1xbujuz-1 ldbwMG beans-link__text">Tesco Low Calorie Indian Tonic Water With Lemon 1 Litre</span></a></h3><div class="styles__StyledPromotionsAboveMobile-dvv1wj-7 iPTMuo"></div><div class="styles__StyledProductDetailsContent-dvv1wj-5 ddRSrq"><a href="https://www.tesco.com/groceries/en-GB/reviews/submission/255934011?from=%2Fshop%2Fdrinks%2Fall" aria-label="Write a review for Tesco Low Calorie Indian Tonic Water With Lemon 1 Litre" class="styled__Anchor-sc-1xbujuz-0 jSzuDt write-a-review-link beans-link__anchor" data-auto="review-link"><span class="styled__Text-sc-1xbujuz-1 fyDIEo beans-link__text">Write a review</span><span class="styled__IconContainer-sc-1xbujuz-2 bSauSL beans-link__icon-container"><svg aria-hidden="true" class="styled__SVG-xxa4wh-1 hQMCqc beans-link__icon beans-icon__svg" height="13.33" preserveAspectRatio="xMinYMax meet" viewBox="-1 0 12 20" width="8" xmlns="http://www.w3.org/2000/svg" color="currentColor"><path d="M1.312 1.348L10.276 10l-8.964 8.644" fill="none" stroke="currentColor"></path></svg></span></a><div><a href="https://www.tesco.com/groceries/en-GB/shop/drinks/adult-soft-drinks-and-mixers/tonic-and-mixers/tonic-and-soda-water" class="styled__Anchor-sc-1xbujuz-0 jSzuDt rest-of-shelf-link beans-link__anchor" data-auto="rest-of-shelf-link"><span class="styled__Text-sc-1xbujuz-1 fyDIEo beans-link__text">Rest of <span class="visually-hidden">Tonic &amp; Soda Water</span> shelf</span><span class="styled__IconContainer-sc-1xbujuz-2 bSauSL beans-link__icon-container"><svg aria-hidden="true" class="styled__SVG-xxa4wh-1 hQMCqc beans-link__icon beans-icon__svg" height="13.33" preserveAspectRatio="xMinYMax meet" viewBox="-1 0 12 20" width="8" xmlns="http://www.w3.org/2000/svg" color="currentColor"><path d="M1.312 1.348L10.276 10l-8.964 8.644" fill="none" stroke="currentColor"></path></svg></span></a></div><div class="product-info-message-section"><div class="product-info-message-list"></div></div></div><div class="styles__StyledBuyBoxWrapper-dvv1wj-4 dSvjUC"><div class="styles__StyledBuyBoxContainer-sc-1wx0qp6-0 erryje" data-auto="buybox-container"><div class="styles__SafeFormWrapper-jtpu2t-0 lcrYKS"><form action="https://www.tesco.com/groceries/en-GB/trolley/items/255934011?_method=PUT" method="POST"><input type="submit" class="hidden"><input name="id" type="hidden" value="255934011"><input name="identifier" type="hidden" value="Page"><input name="anchorId" type="hidden" value="#tile-255934011"><input name="returnUrl" type="hidden" value="/groceries/en-GB/shop/drinks/all?redirectIfUnavailable=true#tile-255934011"><input name="backToUrl" type="hidden" value="#"><input name="oldValue" type="hidden" value="0"><input name="oldUnitChoice" type="hidden" value="pcs"><input name="newUnitChoice" type="hidden" value="pcs"><div class="base-components__RootElement-sc-1mosoyj-1 styled__Container-sc-6nhkzi-0 jptQqM hSNpTb beans-buybox__container"><div class="base-components__BaseElement-sc-1mosoyj-0 styled__PriceAndActions-sc-6nhkzi-3 oznwo eEPLov beans-buybox__price-and-actions"><div class="base-components__RootElement-sc-1mosoyj-1 styled__Container-sc-8qlq5b-0 jptQqM bgZrjw styled__StyledPrice-sc-6nhkzi-5 iYHeik beans-buybox__price beans-price__container"><p class="styled__StyledHeading-sc-119w3hf-2 jWPEtj styled__Text-sc-8qlq5b-1 lnaeiZ beans-price__text">£0.70</p><p class="styled__StyledFootnote-sc-119w3hf-7 icrlVF styled__Subtext-sc-8qlq5b-2 bNJmdc beans-price__subtext">£0.07/100ml</p></div><div class="base-components__RootElement-sc-1mosoyj-1 styled__Container-vtxwzb-0 jptQqM bDFhXJ beans-buybox__actions beans-quantity-controls__container"><div class="base-components__RootElement-sc-1mosoyj-1 styled__Container-sc-16t2b2a-0 jptQqM PUfgZ styled__StyledFormGroup-vtxwzb-1 kzKuAr beans-quantity-controls__form-group beans-form-group__container"><label class="styled__StyledLabel-sc-1ttuvhr-0 izGEjV beans-form-group__label beans-label" for="quantity-controls-255934011">Quantity controls </label><div class="base-components__BaseElement-sc-1mosoyj-0 styled__Children-sc-16t2b2a-3 oznwo gdJvjO beans-form-group__children"><div class="styled__StyledQuantityControlWrapper-vtxwzb-6 LCxOg"><label id="quantity-controls-255934011-label" class="styled__VisuallyHiddenLabel-vtxwzb-7 gXlLiM">Quantity of Tesco Low Calorie Indian Tonic Water With Lemon 1 Litre</label><div class="component__Wrapper-sc-1kpmik-3 dReplG input-wrapper"><input class="base-components__RootElement-sc-1mosoyj-1 styled__StyledInput-sc-1jd5f57-0 component__StyledAsInput-sc-1kpmik-4 jptQqM eJLlow styled__StyledInput-vtxwzb-3 lwMHo beans-quantity-controls__input beans-input" data-auto="beans-quantity-controls-input" autocomplete="off" id="quantity-controls-255934011" maxlength="2" name="newValue" type="number" aria-labelledby="quantity-controls-255934011-label" value="1"></div></div><button class="styled__BaseButton-rsekm1-0 styled__PrimaryButton-rsekm1-2 jChbeY geeWOF styled__StyledButton-vtxwzb-5 japAxb beans-quantity-controls__add-button beans-button__container" type="submit" data-auto="beans-quantity-controls-add-button" aria-label="Quantity of Tesco Low Calorie Indian Tonic Water With Lemon 1 Litre"><span class="base-components__BaseElement-sc-1mosoyj-0 styled__InnerContainer-rsekm1-1 oznwo fuFres beans-button__inner-container"><span class="base-components__BaseElement-sc-1mosoyj-0 styled__TextSpan-rsekm1-4 oznwo GDiMp beans-button__text">Add</span></span></button></div></div></div></div></div><input name="_csrf" type="hidden" value="0WbpBJF9-cS-fAMl-ByHnl5hECj1JaZiBQ20"></form></div></div></div></div><div class="hidden-medium product-info-section-small"><div class="product-info-message-list"></div></div></div></div></div></div></li><li class="product-list--list-item"><div class="styles__StyledVerticalTileWrapper-dvv1wj-0 dtCNPH"><div data-auto="product-tile" data-auto-type="Quantity" data-auto-available="true" data-auto-is-restricted-disabled="false" data-auto-is-substitute="false" class="styles__StyledVerticalTile-dvv1wj-1 gSCsYK"><div class="styles__StyledTileContentWrapper-dvv1wj-2 bkNhNP beans"><div id="tile-258016425" data-auto-id="258016425" class="styles__StyledTiledContent-dvv1wj-3 bcglTg"><a href="https://www.tesco.com/groceries/en-GB/products/258016425" aria-hidden="true" class="product-image-wrapper" tabindex="1"><div class="product-image__container"><picture><img class="styled__Image-sjvkdn-0 bJErKA product-image beans-responsive-image__image" src="data:image/gif;base64,R0lGODlhAQABAAAAACH5BAEKAAEALAAAAAABAAEAAAICTAEAOw==" srcset="https://digitalcontent.api.tesco.com/v2/media/ghs/c82748d1-22ab-4578-849a-850248596d82/snapshotimagehandler_1074223717.jpeg?h=225&amp;w=225 768w, data:image/gif;base64,R0lGODlhAQABAAAAACH5BAEKAAEALAAAAAABAAEAAAICTAEAOw== 4000w" alt="Tesco Ashbeck 2Ltr"></picture></div></a><div class="product-details--wrapper"><h3 class="styles__H3-oa5soe-0 bCKNNq"><a href="https://www.tesco.com/groceries/en-GB/products/258016425" class="styled__Anchor-sc-1xbujuz-0 csVOnh beans-link__anchor" data-auto="product-tile--title"><span class="styled__Text-sc-1xbujuz-1 ldbwMG beans-link__text">Tesco Ashbeck 2Ltr</span></a></h3><div class="styles__StyledPromotionsAboveMobile-dvv1wj-7 iPTMuo"></div><div class="styles__StyledProductDetailsContent-dvv1wj-5 ddRSrq"><a href="https://www.tesco.com/groceries/en-GB/reviews/submission/258016425?from=%2Fshop%2Fdrinks%2Fall" aria-label="Write a review for Tesco Ashbeck 2Ltr" class="styled__Anchor-sc-1xbujuz-0 jSzuDt write-a-review-link beans-link__anchor" data-auto="review-link"><span class="styled__Text-sc-1xbujuz-1 fyDIEo beans-link__text">Write a review</span><span class="styled__IconContainer-sc-1xbujuz-2 bSauSL beans-link__icon-container"><svg aria-hidden="true" class="styled__SVG-xxa4wh-1 hQMCqc beans-link__icon beans-icon__svg" height="13.33" preserveAspectRatio="xMinYMax meet" viewBox="-1 0 12 20" width="8" xmlns="http://www.w3.org/2000/svg" color="currentColor"><path d="M1.312 1.348L10.276 10l-8.964 8.644" fill="none" stroke="currentColor"></path></svg></span></a><div><a href="https://www.tesco.com/groceries/en-GB/shop/drinks/water/still-water/large-still-water" class="styled__Anchor-sc-1xbujuz-0 jSzuDt rest-of-shelf-link beans-link__anchor" data-auto="rest-of-shelf-link"><span class="styled__Text-sc-1xbujuz-1 fyDIEo beans-link__text">Rest of <span class="visually-hidden">Large Still Water</span> shelf</span><span class="styled__IconContainer-sc-1xbujuz-2 bSauSL beans-link__icon-container"><svg aria-hidden="true" class="styled__SVG-xxa4wh-1 hQMCqc beans-link__icon beans-icon__svg" height="13.33" preserveAspectRatio="xMinYMax meet" viewBox="-1 0 12 20" width="8" xmlns="http://www.w3.org/2000/svg" color="currentColor"><path d="M1.312 1.348L10.276 10l-8.964 8.644" fill="none" stroke="currentColor"></path></svg></span></a></div><div class="product-info-message-section"><div class="product-info-message-list"></div></div></div><div class="styles__StyledBuyBoxWrapper-dvv1wj-4 dSvjUC"><div class="styles__StyledBuyBoxContainer-sc-1wx0qp6-0 erryje" data-auto="buybox-container"><div class="styles__SafeFormWrapper-jtpu2t-0 lcrYKS"><form action="https://www.tesco.com/groceries/en-GB/trolley/items/258016425?_method=PUT" method="POST"><input type="submit" class="hidden"><input name="id" type="hidden" value="258016425"><input name="identifier" type="hidden" value="Page"><input name="anchorId" type="hidden" value="#tile-258016425"><input name="returnUrl" type="hidden" value="/groceries/en-GB/shop/drinks/all?redirectIfUnavailable=true#tile-258016425"><input name="backToUrl" type="hidden" value="#"><input name="oldValue" type="hidden" value="0"><input name="oldUnitChoice" type="hidden" value="pcs"><input name="newUnitChoice" type="hidden" value="pcs"><div class="base-components__RootElement-sc-1mosoyj-1 styled__Container-sc-6nhkzi-0 jptQqM hSNpTb beans-buybox__container"><div class="base-components__BaseElement-sc-1mosoyj-0 styled__PriceAndActions-sc-6nhkzi-3 oznwo eEPLov beans-buybox__price-and-actions"><div class="base-components__RootElement-sc-1mosoyj-1 styled__Container-sc-8qlq5b-0 jptQqM bgZrjw styled__StyledPrice-sc-6nhkzi-5 iYHeik beans-buybox__price beans-price__container"><p class="styled__StyledHeading-sc-119w3hf-2 jWPEtj styled__Text-sc-8qlq5b-1 lnaeiZ beans-price__text">£0.70</p><p class="styled__StyledFootnote-sc-119w3hf-7 icrlVF styled__Subtext-sc-8qlq5b-2 bNJmdc beans-price__subtext">£0.04/100ml</p></div><div class="base-components__RootElement-sc-1mosoyj-1 styled__Container-vtxwzb-0 jptQqM bDFhXJ beans-buybox__actions beans-quantity-controls__container"><div class="base-components__RootElement-sc-1mosoyj-1 styled__Container-sc-16t2b2a-0 jptQqM PUfgZ styled__StyledFormGroup-vtxwzb-1 kzKuAr beans-quantity-controls__form-group beans-form-group__container"><label class="styled__StyledLabel-sc-1ttuvhr-0 izGEjV beans-form-group__label beans-label" for="quantity-controls-258016425">Quantity controls </label><div class="base-components__BaseElement-sc-1mosoyj-0 styled__Children-sc-16t2b2a-3 oznwo gdJvjO beans-form-group__children"><div class="styled__StyledQuantityControlWrapper-vtxwzb-6 LCxOg"><label id="quantity-controls-258016425-label" class="styled__VisuallyHiddenLabel-vtxwzb-7 gXlLiM">Quantity of Tesco Ashbeck 2Ltr</label><div class="component__Wrapper-sc-1kpmik-3 dReplG input-wrapper"><input class="base-components__RootElement-sc-1mosoyj-1 styled__StyledInput-sc-1jd5f57-0 component__StyledAsInput-sc-1kpmik-4 jptQqM eJLlow styled__StyledInput-vtxwzb-3 lwMHo beans-quantity-controls__input beans-input" data-auto="beans-quantity-controls-input" autocomplete="off" id="quantity-controls-258016425" maxlength="2" name="newValue" type="number" aria-labelledby="quantity-controls-258016425-label" value="1"></div></div><button class="styled__BaseButton-rsekm1-0 styled__PrimaryButton-rsekm1-2 jChbeY geeWOF styled__StyledButton-vtxwzb-5 japAxb beans-quantity-controls__add-button beans-button__container" type="submit" data-auto="beans-quantity-controls-add-button" aria-label="Quantity of Tesco Ashbeck 2Ltr"><span class="base-components__BaseElement-sc-1mosoyj-0 styled__InnerContainer-rsekm1-1 oznwo fuFres beans-button__inner-container"><span class="base-components__BaseElement-sc-1mosoyj-0 styled__TextSpan-rsekm1-4 oznwo GDiMp beans-button__text">Add</span></span></button></div></div></div></div></div><input name="_csrf" type="hidden" value="0WbpBJF9-cS-fAMl-ByHnl5hECj1JaZiBQ20"></form></div></div></div></div><div class="hidden-medium product-info-section-small"><div class="product-info-message-list"></div></div></div></div></div></div></li><li class="product-list--list-item"><div class="styles__StyledVerticalTileWrapper-dvv1wj-0 dtCNPH"><div data-auto="product-tile" data-auto-type="Quantity" data-auto-available="true" data-auto-is-restricted-disabled="false" data-auto-is-substitute="false" class="styles__StyledVerticalTile-dvv1wj-1 gSCsYK"><div class="styles__StyledTileContentWrapper-dvv1wj-2 bkNhNP beans"><div id="tile-251246175" data-auto-id="251246175" class="styles__StyledTiledContent-dvv1wj-3 bcglTg"><a href="https://www.tesco.com/groceries/en-GB/products/251246175" aria-hidden="true" class="product-image-wrapper" tabindex="1"><div class="product-image__container"><picture><img class="styled__Image-sjvkdn-0 bJErKA product-image beans-responsive-image__image" src="data:image/gif;base64,R0lGODlhAQABAAAAACH5BAEKAAEALAAAAAABAAEAAAICTAEAOw==" srcset="https://digitalcontent.api.tesco.com/v2/media/ghs/87a3c70d-273c-497c-b34a-d421b5d087dc/7d12234d-b281-4b28-bb15-5341b54c749b_657141349.jpeg?h=225&amp;w=225 768w, data:image/gif;base64,R0lGODlhAQABAAAAACH5BAEKAAEALAAAAAABAAEAAAICTAEAOw== 4000w" alt="Schweppes Slimline Tonic Water 1L"></picture></div></a><div class="product-details--wrapper"><h3 class="styles__H3-oa5soe-0 bCKNNq"><a href="https://www.tesco.com/groceries/en-GB/products/251246175" class="styled__Anchor-sc-1xbujuz-0 csVOnh beans-link__anchor" data-auto="product-tile--title"><span class="styled__Text-sc-1xbujuz-1 ldbwMG beans-link__text">Schweppes Slimline Tonic Water 1L</span></a></h3><div class="styles__StyledProductDetailsContent-dvv1wj-5 ddRSrq"><a href="https://www.tesco.com/groceries/en-GB/reviews/submission/251246175?from=%2Fshop%2Fdrinks%2Fall" aria-label="Write a review for Schweppes Slimline Tonic Water 1L" class="styled__Anchor-sc-1xbujuz-0 jSzuDt write-a-review-link beans-link__anchor" data-auto="review-link"><span class="styled__Text-sc-1xbujuz-1 fyDIEo beans-link__text">Write a review</span><span class="styled__IconContainer-sc-1xbujuz-2 bSauSL beans-link__icon-container"><svg aria-hidden="true" class="styled__SVG-xxa4wh-1 hQMCqc beans-link__icon beans-icon__svg" height="13.33" preserveAspectRatio="xMinYMax meet" viewBox="-1 0 12 20" width="8" xmlns="http://www.w3.org/2000/svg" color="currentColor"><path d="M1.312 1.348L10.276 10l-8.964 8.644" fill="none" stroke="currentColor"></path></svg></span></a><div><a href="https://www.tesco.com/groceries/en-GB/shop/drinks/adult-soft-drinks-and-mixers/tonic-and-mixers/tonic-and-soda-water" class="styled__Anchor-sc-1xbujuz-0 jSzuDt rest-of-shelf-link beans-link__anchor" data-auto="rest-of-shelf-link"><span class="styled__Text-sc-1xbujuz-1 fyDIEo beans-link__text">Rest of <span class="visually-hidden">Tonic &amp; Soda Water</span> shelf</span><span class="styled__IconContainer-sc-1xbujuz-2 bSauSL beans-link__icon-container"><svg aria-hidden="true" class="styled__SVG-xxa4wh-1 hQMCqc beans-link__icon beans-icon__svg" height="13.33" preserveAspectRatio="xMinYMax meet" viewBox="-1 0 12 20" width="8" xmlns="http://www.w3.org/2000/svg" color="currentColor"><path d="M1.312 1.348L10.276 10l-8.964 8.644" fill="none" stroke="currentColor"></path></svg></span></a></div><div class="product-info-message-section"><div class="product-info-message-list"></div></div></div><div class="styles__StyledPromotionsWithBuyBoxWrapper-dvv1wj-8 cZskDh"><div class="styles__StyledPromotionsAboveMobile-dvv1wj-7 iPTMuo"><div class="styles__StyledPromotionsWithClubcardPriceContainer-sc-1vdpoop-0 bsPFbn"><div class="styles__StyledClubcardLogo-sc-1vdpoop-2 elOZEB"><div class="styles__Wrapper-sc-1d2phhy-0 hgBuQG undefined special-offer-sash"><span class="styles__CircleWrapper-sc-1d2phhy-2 hCbzjm"><strong class="styles__TextWrapper-sc-1d2phhy-1 bLXNGg">Clubcard Price</strong></span></div></div><a href="https://www.tesco.com/groceries/en-GB/promotions/88584093"><div class="styles__ProductPromotionStyling-sc-1vdpoop-3 WGKAK"><div class="styles__StyledPromotionsOfferContent-sc-1vdpoop-1 cPSekc"><span class="offer-text">£1.00 Clubcard Price</span></div><span class="dates">Offer valid for delivery from 16/11/2022 until 06/12/2022</span></div></a></div></div><div class="styles__StyledBuyBoxWrapper-dvv1wj-4 dSvjUC"><div class="styles__StyledBuyBoxContainer-sc-1wx0qp6-0 erryje" data-auto="buybox-container"><div class="styles__SafeFormWrapper-jtpu2t-0 lcrYKS"><form action="https://www.tesco.com/groceries/en-GB/trolley/items/251246175?_method=PUT" method="POST"><input type="submit" class="hidden"><input name="id" type="hidden" value="251246175"><input name="identifier" type="hidden" value="Page"><input name="anchorId" type="hidden" value="#tile-251246175"><input name="returnUrl" type="hidden" value="/groceries/en-GB/shop/drinks/all?redirectIfUnavailable=true#tile-251246175"><input name="backToUrl" type="hidden" value="#"><input name="oldValue" type="hidden" value="0"><input name="oldUnitChoice" type="hidden" value="pcs"><input name="newUnitChoice" type="hidden" value="pcs"><div class="base-components__RootElement-sc-1mosoyj-1 styled__Container-sc-6nhkzi-0 jptQqM hSNpTb beans-buybox__container"><div class="base-components__BaseElement-sc-1mosoyj-0 styled__PriceAndActions-sc-6nhkzi-3 oznwo eEPLov beans-buybox__price-and-actions"><div class="base-components__RootElement-sc-1mosoyj-1 styled__Container-sc-8qlq5b-0 jptQqM bgZrjw styled__StyledPrice-sc-6nhkzi-5 iYHeik beans-buybox__price beans-price__container"><p class="styled__StyledHeading-sc-119w3hf-2 jWPEtj styled__Text-sc-8qlq5b-1 lnaeiZ beans-price__text">£1.65</p><p class="styled__StyledFootnote-sc-119w3hf-7 icrlVF styled__Subtext-sc-8qlq5b-2 bNJmdc beans-price__subtext">£0.16/100ml</p></div><div class="base-components__RootElement-sc-1mosoyj-1 styled__Container-vtxwzb-0 jptQqM bDFhXJ beans-buybox__actions beans-quantity-controls__container"><div class="base-components__RootElement-sc-1mosoyj-1 styled__Container-sc-16t2b2a-0 jptQqM PUfgZ styled__StyledFormGroup-vtxwzb-1 kzKuAr beans-quantity-controls__form-group beans-form-group__container"><label class="styled__StyledLabel-sc-1ttuvhr-0 izGEjV beans-form-group__label beans-label" for="quantity-controls-251246175">Quantity controls </label><div class="base-components__BaseElement-sc-1mosoyj-0 styled__Children-sc-16t2b2a-3 oznwo gdJvjO beans-form-group__children"><div class="styled__StyledQuantityControlWrapper-vtxwzb-6 LCxOg"><label id="quantity-controls-251246175-label" class="styled__VisuallyHiddenLabel-vtxwzb-7 gXlLiM">Quantity of Schweppes Slimline Tonic Water 1L</label><div class="component__Wrapper-sc-1kpmik-3 dReplG input-wrapper"><input class="base-components__RootElement-sc-1mosoyj-1 styled__StyledInput-sc-1jd5f57-0 component__StyledAsInput-sc-1kpmik-4 jptQqM eJLlow styled__StyledInput-vtxwzb-3 lwMHo beans-quantity-controls__input beans-input" data-auto="beans-quantity-controls-input" autocomplete="off" id="quantity-controls-251246175" maxlength="2" name="newValue" type="number" aria-labelledby="quantity-controls-251246175-label" value="1"></div></div><button class="styled__BaseButton-rsekm1-0 styled__PrimaryButton-rsekm1-2 jChbeY geeWOF styled__StyledButton-vtxwzb-5 japAxb beans-quantity-controls__add-button beans-button__container" type="submit" data-auto="beans-quantity-controls-add-button" aria-label="Quantity of Schweppes Slimline Tonic Water 1L"><span class="base-components__BaseElement-sc-1mosoyj-0 styled__InnerContainer-rsekm1-1 oznwo fuFres beans-button__inner-container"><span class="base-components__BaseElement-sc-1mosoyj-0 styled__TextSpan-rsekm1-4 oznwo GDiMp beans-button__text">Add</span></span></button></div></div></div></div></div><input name="_csrf" type="hidden" value="0WbpBJF9-cS-fAMl-ByHnl5hECj1JaZiBQ20"></form></div></div></div></div></div><div class="hidden-medium product-info-section-small"><div class="product-info-message-list"></div></div></div><div class="styles__StyledPromotionsMobile-dvv1wj-6 Bxaeb"><div><div class="styles__StyledPromotionsWithClubcardPriceContainer-sc-1vdpoop-0 bsPFbn"><div class="styles__StyledClubcardLogo-sc-1vdpoop-2 elOZEB"><div class="styles__Wrapper-sc-1d2phhy-0 hgBuQG undefined special-offer-sash"><span class="styles__CircleWrapper-sc-1d2phhy-2 hCbzjm"><strong class="styles__TextWrapper-sc-1d2phhy-1 bLXNGg">Clubcard Price</strong></span></div></div><a href="https://www.tesco.com/groceries/en-GB/promotions/88584093"><div class="styles__ProductPromotionStyling-sc-1vdpoop-3 WGKAK"><div class="styles__StyledPromotionsOfferContent-sc-1vdpoop-1 cPSekc"><span class="offer-text">£1.00 Clubcard Price</span></div><span class="dates">Offer valid for delivery from 16/11/2022 until 06/12/2022</span></div></a></div></div></div></div></div></div></li><li class="product-list--list-item"><div class="styles__StyledVerticalTileWrapper-dvv1wj-0 dtCNPH"><div data-auto="product-tile" data-auto-type="Quantity" data-auto-available="true" data-auto-is-restricted-disabled="false" data-auto-is-substitute="false" class="styles__StyledVerticalTile-dvv1wj-1 gSCsYK"><div class="styles__StyledTileContentWrapper-dvv1wj-2 bkNhNP beans"><div id="tile-256604971" data-auto-id="256604971" class="styles__StyledTiledContent-dvv1wj-3 bcglTg"><a href="https://www.tesco.com/groceries/en-GB/products/256604971" aria-hidden="true" class="product-image-wrapper" tabindex="1"><div class="product-image__container"><picture><img class="styled__Image-sjvkdn-0 bJErKA product-image beans-responsive-image__image" src="data:image/gif;base64,R0lGODlhAQABAAAAACH5BAEKAAEALAAAAAABAAEAAAICTAEAOw==" srcset="https://digitalcontent.api.tesco.com/v2/media/ghs/9de61063-6c5c-491a-a1c9-4e9e039d6ecb/ec563879-eb3b-4a36-bbbe-da4a88c139d9_1281585400.jpeg?h=225&amp;w=225 768w, data:image/gif;base64,R0lGODlhAQABAAAAACH5BAEKAAEALAAAAAABAAEAAAICTAEAOw== 4000w" alt="Tesco Sparkling Water Lemon &amp; Lime 1 Litre"></picture></div></a><div class="product-details--wrapper"><h3 class="styles__H3-oa5soe-0 bCKNNq"><a href="https://www.tesco.com/groceries/en-GB/products/256604971" class="styled__Anchor-sc-1xbujuz-0 csVOnh beans-link__anchor" data-auto="product-tile--title"><span class="styled__Text-sc-1xbujuz-1 ldbwMG beans-link__text">Tesco Sparkling Water Lemon &amp; Lime 1 Litre</span></a></h3><div class="styles__StyledPromotionsAboveMobile-dvv1wj-7 iPTMuo"></div><div class="styles__StyledProductDetailsContent-dvv1wj-5 ddRSrq"><a href="https://www.tesco.com/groceries/en-GB/reviews/submission/256604971?from=%2Fshop%2Fdrinks%2Fall" aria-label="Write a review for Tesco Sparkling Water Lemon &amp; Lime 1 Litre" class="styled__Anchor-sc-1xbujuz-0 jSzuDt write-a-review-link beans-link__anchor" data-auto="review-link"><span class="styled__Text-sc-1xbujuz-1 fyDIEo beans-link__text">Write a review</span><span class="styled__IconContainer-sc-1xbujuz-2 bSauSL beans-link__icon-container"><svg aria-hidden="true" class="styled__SVG-xxa4wh-1 hQMCqc beans-link__icon beans-icon__svg" height="13.33" preserveAspectRatio="xMinYMax meet" viewBox="-1 0 12 20" width="8" xmlns="http://www.w3.org/2000/svg" color="currentColor"><path d="M1.312 1.348L10.276 10l-8.964 8.644" fill="none" stroke="currentColor"></path></svg></span></a><div><a href="https://www.tesco.com/groceries/en-GB/shop/drinks/water/flavoured-water-sparkling-water/large-flavoured-sparkling-water" class="styled__Anchor-sc-1xbujuz-0 jSzuDt rest-of-shelf-link beans-link__anchor" data-auto="rest-of-shelf-link"><span class="styled__Text-sc-1xbujuz-1 fyDIEo beans-link__text">Rest of <span class="visually-hidden">Large Flavoured Sparkling Water</span> shelf</span><span class="styled__IconContainer-sc-1xbujuz-2 bSauSL beans-link__icon-container"><svg aria-hidden="true" class="styled__SVG-xxa4wh-1 hQMCqc beans-link__icon beans-icon__svg" height="13.33" preserveAspectRatio="xMinYMax meet" viewBox="-1 0 12 20" width="8" xmlns="http://www.w3.org/2000/svg" color="currentColor"><path d="M1.312 1.348L10.276 10l-8.964 8.644" fill="none" stroke="currentColor"></path></svg></span></a></div><div class="product-info-message-section"><div class="product-info-message-list"></div></div></div><div class="styles__StyledBuyBoxWrapper-dvv1wj-4 dSvjUC"><div class="styles__StyledBuyBoxContainer-sc-1wx0qp6-0 erryje" data-auto="buybox-container"><div class="styles__SafeFormWrapper-jtpu2t-0 lcrYKS"><form action="https://www.tesco.com/groceries/en-GB/trolley/items/256604971?_method=PUT" method="POST"><input type="submit" class="hidden"><input name="id" type="hidden" value="256604971"><input name="identifier" type="hidden" value="Page"><input name="anchorId" type="hidden" value="#tile-256604971"><input name="returnUrl" type="hidden" value="/groceries/en-GB/shop/drinks/all?redirectIfUnavailable=true#tile-256604971"><input name="backToUrl" type="hidden" value="#"><input name="oldValue" type="hidden" value="0"><input name="oldUnitChoice" type="hidden" value="pcs"><input name="newUnitChoice" type="hidden" value="pcs"><div class="base-components__RootElement-sc-1mosoyj-1 styled__Container-sc-6nhkzi-0 jptQqM hSNpTb beans-buybox__container"><div class="base-components__BaseElement-sc-1mosoyj-0 styled__PriceAndActions-sc-6nhkzi-3 oznwo eEPLov beans-buybox__price-and-actions"><div class="base-components__RootElement-sc-1mosoyj-1 styled__Container-sc-8qlq5b-0 jptQqM bgZrjw styled__StyledPrice-sc-6nhkzi-5 iYHeik beans-buybox__price beans-price__container"><p class="styled__StyledHeading-sc-119w3hf-2 jWPEtj styled__Text-sc-8qlq5b-1 lnaeiZ beans-price__text">£0.60</p><p class="styled__StyledFootnote-sc-119w3hf-7 icrlVF styled__Subtext-sc-8qlq5b-2 bNJmdc beans-price__subtext">£0.06/100ml</p></div><div class="base-components__RootElement-sc-1mosoyj-1 styled__Container-vtxwzb-0 jptQqM bDFhXJ beans-buybox__actions beans-quantity-controls__container"><div class="base-components__RootElement-sc-1mosoyj-1 styled__Container-sc-16t2b2a-0 jptQqM PUfgZ styled__StyledFormGroup-vtxwzb-1 kzKuAr beans-quantity-controls__form-group beans-form-group__container"><label class="styled__StyledLabel-sc-1ttuvhr-0 izGEjV beans-form-group__label beans-label" for="quantity-controls-256604971">Quantity controls </label><div class="base-components__BaseElement-sc-1mosoyj-0 styled__Children-sc-16t2b2a-3 oznwo gdJvjO beans-form-group__children"><div class="styled__StyledQuantityControlWrapper-vtxwzb-6 LCxOg"><label id="quantity-controls-256604971-label" class="styled__VisuallyHiddenLabel-vtxwzb-7 gXlLiM">Quantity of Tesco Sparkling Water Lemon &amp; Lime 1 Litre</label><div class="component__Wrapper-sc-1kpmik-3 dReplG input-wrapper"><input class="base-components__RootElement-sc-1mosoyj-1 styled__StyledInput-sc-1jd5f57-0 component__StyledAsInput-sc-1kpmik-4 jptQqM eJLlow styled__StyledInput-vtxwzb-3 lwMHo beans-quantity-controls__input beans-input" data-auto="beans-quantity-controls-input" autocomplete="off" id="quantity-controls-256604971" maxlength="2" name="newValue" type="number" aria-labelledby="quantity-controls-256604971-label" value="1"></div></div><button class="styled__BaseButton-rsekm1-0 styled__PrimaryButton-rsekm1-2 jChbeY geeWOF styled__StyledButton-vtxwzb-5 japAxb beans-quantity-controls__add-button beans-button__container" type="submit" data-auto="beans-quantity-controls-add-button" aria-label="Quantity of Tesco Sparkling Water Lemon &amp; Lime 1 Litre"><span class="base-components__BaseElement-sc-1mosoyj-0 styled__InnerContainer-rsekm1-1 oznwo fuFres beans-button__inner-container"><span class="base-components__BaseElement-sc-1mosoyj-0 styled__TextSpan-rsekm1-4 oznwo GDiMp beans-button__text">Add</span></span></button></div></div></div></div></div><input name="_csrf" type="hidden" value="0WbpBJF9-cS-fAMl-ByHnl5hECj1JaZiBQ20"></form></div></div></div></div><div class="hidden-medium product-info-section-small"><div class="product-info-message-list"></div></div></div></div></div></div></li><li class="product-list--list-item"><div class="styles__StyledVerticalTileWrapper-dvv1wj-0 dtCNPH"><div data-auto="product-tile" data-auto-type="Quantity" data-auto-available="true" data-auto-is-restricted-disabled="false" data-auto-is-substitute="false" class="styles__StyledVerticalTile-dvv1wj-1 gSCsYK"><div class="styles__StyledTileContentWrapper-dvv1wj-2 bkNhNP beans"><div id="tile-309744764" data-auto-id="309744764" class="styles__StyledTiledContent-dvv1wj-3 bcglTg"><a href="https://www.tesco.com/groceries/en-GB/products/309744764" aria-hidden="true" class="product-image-wrapper" tabindex="1"><div class="product-image__container"><picture><img class="styled__Image-sjvkdn-0 bJErKA product-image beans-responsive-image__image" src="data:image/gif;base64,R0lGODlhAQABAAAAACH5BAEKAAEALAAAAAABAAEAAAICTAEAOw==" srcset="https://digitalcontent.api.tesco.com/v2/media/ghs/ce7ab396-eb7c-4c94-a205-9b31cdf60dfd/3a32f879-e5de-453f-b31c-40b8f2530150_1378894689.jpeg?h=225&amp;w=225 768w, data:image/gif;base64,R0lGODlhAQABAAAAACH5BAEKAAEALAAAAAABAAEAAAICTAEAOw== 4000w" alt="Tesco Quadruple Strength Summer Fruits Squash 1.5L"></picture></div></a><div class="product-details--wrapper"><h3 class="styles__H3-oa5soe-0 bCKNNq"><a href="https://www.tesco.com/groceries/en-GB/products/309744764" class="styled__Anchor-sc-1xbujuz-0 csVOnh beans-link__anchor" data-auto="product-tile--title"><span class="styled__Text-sc-1xbujuz-1 ldbwMG beans-link__text">Tesco Quadruple Strength Summer Fruits Squash 1.5L</span></a></h3><div class="styles__StyledPromotionsAboveMobile-dvv1wj-7 iPTMuo"></div><div class="styles__StyledProductDetailsContent-dvv1wj-5 ddRSrq"><a href="https://www.tesco.com/groceries/en-GB/reviews/submission/309744764?from=%2Fshop%2Fdrinks%2Fall" aria-label="Write a review for Tesco Quadruple Strength Summer Fruits Squash 1.5L" class="styled__Anchor-sc-1xbujuz-0 jSzuDt write-a-review-link beans-link__anchor" data-auto="review-link"><span class="styled__Text-sc-1xbujuz-1 fyDIEo beans-link__text">Write a review</span><span class="styled__IconContainer-sc-1xbujuz-2 bSauSL beans-link__icon-container"><svg aria-hidden="true" class="styled__SVG-xxa4wh-1 hQMCqc beans-link__icon beans-icon__svg" height="13.33" preserveAspectRatio="xMinYMax meet" viewBox="-1 0 12 20" width="8" xmlns="http://www.w3.org/2000/svg" color="currentColor"><path d="M1.312 1.348L10.276 10l-8.964 8.644" fill="none" stroke="currentColor"></path></svg></span></a><div><a href="https://www.tesco.com/groceries/en-GB/shop/drinks/squash-and-cordial/squash/summer-fruits-and-berry-squash" class="styled__Anchor-sc-1xbujuz-0 jSzuDt rest-of-shelf-link beans-link__anchor" data-auto="rest-of-shelf-link"><span class="styled__Text-sc-1xbujuz-1 fyDIEo beans-link__text">Rest of <span class="visually-hidden">Summer Fruits &amp; Berry Squash</span> shelf</span><span class="styled__IconContainer-sc-1xbujuz-2 bSauSL beans-link__icon-container"><svg aria-hidden="true" class="styled__SVG-xxa4wh-1 hQMCqc beans-link__icon beans-icon__svg" height="13.33" preserveAspectRatio="xMinYMax meet" viewBox="-1 0 12 20" width="8" xmlns="http://www.w3.org/2000/svg" color="currentColor"><path d="M1.312 1.348L10.276 10l-8.964 8.644" fill="none" stroke="currentColor"></path></svg></span></a></div><div class="product-info-message-section"><div class="product-info-message-list"></div></div></div><div class="styles__StyledBuyBoxWrapper-dvv1wj-4 dSvjUC"><div class="styles__StyledBuyBoxContainer-sc-1wx0qp6-0 erryje" data-auto="buybox-container"><div class="styles__SafeFormWrapper-jtpu2t-0 lcrYKS"><form action="https://www.tesco.com/groceries/en-GB/trolley/items/309744764?_method=PUT" method="POST"><input type="submit" class="hidden"><input name="id" type="hidden" value="309744764"><input name="identifier" type="hidden" value="Page"><input name="anchorId" type="hidden" value="#tile-309744764"><input name="returnUrl" type="hidden" value="/groceries/en-GB/shop/drinks/all?redirectIfUnavailable=true#tile-309744764"><input name="backToUrl" type="hidden" value="#"><input name="oldValue" type="hidden" value="0"><input name="oldUnitChoice" type="hidden" value="pcs"><input name="newUnitChoice" type="hidden" value="pcs"><div class="base-components__RootElement-sc-1mosoyj-1 styled__Container-sc-6nhkzi-0 jptQqM hSNpTb beans-buybox__container"><div class="base-components__BaseElement-sc-1mosoyj-0 styled__PriceAndActions-sc-6nhkzi-3 oznwo eEPLov beans-buybox__price-and-actions"><div class="base-components__RootElement-sc-1mosoyj-1 styled__Container-sc-8qlq5b-0 jptQqM bgZrjw styled__StyledPrice-sc-6nhkzi-5 iYHeik beans-buybox__price beans-price__container"><p class="styled__StyledHeading-sc-119w3hf-2 jWPEtj styled__Text-sc-8qlq5b-1 lnaeiZ beans-price__text">£1.90</p><p class="styled__StyledFootnote-sc-119w3hf-7 icrlVF styled__Subtext-sc-8qlq5b-2 bNJmdc beans-price__subtext">£0.13/100ml</p></div><div class="base-components__RootElement-sc-1mosoyj-1 styled__Container-vtxwzb-0 jptQqM bDFhXJ beans-buybox__actions beans-quantity-controls__container"><div class="base-components__RootElement-sc-1mosoyj-1 styled__Container-sc-16t2b2a-0 jptQqM PUfgZ styled__StyledFormGroup-vtxwzb-1 kzKuAr beans-quantity-controls__form-group beans-form-group__container"><label class="styled__StyledLabel-sc-1ttuvhr-0 izGEjV beans-form-group__label beans-label" for="quantity-controls-309744764">Quantity controls </label><div class="base-components__BaseElement-sc-1mosoyj-0 styled__Children-sc-16t2b2a-3 oznwo gdJvjO beans-form-group__children"><div class="styled__StyledQuantityControlWrapper-vtxwzb-6 LCxOg"><label id="quantity-controls-309744764-label" class="styled__VisuallyHiddenLabel-vtxwzb-7 gXlLiM">Quantity of Tesco Quadruple Strength Summer Fruits Squash 1.5L</label><div class="component__Wrapper-sc-1kpmik-3 dReplG input-wrapper"><input class="base-components__RootElement-sc-1mosoyj-1 styled__StyledInput-sc-1jd5f57-0 component__StyledAsInput-sc-1kpmik-4 jptQqM eJLlow styled__StyledInput-vtxwzb-3 lwMHo beans-quantity-controls__input beans-input" data-auto="beans-quantity-controls-input" autocomplete="off" id="quantity-controls-309744764" maxlength="2" name="newValue" type="number" aria-labelledby="quantity-controls-309744764-label" value="1"></div></div><button class="styled__BaseButton-rsekm1-0 styled__PrimaryButton-rsekm1-2 jChbeY geeWOF styled__StyledButton-vtxwzb-5 japAxb beans-quantity-controls__add-button beans-button__container" type="submit" data-auto="beans-quantity-controls-add-button" aria-label="Quantity of Tesco Quadruple Strength Summer Fruits Squash 1.5L"><span class="base-components__BaseElement-sc-1mosoyj-0 styled__InnerContainer-rsekm1-1 oznwo fuFres beans-button__inner-container"><span class="base-components__BaseElement-sc-1mosoyj-0 styled__TextSpan-rsekm1-4 oznwo GDiMp beans-button__text">Add</span></span></button></div></div></div></div></div><input name="_csrf" type="hidden" value="0WbpBJF9-cS-fAMl-ByHnl5hECj1JaZiBQ20"></form></div></div></div></div><div class="hidden-medium product-info-section-small"><div class="product-info-message-list"></div></div></div></div></div></div></li></ul></div></div></div></div></div><div class="show-more"><div class="updating"><div class="spinner"></div><span>Loading more items...</span></div><a class="button button-primary small" rel="nofollow" href="https://www.tesco.com/groceries/en-GB/shop/drinks/all?page=2" aria-label="Show 48 more products">Show 48 more</a></div><div class="pagination-component grid"><div class="pagination__results-count"><div class="pagination__items-displayed" data-auto="product-bin-count">Showing <strong>1 to 48</strong> of <strong>3082 items</strong><span class="visually-hidden">sorted by Relevance</span></div><div class="show-more-less__link"><a href="https://www.tesco.com/groceries/en-GB/shop/drinks/all?page=2&amp;count=24" rel="nofollow">Show 24 per page</a></div></div><nav class="pagination--page-selector-wrapper"><ul><li class="pagination-btn-holder"><a aria-label="Current results page" class="pagination--button prev-next disabled" name="current-results-page" title="Current results page"><span class="icon-icon_whitechevronleft" aria-hidden="true"></span></a></li><li class="pagination-btn-holder"><a aria-label="Current results page" class="pagination--button disabled highlight" name="current-results-page" title="Current results page"><span aria-hidden="true">1</span></a></li><li class="pagination-btn-holder"><a href="https://www.tesco.com/groceries/en-GB/shop/drinks/all?page=2" aria-label="Go to results page 2" class="pagination--button" name="go-to-results-page-2" title="Go to results page 2"><span aria-hidden="true">2</span></a></li><li class="pagination-btn-holder"><a href="https://www.tesco.com/groceries/en-GB/shop/drinks/all?page=3" aria-label="Go to results page 3" class="pagination--button" name="go-to-results-page-3" title="Go to results page 3"><span aria-hidden="true">3</span></a></li><li><span class="pagination--ellipsis icon-dots"></span></li><li class="pagination-btn-holder"><a href="https://www.tesco.com/groceries/en-GB/shop/drinks/all?page=65" aria-label="Go to results page 65" class="pagination--button" name="go-to-results-page-65" title="Go to results page 65"><span aria-hidden="true">65</span></a></li><li class="pagination-btn-holder"><a href="https://www.tesco.com/groceries/en-GB/shop/drinks/all?page=2" aria-label="Go to results page" class="pagination--button prev-next" name="go-to-results-page" title="Go to results page"><span class="icon-icon_whitechevronright" aria-hidden="true"></span></a></li></ul></nav></div><div class="back-to-top"><a href="https://www.tesco.com/groceries/en-GB/shop/drinks/all#" class="back-to-top__link" rel="nofollow">Back to top<span class="back-to-top__icon-chevron--up icon-chevron_up"></span></a></div><div class="recommender-wrapper"></div></div></div><div id="sort-n-filter" data-auto="sort-n-filter" class="sort-n-filter-container fancy-filter"><div class="actionable-layout" id="actionable-layout"><div aria-hidden="true" class="overlay"></div><div class="actionable-layout--wrapper"><header class="actionable-header"><div><h2 class="actionable-header--title">Sort and filter</h2></div></header><div class="actionable-layout--body"><div class="actionable-layout--scrollable" id="actionable-layout--scrollable"><div class="" id="scrollable-overlay"><div id="top-filter"></div><div class="sort-by"><h2>Sort by</h2><ul><li><a class="filter-radio-button" href="https://www.tesco.com/groceries/en-GB/shop/drinks/all"><span class="label-wrapper"><span class="filter-radio-icon icon-radio-on"></span><span class="label">Relevance</span></span></a></li><li><a class="filter-radio-button" href="https://www.tesco.com/groceries/en-GB/shop/drinks/all?sortBy=price-ascending"><span class="label-wrapper"><span class="filter-radio-icon icon-radio-off"></span><span class="label">Price: Low to High</span></span></a></li><li><a class="filter-radio-button" href="https://www.tesco.com/groceries/en-GB/shop/drinks/all?sortBy=price-descending"><span class="label-wrapper"><span class="filter-radio-icon icon-radio-off"></span><span class="label">Price: High to Low</span></span></a></li></ul></div><div class="filter-by" data-auto="filter-by"><a href="https://www.tesco.com/groceries/en-GB/shop/drinks/all" class="clear-all">Clear filters</a><h2>Filter by</h2><div><div class="collapsible-list"><a class="filter-element" href="https://www.tesco.com/groceries/en-GB/shop/drinks/all?new=new&amp;viewAll=new" data-auto="filter-option" data-auto-selected="false"><span class="checked-status icon-checkbox-square-unchecked"></span><span class="label-wrapper" aria-disabled="false"><span class="label">New</span><span class="count"> (175) </span></span></a></div></div><div class="area area-promotion" id="area-promotion"><span class="visually-hidden">Filter by: Filter by</span><div class="collapsible-list" id="Filter-by"><a class="filter-element" href="https://www.tesco.com/groceries/en-GB/shop/drinks/all?promotion=offers&amp;viewAll=promotion" data-auto="filter-option" data-auto-selected="false"><span class="checked-status icon-checkbox-square-unchecked"></span><span class="label-wrapper" aria-disabled="false"><span class="label highlight">Special Offers</span><span class="count"> (1510) </span></span></a></div></div><div class="area area-categories" data-auto="filter-categories"><h2><span class="visually-hidden">Filter by</span>CATEGORY</h2><div><ul class="filter-tree" data-auto="filter-options"><li><a class="filter-element selected" href="https://www.tesco.com/groceries/en-GB/shop/drinks/all" data-auto="filter-option" data-auto-selected="true"><span class="label-wrapper"><span class="label">Drinks</span><span class="count">(6000)</span></span><span class="checked-status icon-checkbox-square-checked"></span></a><ul class="filter-tree" data-auto="filter-options"><li><a class="filter-element" href="https://www.tesco.com/groceries/en-GB/shop/drinks/all?department=Christmas%20Drinks&amp;viewAll=department" data-auto="filter-option" data-auto-selected="false"><span class="label-wrapper"><span class="label">Christmas Drinks</span><span class="count">(439)</span></span><span class="checked-status icon-checkbox-square-unchecked"></span></a></li><li><a class="filter-element" href="https://www.tesco.com/groceries/en-GB/shop/drinks/all?department=Juices%20%26%20Smoothies&amp;viewAll=department" data-auto="filter-option" data-auto-selected="false"><span class="label-wrapper"><span class="label">Juices &amp; Smoothies</span><span class="count">(242)</span></span><span class="checked-status icon-checkbox-square-unchecked"></span></a></li><li><a class="filter-element" href="https://www.tesco.com/groceries/en-GB/shop/drinks/all?department=Fizzy%20%26%20Soft%20Drinks&amp;viewAll=department" data-auto="filter-option" data-auto-selected="false"><span class="label-wrapper"><span class="label">Fizzy &amp; Soft Drinks</span><span class="count">(297)</span></span><span class="checked-status icon-checkbox-square-unchecked"></span></a></li><li><a class="filter-element" href="https://www.tesco.com/groceries/en-GB/shop/drinks/all?department=Water&amp;viewAll=department" data-auto="filter-option" data-auto-selected="false"><span class="label-wrapper"><span class="label">Water</span><span class="count">(114)</span></span><span class="checked-status icon-checkbox-square-unchecked"></span></a></li><li><a class="filter-element" href="https://www.tesco.com/groceries/en-GB/shop/drinks/all?department=Squash%20%26%20Cordial&amp;viewAll=department" data-auto="filter-option" data-auto-selected="false"><span class="label-wrapper"><span class="label">Squash &amp; Cordial</span><span class="count">(108)</span></span><span class="checked-status icon-checkbox-square-unchecked"></span></a></li><li><a class="filter-element" href="https://www.tesco.com/groceries/en-GB/shop/drinks/all?department=Adult%20Soft%20Drinks%20%26%20Mixers&amp;viewAll=department" data-auto="filter-option" data-auto-selected="false"><span class="label-wrapper"><span class="label">Adult Soft Drinks &amp; Mixers</span><span class="count">(161)</span></span><span class="checked-status icon-checkbox-square-unchecked"></span></a></li><li><a class="filter-element" href="https://www.tesco.com/groceries/en-GB/shop/drinks/all?department=Kids%20Drinks&amp;viewAll=department" data-auto="filter-option" data-auto-selected="false"><span class="label-wrapper"><span class="label">Kids Drinks</span><span class="count">(90)</span></span><span class="checked-status icon-checkbox-square-unchecked"></span></a></li><li><a class="filter-element" href="https://www.tesco.com/groceries/en-GB/shop/drinks/all?department=Sports%2C%20Energy%20%26%20Wellness%20Drinks&amp;viewAll=department" data-auto="filter-option" data-auto-selected="false"><span class="label-wrapper"><span class="label">Sports, Energy &amp; Wellness Drinks</span><span class="count">(184)</span></span><span class="checked-status icon-checkbox-square-unchecked"></span></a></li><li><a class="filter-element" href="https://www.tesco.com/groceries/en-GB/shop/drinks/all?department=Milkshake&amp;viewAll=department" data-auto="filter-option" data-auto-selected="false"><span class="label-wrapper"><span class="label">Milkshake</span><span class="count">(81)</span></span><span class="checked-status icon-checkbox-square-unchecked"></span></a></li><li><a class="filter-element" href="https://www.tesco.com/groceries/en-GB/shop/drinks/all?department=On%20The%20Go%20Drinks&amp;viewAll=department" data-auto="filter-option" data-auto-selected="false"><span class="label-wrapper"><span class="label">On The Go Drinks</span><span class="count">(156)</span></span><span class="checked-status icon-checkbox-square-unchecked"></span></a></li><li><a class="filter-element" href="https://www.tesco.com/groceries/en-GB/shop/drinks/all?department=Tea&amp;viewAll=department" data-auto="filter-option" data-auto-selected="false"><span class="label-wrapper"><span class="label">Tea</span><span class="count">(237)</span></span><span class="checked-status icon-checkbox-square-unchecked"></span></a></li><li><a class="filter-element" href="https://www.tesco.com/groceries/en-GB/shop/drinks/all?department=Coffee&amp;viewAll=department" data-auto="filter-option" data-auto-selected="false"><span class="label-wrapper"><span class="label">Coffee</span><span class="count">(315)</span></span><span class="checked-status icon-checkbox-square-unchecked"></span></a></li><li><a class="filter-element" href="https://www.tesco.com/groceries/en-GB/shop/drinks/all?department=Hot%20Chocolate%20%26%20Malted%20Drinks&amp;viewAll=department" data-auto="filter-option" data-auto-selected="false"><span class="label-wrapper"><span class="label">Hot Chocolate &amp; Malted Drinks</span><span class="count">(56)</span></span><span class="checked-status icon-checkbox-square-unchecked"></span></a></li><li><a class="filter-element" href="https://www.tesco.com/groceries/en-GB/shop/drinks/all?department=Beer%20%26%20Cider&amp;viewAll=department" data-auto="filter-option" data-auto-selected="false"><span class="label-wrapper"><span class="label">Beer &amp; Cider</span><span class="count">(920)</span></span><span class="checked-status icon-checkbox-square-unchecked"></span></a></li><li><a class="filter-element" href="https://www.tesco.com/groceries/en-GB/shop/drinks/all?department=Wine&amp;viewAll=department" data-auto="filter-option" data-auto-selected="false"><span class="label-wrapper"><span class="label">Wine</span><span class="count">(1256)</span></span><span class="checked-status icon-checkbox-square-unchecked"></span></a></li><li><a class="filter-element" href="https://www.tesco.com/groceries/en-GB/shop/drinks/all?department=Spirits&amp;viewAll=department" data-auto="filter-option" data-auto-selected="false"><span class="label-wrapper"><span class="label">Spirits</span><span class="count">(854)</span></span><span class="checked-status icon-checkbox-square-unchecked"></span></a></li><li><a class="filter-element" href="https://www.tesco.com/groceries/en-GB/shop/drinks/all?department=Alcohol%20Free%20%26%20Low%20Alcohol%20Drinks&amp;viewAll=department" data-auto="filter-option" data-auto-selected="false"><span class="label-wrapper"><span class="label">Alcohol Free &amp; Low Alcohol Drinks</span><span class="count">(67)</span></span><span class="checked-status icon-checkbox-square-unchecked"></span></a></li><li><a class="filter-element" href="https://www.tesco.com/groceries/en-GB/shop/drinks/all?department=Alcohol%20Gift%20Sets&amp;viewAll=department" data-auto="filter-option" data-auto-selected="false"><span class="label-wrapper"><span class="label">Alcohol Gift Sets</span><span class="count">(110)</span></span><span class="checked-status icon-checkbox-square-unchecked"></span></a></li><li><a class="filter-element" href="https://www.tesco.com/groceries/en-GB/shop/drinks/all?department=Ready%20To%20Drink%20Wine%20%26%20Spirits&amp;viewAll=department" data-auto="filter-option" data-auto-selected="false"><span class="label-wrapper"><span class="label">Ready To Drink Wine &amp; Spirits</span><span class="count">(199)</span></span><span class="checked-status icon-checkbox-square-unchecked"></span></a></li><li><a class="filter-element" href="https://www.tesco.com/groceries/en-GB/shop/drinks/all?department=Finest%20Drinks&amp;viewAll=department" data-auto="filter-option" data-auto-selected="false"><span class="label-wrapper"><span class="label">Finest Drinks</span><span class="count">(114)</span></span><span class="checked-status icon-checkbox-square-unchecked"></span></a></li></ul></li></ul></div></div><div class="area area-brand" data-auto="filter-brands"><h2><span class="visually-hidden">Filter by</span>BRAND</h2><div class="collapsible-list" id="Brand"><a class="filter-element" href="https://www.tesco.com/groceries/en-GB/shop/drinks/all?brand=Tesco&amp;viewAll=brand" data-auto="filter-option" data-auto-selected="false"><span class="checked-status icon-checkbox-square-unchecked"></span><span class="label-wrapper" aria-disabled="false"><span class="label">Tesco</span><span class="count"> (266) </span></span></a><a class="filter-element" href="https://www.tesco.com/groceries/en-GB/shop/drinks/all?brand=Tesco%20Finest&amp;viewAll=brand" data-auto="filter-option" data-auto-selected="false"><span class="checked-status icon-checkbox-square-unchecked"></span><span class="label-wrapper" aria-disabled="false"><span class="label">Tesco Finest</span><span class="count"> (117) </span></span></a><a href="https://www.tesco.com/groceries/en-GB/shop/drinks/all?viewAll=brand#sort-n-filter" class="button button-transparent toggle-list"><span class="view-all-label">More categories</span><span class="icon-tiny-down-arrow"></span></a></div></div><div class="area area-dietary" data-auto="filter-dietary"><h2><span class="visually-hidden">Filter by</span>Lifestyle &amp; Dietary</h2><h3 class="dietary-filters-instruction">Filters should not be used as an alternative to medical advice. Always check the label.</h3><div class="collapsible-list"><a class="filter-element" href="https://www.tesco.com/groceries/en-GB/shop/drinks/all" data-auto="filter-option" data-auto-selected="true"><span class="radio-button radio-button--on"></span><span class="label-wrapper" aria-disabled="false"><span class="label">All Lifestyle &amp; Dietary</span></span></a><a class="filter-element" href="https://www.tesco.com/groceries/en-GB/shop/drinks/all?dietary=Pescetarian&amp;viewAll=dietary" data-auto="filter-option" data-auto-selected="false"><span class="radio-button radio-button--off"></span><span class="label-wrapper" aria-disabled="false"><span class="label">Pescetarian</span><span class="count"> (1943) </span></span></a><a class="filter-element" href="https://www.tesco.com/groceries/en-GB/shop/drinks/all?dietary=Vegetarian&amp;viewAll=dietary" data-auto="filter-option" data-auto-selected="false"><span class="radio-button radio-button--off"></span><span class="label-wrapper" aria-disabled="false"><span class="label">Vegetarian</span><span class="count"> (1941) </span></span></a><a href="https://www.tesco.com/groceries/en-GB/shop/drinks/all?viewAll=dietary#sort-n-filter" class="button button-transparent toggle-list"><span class="view-all-label">More Lifestyle &amp; Dietary</span><span class="icon-tiny-down-arrow"></span></a></div></div></div></div></div></div><div class="actionable-layout--footer" data-auto="actionable-footer"><div class="footer--button" data-auto="button-cancel"><a href="https://www.tesco.com/groceries/en-GB/shop/drinks/all#" class="button cancel-button button-secondary" rel="nofollow">Cancel</a></div><div class="footer--button" aria-disabled="false" data-auto="button-done"><a href="https://www.tesco.com/groceries/en-GB/shop/drinks/all#" class="button done-button button-primary" rel="nofollow">Done</a></div></div></div></div></div></div><div><div data-breakpoint="small" class="analytics-customer-event--breakpoint analytics-customer-event--small"></div><div data-breakpoint="small-medium" class="analytics-customer-event--breakpoint analytics-customer-event--small-medium"></div><div data-breakpoint="medium" class="analytics-customer-event--breakpoint analytics-customer-event--medium"></div><div data-breakpoint="large" class="analytics-customer-event--breakpoint analytics-customer-event--large"></div><div data-breakpoint="extra-large" class="analytics-customer-event--breakpoint analytics-customer-event--extra-large"></div></div></div></div><div class="main__sidebar"><div id="mini-trolley" class="mini-trolley mini-trolley--native-sticky mini-trolley--sticky"><h2 class="visually-hidden">Basket</h2><header aria-label="Basket Summary" class="sc-dlVxhl cqMAkR"><div class="sc-kfPuZi hVxzHh"><a href="https://www.tesco.com/groceries/en-GB/trolley" aria-label="Review your basket" class="styled__Anchor-sc-13zqyoa-0 kAGrVZ beans-link__anchor" data-auto="basket-icon"><svg aria-hidden="true" class="styled__SVG-xxa4wh-1 hQMCqc beans-link__icon beans-icon__svg" height="22" preserveAspectRatio="xMinYMax meet" viewBox="0 1 24 22" width="24" xmlns="http://www.w3.org/2000/svg" color="currentColor"><path d="M20 20.5H4l-2.5-11h21zM12 12v6M16 12v6M8 12v6M12 9.5L18 1" fill="none" stroke="currentColor"></path></svg></a><div role="status" data-testid="summary-status" class="sc-fKVqWL gZNHwv"><span class="sc-iwjdpV iSnNDM">£0.00 Guide price</span><p aria-hidden="true" data-auto="basket-guide-price" class="styled__StyledBodyText-sc-119w3hf-5 jvstkl sc-bBHxTw cUECpD"><span data-auto="price-value">£0.00</span><br><span class="sc-cxpSdN kDAZlq">Guide price</span></p></div></div><a href="https://www.tesco.com/groceries/en-GB/checkout/review-trolley" class="styled__Anchor-sc-16kp6v-0 epALiB sc-llYSUQ ufRD beans-link__anchor" data-auto="mini-trolley-checkout"><span class="styled__Text-sc-16kp6v-1 hbiXiB beans-link__text">Checkout</span></a></header><div class="mini-trolley__content"><div class="mini-trolley__empty-message">Products you add to your basket will appear here</div><ul class="mini-trolley__content-list"></ul></div></div></div><div class="left-hand-navigation"><div aria-hidden="true" class="overlay"></div><nav class="main-nav" id="nav"><a aria-controls="nav" aria-expanded="false" class="main-header-button main-header-icon-button pull-right icon icon-burger_menu_icon" href="https://www.tesco.com/groceries/en-GB/shop/drinks/all#" rel="nofollow" role="button"><span class="visually-hidden">Close navigation</span></a><div class="main-nav-inner"><div class="fixed-container"><div class="fixed-top"><header class="main-nav-header"><a href="https://www.tesco.com/account/login/en-GB?from=https%3A%2F%2Fwww.tesco.com%2Fgroceries%2Fen-GB%2Fshop%2Ffresh-food%2Fchristmas-fresh-food%2Fall%3Fcount%3D48%26page%3D2" class="button button-primary main-nav-header-button">Sign in</a><div class="vertical-divider"></div><a href="https://secure.tesco.com/account/en-GB/register?newReg=true&amp;from=https%3A%2F%2Fwww.tesco.com%2Fgroceries%2Fen-GB%2Fshop%2Ffresh-food%2Fchristmas-fresh-food%2Fall%3Fcount%3D48%26page%3D2" class="button button-primary main-nav-header-button">Register</a></header><div class="list-container fixed-middle"><ul class="list main-nav-list" role="menu" tabindex="0"><li class="list-header" role="menuitem">GROCERIES</li><li class="list-item"><a href="https://www.tesco.com/groceries/en-GB/shop" role="menuitem"><span class="list-item-icon list-item-icon-left icon-shop_all_groceries-01"></span><span data-auto="list-item-single-line" class="list-item-single-line">Shop all groceries</span></a></li><li class="list-item"><a href="https://www.tesco.com/account/login/en-GB?from=https%3A%2F%2Fwww.tesco.com%2Fgroceries%2Fen-GB%2Ffavorites" role="menuitem"><span class="list-item-icon list-item-icon-left favorite-heart-icon"></span><span data-auto="list-item-single-line" class="list-item-single-line">Favourites</span></a></li><li class="list-item"><a href="https://www.tesco.com/account/login/en-GB?from=https%3A%2F%2Fwww.tesco.com%2Fgroceries%2Fen-GB%2Fslots" role="menuitem"><span class="list-item-icon list-item-icon-left icon-bookaslot-01"></span><span data-auto="list-item-single-line" class="list-item-single-line">Book a slot</span></a></li><li class="list-item"><a href="https://www.tesco.com/account/login/en-GB?from=https%3A%2F%2Fwww.tesco.com%2Fgroceries%2Fen-GB%2Forders" role="menuitem"><span class="list-item-icon list-item-icon-left icon-my_orders-01"></span><span data-auto="list-item-single-line" class="list-item-single-line">My orders</span></a></li><li class="list-item"><a href="https://www.tesco.com/groceries/en-GB/zone/christmas?icid=topnav_Christmas" role="menuitem"><span class="list-item-icon list-item-icon-left icon-icon-events"></span><span data-auto="list-item-single-line" class="list-item-single-line">Christmas</span></a></li><li class="list-item"><a href="https://www.tesco.com/groceries/en-GB/promotions" role="menuitem"><span class="list-item-icon list-item-icon-left icon-promotion-nav"></span><span data-auto="list-item-single-line" class="list-item-single-line">Special offers</span></a></li><li class="list-item"><a href="https://secure.tesco.com/account/en-GB/manage" role="menuitem"><span class="list-item-icon list-item-icon-left icon-my-account"></span><span data-auto="list-item-single-line" class="list-item-single-line">My account</span></a></li><li class="list-item"><a href="https://www.tesco.com/DeliverySaver/" role="menuitem" target="_blank"><span class="list-item-icon list-item-icon-left icon-delivery-saver"></span><span class="list-item-icon list-item-icon-right icon-link"></span><span data-auto="list-item-single-line" class="list-item-single-line">Delivery Saver</span></a></li><li class="list-item"><a href="https://www.tesco.com/groceries/en-GB/#" role="menuitem"><span class="list-item-icon list-item-icon-left icon-download-app"></span><span data-auto="list-item-single-line" class="list-item-single-line">Download the app</span></a></li><li class="list-header" role="menuitem">MORE FROM TESCO</li><li class="list-item"><a href="https://secure.tesco.com/clubcard/" role="menuitem" target="_blank"><span class="list-item-icon list-item-icon-left icon-clubcard-01"></span><span class="list-item-icon list-item-icon-right icon-link"></span><span data-auto="list-item-single-line" class="list-item-single-line">Clubcard account</span></a></li><li class="list-item"><a href="https://realfood.tesco.com/" role="menuitem" target="_blank"><span class="list-item-icon list-item-icon-left icon-real-food"></span><span class="list-item-icon list-item-icon-right icon-link"></span><span data-auto="list-item-single-line" class="list-item-single-line">Recipes</span></a></li><li class="list-item"><a href="https://www.tesco.com/store-locator/uk/?stop_mobi=yes" role="menuitem" target="_blank"><span class="list-item-icon list-item-icon-left icon-storefinder-blue"></span><span data-auto="list-item-single-line" class="list-item-single-line">Store locator</span></a></li><li class="list-item"><a href="https://www.tesco.com/direct" role="menuitem" target="_blank"><span class="list-item-icon list-item-icon-left icon-tesco-direct"></span><span class="list-item-icon list-item-icon-right icon-link"></span><span data-auto="list-item-single-line" class="list-item-single-line">Tesco Direct</span></a></li><li class="list-item"><a href="https://www.tesco.com/direct/clothing/" role="menuitem" target="_blank"><span class="list-item-icon list-item-icon-left icon-f-and-f"></span><span class="list-item-icon list-item-icon-right icon-link"></span><span data-auto="list-item-single-line" class="list-item-single-line">F&amp;F clothing</span></a></li><li class="list-header" role="menuitem">ABOUT THIS SITE</li><li class="list-item"><a href="https://www.tesco.com/groceries/en-GB/help" role="menuitem"><span class="list-item-icon list-item-icon-left icon-help-01"></span><span data-auto="list-item-single-line" class="list-item-single-line"><span><span aria-hidden="true">Help</span><span class="visually-hidden">Help with the groceries website</span></span></span></a></li><li class="list-item"><a href="https://www.tesco.com/help/contact/" role="menuitem"><span class="list-item-icon list-item-icon-left icon-email-large"></span><span data-auto="list-item-single-line" class="list-item-single-line">Contact us</span></a></li></ul></div></div></div><a aria-controls="nav" class="overlay-close" href="https://www.tesco.com/groceries/en-GB/shop/drinks/all#"><span class="visually-hidden">Close</span></a></div></nav></div></div><div class="footer-wrapper"><footer class="footer"><div class="footer__upper"><div class="footer__header"><div class="footer__logo-wrapper"><svg class="beans-dynamic-logo__logo beans-tesco-logo__svg" preserveAspectRatio="xMinYMax meet" viewBox="0 0 121 35" xmlns="http://www.w3.org/2000/svg"><title>Tesco Home</title><defs><path d="M.218 6.389h23.973V.366H.218v6.023z" id="tesco-logo-a"></path><path d="M.376 6.389h23.973V.366H.376z" id="tesco-logo-c"></path><path d="M.11 6.389h23.972V.366H.11v6.023z" id="tesco-logo-e"></path><path d="M.267 6.389H24.24V.366H.267v6.023z" id="tesco-logo-g"></path><path d="M0 6.389h23.973V.366H0v6.023z" id="tesco-logo-i"></path></defs><g fill="none" fill-rule="evenodd"><path d="M84.647 0c2.538 0 4.735.31 6.5.777v5.405c-1.734-1.77-3.776-2.889-6.47-2.889-4.92 0-8.201 3.449-8.201 8.047 0 4.598 3.28 8.046 8.202 8.046 2.693 0 4.735-1.118 6.469-2.889v5.406c-1.765.466-3.962.807-6.5.807-8.512 0-14.671-4.256-14.671-11.37 0-7.115 6.16-11.34 14.67-11.34zM60.474 8.823c4.24.59 7.768 2.082 7.768 6.71 0 5.438-5.138 7.177-10.678 7.147-3.869-.032-7.15-.404-9.564-1.368v-4.877c3.436 2.237 6.964 2.951 9.564 2.951 2.693 0 5.17-.652 5.17-2.702s-2.291-2.548-6.996-3.263C51.683 12.8 48 11.06 47.968 7.052 47.939 1.647 53.046 0 57.936 0c3.158 0 6.222.373 9.038 1.305v5.25c-2.352-2.081-5.85-3.262-9.285-3.262-2.322 0-4.52.746-4.52 2.486 0 2.174 3.25 2.485 7.306 3.044zM37.136 18.92c2.507 0 6.685-.59 8.326-2.05v5.343H27.665c.866-1.025 1.02-1.709 1.02-3.79V4.256c0-2.081-.154-2.765-1.02-3.79h16.868V5.81c-1.64-1.46-5.819-2.05-8.326-2.05h-1.98v5.778h1.454c1.424 0 3.621-.062 5.076-.59v4.287c-1.455-.528-3.652-.59-5.076-.59h-1.455v6.275h2.91zM.984.466h24.42V5.81c-1.733-1.46-5.416-2.05-9.346-2.05v14.57c0 2.175.185 2.765 1.021 3.883h-7.77c.837-1.118 1.022-1.709 1.022-3.883V3.76c-3.93 0-7.614.59-9.347 2.05V.466zM106.48 19.386c-4.426 0-7.304-3.666-7.304-8.046 0-4.412 2.878-8.047 7.305-8.047 4.425 0 7.304 3.635 7.304 8.047 0 4.38-2.879 8.046-7.304 8.046m0-19.386C97.69 0 92.676 5.126 92.676 11.34c0 6.182 5.014 11.34 13.805 11.34 8.79 0 13.804-5.158 13.804-11.34 0-6.214-5.014-11.34-13.804-11.34" fill="#666666"></path><g transform="translate(95.9 27.755)"><mask fill="#fff" id="tesco-logo-b"><use xlink:href="#tesco-logo-a"></use></mask><path d="M9.37.366h14.747a.08.08 0 0 1 .04.01l.004.001a.055.055 0 0 1 .01.008c.028.028.03.085-.013.126a.153.153 0 0 1-.037.025l-.026.012c-1.713.784-4.008 3.173-4.008 3.173-1.715 1.636-3.001 2.668-5.744 2.668H.283C.24 6.39.22 6.35.217 6.31c0 0 0 .002 0 0a.09.09 0 0 1 .03-.066.422.422 0 0 1 .044-.032C1.835 5.346 4.14 2.948 4.14 2.948 5.084 1.828 6.969.366 9.37.366" fill="#666666" mask="url(#tesco-logo-b)"></path></g><g transform="translate(71.713 27.755)"><mask fill="#fff" id="tesco-logo-d"><use xlink:href="#tesco-logo-c"></use></mask><path d="M9.527.366h14.748a.08.08 0 0 1 .04.01l.003.001a.055.055 0 0 1 .01.008c.029.028.031.085-.013.126a.153.153 0 0 1-.036.025l-.026.012c-1.714.784-4.008 3.173-4.008 3.173C18.529 5.357 17.244 6.39 14.5 6.39H.44c-.04 0-.062-.039-.064-.08 0 0 0 .002 0 0a.09.09 0 0 1 .03-.066.422.422 0 0 1 .044-.032c1.543-.865 3.847-3.263 3.847-3.263.944-1.12 2.83-2.582 5.23-2.582" fill="#666666" mask="url(#tesco-logo-d)"></path></g><g transform="translate(47.95 27.755)"><mask fill="#fff" id="tesco-logo-f"><use xlink:href="#tesco-logo-e"></use></mask><path d="M9.26.366h14.748a.08.08 0 0 1 .04.01l.004.001a.055.055 0 0 1 .01.008c.028.028.03.085-.013.126a.153.153 0 0 1-.036.025l-.027.012c-1.713.784-4.008 3.173-4.008 3.173-1.715 1.636-3.001 2.668-5.744 2.668H.174c-.042 0-.063-.039-.065-.08 0 0 0 .002 0 0a.09.09 0 0 1 .03-.066.471.471 0 0 1 .044-.032c1.543-.865 3.848-3.263 3.848-3.263C4.975 1.828 6.86.366 9.261.366" fill="#666666" mask="url(#tesco-logo-f)"></path></g><g transform="translate(23.763 27.755)"><mask fill="#fff" id="tesco-logo-h"><use xlink:href="#tesco-logo-g"></use></mask><path d="M9.418.366h14.747a.08.08 0 0 1 .04.01l.004.001a.055.055 0 0 1 .01.008c.029.028.031.085-.013.126a.153.153 0 0 1-.036.025l-.026.012c-1.714.784-4.008 3.173-4.008 3.173-1.716 1.636-3.002 2.668-5.745 2.668H.331c-.04 0-.062-.039-.064-.08 0 0 0 .002 0 0a.09.09 0 0 1 .03-.066.422.422 0 0 1 .044-.032c1.543-.865 3.847-3.263 3.847-3.263.944-1.12 2.83-2.582 5.23-2.582" fill="#666666" mask="url(#tesco-logo-h)"></path></g><g transform="translate(0 27.755)"><mask fill="#fff" id="tesco-logo-j"><use xlink:href="#tesco-logo-i"></use></mask><path d="M9.152.366h14.747a.08.08 0 0 1 .04.01l.004.001a.055.055 0 0 1 .01.008c.028.028.03.085-.013.126a.153.153 0 0 1-.036.025l-.027.012c-1.713.784-4.008 3.173-4.008 3.173-1.715 1.636-3.001 2.668-5.744 2.668H.065C.022 6.39.001 6.35 0 6.31c0 0 0 .002 0 0a.09.09 0 0 1 .03-.066.422.422 0 0 1 .044-.032c1.543-.865 3.848-3.263 3.848-3.263C4.866 1.828 6.75.366 9.152.366" fill="#666666" mask="url(#tesco-logo-j)"></path></g></g></svg></div></div><section class="footer-list footer-list--closed footer:here-to-help"><h4 class="footer-list__title">Here to help<span class="footer-list__chevron icon-chevron_down-gray"></span></h4><ul class="footer-list__list"><li class="footer-list-item"><a href="https://secure.tesco.com/account/en-GB/manage" class="footer-link" rel="noreferrer" title="Will open in a new tab or window"><span class="footer-link__text">My Account</span></a></li><li class="footer-list-item"><a href="https://www.tesco.com/groceries/en-GB/orders" class="footer-link" rel="noreferrer"><span class="footer-link__text">My Grocery Orders</span></a></li><li class="footer-list-item"><a href="https://www.tesco.com/groceries/en-GB/help/" class="footer-link" rel="noreferrer" title="Will open in a new tab or window"><span class="footer-link__text"><span><span aria-hidden="true">Help</span><span class="visually-hidden">Help with the groceries website</span></span></span></a></li><li class="footer-list-item"><a href="https://www.tesco.com/productrecall/" class="footer-link" rel="noreferrer" title="Will open in a new tab or window"><span class="footer-link__text">Product Recall</span></a></li><li class="footer-list-item"><a href="https://www.tesco.com/help/privacy-and-cookies/privacy-centre/" class="footer-link" rel="noreferrer" title="Will open in a new tab or window"><span class="footer-link__text">Privacy centre</span></a></li></ul></section><section class="footer-list footer-list--closed footer:about"><h4 class="footer-list__title">About<span class="footer-list__chevron icon-chevron_down-gray"></span></h4><ul class="footer-list__list"><li class="footer-list-item"><a href="https://www.tesco.com/help/accessibility/" class="footer-link" rel="noreferrer" title="Will open in a new tab or window"><span class="footer-link__text">Accessibility</span></a></li><li class="footer-list-item"><a href="https://www.tesco.com/help/site-map/" class="footer-link" rel="noreferrer" title="Will open in a new tab or window"><span class="footer-link__text">Sitemap</span></a></li><li class="footer-list-item"><a href="https://www.tesco.com/help/privacy-and-cookies/privacy-centre/privacy-policy-information/privacy-policy/" class="footer-link" rel="noreferrer" title="Will open in a new tab or window"><span class="footer-link__text">Privacy &amp; cookies policy</span></a></li><li class="footer-list-item"><a href="https://www.tesco.com/help/terms-and-conditions/" class="footer-link" rel="noreferrer" title="Will open in a new tab or window"><span class="footer-link__text">General terms &amp; conditions</span></a></li><li class="footer-list-item"><a href="https://www.tesco.com/help/terms-and-conditions/grocery/" class="footer-link" rel="noreferrer" title="Will open in a new tab or window"><span class="footer-link__text">Product terms &amp; conditions</span></a></li><li class="footer-list-item"><a href="https://www.tesco.com/help/terms-and-conditions/#coupons" class="footer-link" rel="noreferrer" title="Will open in a new tab or window"><span class="footer-link__text">Coupon terms &amp; conditions</span></a></li></ul></section><section class="footer-list footer-list--closed footer:ways-to-save"><h4 class="footer-list__title">Ways to save<span class="footer-list__chevron icon-chevron_down-gray"></span></h4><ul class="footer-list__list"><li class="footer-list-item"><a href="https://www.tesco.com/deliverysaver/?=&amp;icid=Grocerywebfooter_DeliverySaver" class="footer-link" rel="noreferrer" title="Will open in a new tab or window"><span class="footer-link__text">Delivery Saver</span></a></li><li class="footer-list-item"><a href="https://secure.tesco.com/clubcard/" class="footer-link" rel="noreferrer" title="Will open in a new tab or window"><span class="icon icon-link-blue footer-link__icon"></span><span class="footer-link__text">Clubcard</span></a></li><li class="footer-list-item"><a href="https://www.tesco.com/groceries/en-GB/zone/tesco-delivery" class="footer-link" rel="noreferrer" title="Will open in a new tab or window"><span class="footer-link__text">Click+Collect</span></a></li><li class="footer-list-item"><a href="https://www.tesco.com/groceries/en-gb/buylists/clubcard-prices/top-picks" class="footer-link" rel="noreferrer" title="Will open in a new tab or window"><span class="footer-link__text">Clubcard prices</span></a></li></ul></section><section class="footer-list footer-list--closed footer:contact-us"><h4 class="footer-list__title">Contact us<span class="footer-list__chevron icon-chevron_down-gray"></span></h4><ul class="footer-list__list"><li class="footer-list-item"><a href="https://www.tesco.com/" class="footer-link" rel="noreferrer" title="Will open in a new tab or window"><span class="icon icon-link-blue footer-link__icon"></span><span class="footer-link__text">Tesco.com</span></a></li><li class="footer-list-item"><a href="https://www.tesco.com/store-locator/uk/" class="footer-link" rel="noreferrer" title="Will open in a new tab or window"><span class="icon icon-storefinder-blue footer-link__icon"></span><span class="footer-link__text">Store locator</span></a></li><li class="footer-list-item"><a href="tel:08003234040" class="footer-link" rel="noreferrer" title="Will open in a new tab or window"><span class="icon icon-phone-blue footer-link__icon"></span><span class="footer-link__text">0800 323 4040</span></a></li><li class="footer-list-item"><a href="tel:03301234040" class="footer-link" rel="noreferrer" title="Will open in a new tab or window"><span class="icon icon-phone-blue footer-link__icon"></span><span class="footer-link__text">0330 123 4040</span></a></li><li class="footer-list-item display-only-in-js"><a href="https://www.tesco.com/groceries/en-GB/#!" class="footer-link" rel="noreferrer"><span class="icon icon-feedback-blue footer-link__icon"></span><span class="footer-link__text">Feedback</span></a></li></ul></section><div class="footer__centered"><div class="footer__tagline icon-strapline"></div><div class="footer__copyright">© Tesco.com 2022 All rights reserved</div></div></div><div class="footer__lower"><div class="footer-logo"><div class="footer-logo__payments-container"><div class="icon-list footer-logo__card-icons"><ul class="icon-list horizontal" title="Cards accepted: Visa, Mastercard, American Express"><li class="icon icon__card icon__card--visa"><span class="visually-hidden">Visa</span></li><li class="icon icon__card icon__card--mastercard"><span class="visually-hidden">Mastercard</span></li><li class="icon icon__card icon__card--american-express"><span class="visually-hidden">American Express</span></li></ul></div><div class="icon-list footer-logo__3ds-icons"><ul class="icon-list horizontal"><li class="icon icon__card icon__verified_by_visa" title="Verified By Visa"><span class="visually-hidden">Verified By Visa</span></li><li class="icon icon__card icon__mastercard_securecode" title="Mastercard SecureCode"><span class="visually-hidden">Mastercard Securecode</span></li><li class="icon icon__card icon__american_express_safekey" title="American Express Safekey"><span class="visually-hidden">American Express Safekey</span></li></ul></div></div></div></div></footer></div></div></div></div>
    <script type="application/json" data-dependencies="deferred">["\u002Fgroceries\u002Fweb-assets\u002Fregions\u002FUK-554ab7b42e.en-GB.js","\u002Fgroceries\u002Fweb-assets\u002Fstatic-vendor.bundle.07a529d39fa55b5a4b98.js","\u002Fgroceries\u002Fweb-assets\u002Fstatic-common.bundle.926c5e26d972ffce7b3f.js"]</script>
    <script type="application/json" data-dependencies="deferred">["\u002Fgroceries\u002Fweb-assets\u002Fstatic-categories.bundle.64935db59419f99294a0.js"]</script>
    <script type="application/json" data-dependencies="late">["https:\u002F\u002Fwww.googletagmanager.com\u002Fgtm.js?id=GTM-MGZTXQJ","https:\u002F\u002Fpagead2.googlesyndication.com\u002Ftag\u002Fjs\u002Fgpt.js"]</script>
  
<noscript><img src="https://www.tesco.com/akam/13/pixel_b7a69ef?a=dD03NTJjZDgxZGRlODY3ODBmZTk5YjZiNmYzMWZkYTlmMTUyNDQ2NTJjJmpzPW9mZg==" style="visibility: hidden; position: absolute; left: -999px; top: -999px;" /></noscript><script type="text/javascript" nonce="" src="./tesco_html_brand_drinks_files/nDFtrLVcB"></script>

<div>
    <link href="./tesco_html_brand_drinks_files/UK-9c7463c43f.css" rel="stylesheet" type="text/css" media="all">
     <link href="./tesco_html_brand_drinks_files/icons-5ce5faef11.css" rel="stylesheet" type="text/css" media="all">
  </div><script type="text/javascript" id="" src="./tesco_html_brand_drinks_files/gtmScriptsExpFalse.js.download"></script><iframe src="./tesco_html_brand_drinks_files/container.html" style="visibility: hidden; display: none;"></iframe></body></html>