Product ID,Product Name,Cat Website,Price,Price/Kg,Promotion,Innovation,Link,Image,Stock Status
278363743,Trivento Reserve Malbec 75Cl,https://www.tesco.com/groceries/en-GB/shop/drinks/all?department=Christmas%20Drinks&viewAll=department&page=,£8.00,£8.00/75cl,Buy 6 or more Save 25% Clubcard Price - Save 25% On Selected Wines When You Buy 6 + Bottles,,/groceries/en-GB/products/278363743,https://digitalcontent.api.tesco.com/v2/media/ghs/79e4d498-213a-4f1c-a7a9-04e54cf9a848/971028a9-5ee1-4943-9e20-6f12f7b1ea2c_1882762552.jpeg?h=225&w=225,
263046301,Yellow Tail Chardonnay 75Cl,https://www.tesco.com/groceries/en-GB/shop/drinks/all?department=Christmas%20Drinks&viewAll=department&page=,£7.00,£7.00/75cl,Buy 6 or more Save 25% Clubcard Price - Save 25% On Selected Wines When You Buy 6 + Bottles,,/groceries/en-GB/products/263046301,https://digitalcontent.api.tesco.com/v2/media/ghs/d792a529-50c1-4979-802c-ff0c6c058ac1/42655b27-4af0-4741-895b-0904724b5443_983397690.jpeg?h=225&w=225,
254844107,Tesco Finest Pinot Grigio 75Cl,https://www.tesco.com/groceries/en-GB/shop/drinks/all?department=Christmas%20Drinks&viewAll=department&page=,£7.00,£7.00/75cl,Buy 6 or more Save 25% Clubcard Price - Save 25% On Selected Wines When You Buy 6 + Bottles,,/groceries/en-GB/products/254844107,https://digitalcontent.api.tesco.com/v2/media/ghs/c01b6bb7-152a-4853-87cb-7279e35f06c8/6e83cf32-a5ad-4c2c-adf5-fe300604c9a3_1950427164.jpeg?h=225&w=225,
262272190,Yellow Tail Shiraz 75Cl,https://www.tesco.com/groceries/en-GB/shop/drinks/all?department=Christmas%20Drinks&viewAll=department&page=,£7.00,£7.00/75cl,Buy 6 or more Save 25% Clubcard Price - Save 25% On Selected Wines When You Buy 6 + Bottles,,/groceries/en-GB/products/262272190,https://digitalcontent.api.tesco.com/v2/media/ghs/35561526-1ab1-4ce9-9503-1716b43a5c3a/556d73bd-9446-4bd3-beeb-67db22b6d648_2072996932.jpeg?h=225&w=225,
250218971,Campo Viejo Rioja Tempranillo 75Cl,https://www.tesco.com/groceries/en-GB/shop/drinks/all?department=Christmas%20Drinks&viewAll=department&page=,£8.00,£8.00/75cl,Buy 6 or more Save 25% Clubcard Price - Save 25% On Selected Wines When You Buy 6 + Bottles,,/groceries/en-GB/products/250218971,https://digitalcontent.api.tesco.com/v2/media/ghs/f9cb2e6d-8333-49fe-813e-11d655ca3995/436b2638-3972-4aee-bedf-d5b7c126661a_898598743.jpeg?h=225&w=225,
255249776,Baileys Original Irish Cream 70Cl Bottle,https://www.tesco.com/groceries/en-GB/shop/drinks/all?department=Christmas%20Drinks&viewAll=department&page=,£15.75,£22.50/litre,,,/groceries/en-GB/products/255249776,https://digitalcontent.api.tesco.com/v2/media/ghs/9ccfca24-9969-42c1-90a0-c5a71912e457/5d0e4b69-732c-47f0-a346-dc92993fb589.jpeg?h=225&w=225,
259738433,Wairau Cove Sauvignon Blanc 75Cl,https://www.tesco.com/groceries/en-GB/shop/drinks/all?department=Christmas%20Drinks&viewAll=department&page=,£8.00,£8.00/75cl,Buy 6 or more Save 25% Clubcard Price - Save 25% On Selected Wines When You Buy 6 + Bottles,,/groceries/en-GB/products/259738433,https://digitalcontent.api.tesco.com/v2/media/ghs/ff0300b1-f283-496b-80bf-0f72b0ea186c/ddd455bf-69d6-4421-83c5-53c0384bed6d_1776137057.jpeg?h=225&w=225,
295459023,Jam Shed Shiraz 75Cl,https://www.tesco.com/groceries/en-GB/shop/drinks/all?department=Christmas%20Drinks&viewAll=department&page=,£7.00,£7.00/75cl,Buy 6 or more Save 25% Clubcard Price - Save 25% On Selected Wines When You Buy 6 + Bottles,,/groceries/en-GB/products/295459023,https://digitalcontent.api.tesco.com/v2/media/ghs/83dd2c7f-094f-4ab4-9d0e-7ddb67ebc70a/f021c9b8-9fbe-4f96-bd5a-7240f3e46fa1_635752377.jpeg?h=225&w=225,
282774907,Pepsi Max 24 X 330Ml,https://www.tesco.com/groceries/en-GB/shop/drinks/all?department=Christmas%20Drinks&viewAll=department&page=,£9.50,£0.12/100ml,£7.50 Clubcard Price,,/groceries/en-GB/products/282774907,https://digitalcontent.api.tesco.com/v2/media/ghs/baebee8f-8624-47c9-b059-00d17b642227/2db44994-bdee-49d7-aab6-8627f2e06e0d_902365747.jpeg?h=225&w=225,
305049810,Pepsi Max Cherry Cans 24 X 330Ml,https://www.tesco.com/groceries/en-GB/shop/drinks/all?department=Christmas%20Drinks&viewAll=department&page=,£9.50,£0.12/100ml,£7.50 Clubcard Price,,/groceries/en-GB/products/305049810,https://digitalcontent.api.tesco.com/v2/media/ghs/cd03cc38-86a7-4fc7-8e54-466e7adb41cc/70ed2eb0-f169-475d-8a5d-49bbf2cce46e_1335803984.jpeg?h=225&w=225,
283840321,Mud House Sauvignon Blanc 75Cl,https://www.tesco.com/groceries/en-GB/shop/drinks/all?department=Christmas%20Drinks&viewAll=department&page=,£9.00,£9.00/75cl,Buy 6 or more Save 25% Clubcard Price - Save 25% On Selected Wines When You Buy 6 + Bottles,,/groceries/en-GB/products/283840321,https://digitalcontent.api.tesco.com/v2/media/ghs/5d93b894-8d21-491c-b500-6d639a3729d2/d872d3db-6975-49ca-9eee-994527c739be_1860900180.jpeg?h=225&w=225,
273824391,Diet Coke 24 X 330 Ml Pack,https://www.tesco.com/groceries/en-GB/shop/drinks/all?department=Christmas%20Drinks&viewAll=department&page=,£10.00,£0.13/100ml,,,/groceries/en-GB/products/273824391,https://digitalcontent.api.tesco.com/v2/media/ghs/3268d924-7e3a-4c06-87a4-ae8ffc6843d7/fa9a395c-c874-4e6f-8f1a-65d32ce4188e_1467125332.jpeg?h=225&w=225,
281926402,Coca Cola Coke Zero 24X330ml,https://www.tesco.com/groceries/en-GB/shop/drinks/all?department=Christmas%20Drinks&viewAll=department&page=,£10.00,£0.13/100ml,,,/groceries/en-GB/products/281926402,https://digitalcontent.api.tesco.com/v2/media/ghs/2dbd640e-b6cc-464a-85b4-760807d58190/5710d718-8755-4a3c-a2bd-d2c9bf016c9b_1740386594.jpeg?h=225&w=225,
273867627,Coca Cola Regular 24 X 330 Ml Pack,https://www.tesco.com/groceries/en-GB/shop/drinks/all?department=Christmas%20Drinks&viewAll=department&page=,£12.49,£0.16/100ml,Aldi Price Match,,/groceries/en-GB/products/273867627,https://digitalcontent.api.tesco.com/v2/media/ghs/0ebdd83c-d6be-4a07-8845-7472c0aa0f74/2b5c7b5c-b502-4580-ad80-98ee6b518e5d_572931262.jpeg?h=225&w=225,
281474446,Diet Coke Fridgepack 10 X 330Ml,https://www.tesco.com/groceries/en-GB/shop/drinks/all?department=Christmas%20Drinks&viewAll=department&page=,£4.69,£0.14/100ml,Any 2 for £7 Clubcard Price - Selected Diet Coke Or Coca Cola 10x330ml,,/groceries/en-GB/products/281474446,https://digitalcontent.api.tesco.com/v2/media/ghs/d3b45371-f5bf-4423-b948-c57af949bea9/b25c0463-f066-4d40-8e66-65b18c0dff3c_1542530797.jpeg?h=225&w=225,
258056066,Pepsi Max Cola Bottle,https://www.tesco.com/groceries/en-GB/shop/drinks/all?department=Christmas%20Drinks&viewAll=department&page=,£2.00,£0.10/100ml,Any 2 for £3.50 Clubcard Price - Selected Pepsi Max Or Pepsi Diet 2l ,,/groceries/en-GB/products/258056066,https://digitalcontent.api.tesco.com/v2/media/ghs/0f8a0616-72f3-46c2-9ed5-e698055e3656/a4bc53a3-151f-41ab-8235-aa210aad3833_482590535.jpeg?h=225&w=225,
308104660,Pepsi Max No Caffeine Cola 2Litre,https://www.tesco.com/groceries/en-GB/shop/drinks/all?department=Christmas%20Drinks&viewAll=department&page=,£2.00,£0.10/100ml,Any 2 for £3.50 Clubcard Price - Selected Pepsi Max Or Pepsi Diet 2l ,,/groceries/en-GB/products/308104660,https://digitalcontent.api.tesco.com/v2/media/ghs/39be6e1f-8a2f-4aeb-a5d3-b10ec7470a62/04b4c275-263b-4879-bb6e-b458912d6167_2007279758.jpeg?h=225&w=225,
254857294,Diet Pepsi Cola 2 Litre Bottle,https://www.tesco.com/groceries/en-GB/shop/drinks/all?department=Christmas%20Drinks&viewAll=department&page=,£2.00,£0.10/100ml,Any 2 for £3.50 Clubcard Price - Selected Pepsi Max Or Pepsi Diet 2l ,,/groceries/en-GB/products/254857294,https://digitalcontent.api.tesco.com/v2/media/ghs/b4e459ca-56b0-4153-b632-7104f6c67648/b63014cf-061d-4d67-a99b-6712754e90e5_46599459.jpeg?h=225&w=225,
255246186,Tesco Cava Brut Non Vintage 75Cl,https://www.tesco.com/groceries/en-GB/shop/drinks/all?department=Christmas%20Drinks&viewAll=department&page=,£5.85,£5.85/75cl,Buy 6 or more Save 25% Clubcard Price - Save 25% On Selected Wines When You Buy 6 + Bottles,,/groceries/en-GB/products/255246186,https://digitalcontent.api.tesco.com/v2/media/ghs/9f538164-0f77-43a7-a5d9-47c62e97185b/6797233f-7184-4ca6-9f7d-c97c4847bf65_1826180645.jpeg?h=225&w=225,
260527054,Coke Zero 10 X 330Ml,https://www.tesco.com/groceries/en-GB/shop/drinks/all?department=Christmas%20Drinks&viewAll=department&page=,£4.69,£0.14/100ml,Any 2 for £7 Clubcard Price - Selected Diet Coke Or Coca Cola 10x330ml,,/groceries/en-GB/products/260527054,https://digitalcontent.api.tesco.com/v2/media/ghs/671dd329-6102-4ec7-8b0b-fbc644dbdd18/3c180d57-c14a-463a-bcf9-4a46fd5ddb9c_374740790.jpeg?h=225&w=225,
266829442,Pepsi Max 8X330ml,https://www.tesco.com/groceries/en-GB/shop/drinks/all?department=Christmas%20Drinks&viewAll=department&page=,£4.00,£0.15/100ml,,,/groceries/en-GB/products/266829442,https://digitalcontent.api.tesco.com/v2/media/ghs/4872efbe-aa73-463b-bb46-8b8bebbc17c8/0df27e6c-8dac-43a2-b4ee-e505c58b9b35_718690141.jpeg?h=225&w=225,
262309747,Tesco Finest Prosecco Doc 75Cl,https://www.tesco.com/groceries/en-GB/shop/drinks/all?department=Christmas%20Drinks&viewAll=department&page=,£8.50,£8.50/75cl,Buy 6 or more Save 25% Clubcard Price - Save 25% On Selected Wines When You Buy 6 + Bottles,,/groceries/en-GB/products/262309747,https://digitalcontent.api.tesco.com/v2/media/ghs/eec1da1a-e880-441e-8a40-8fafe325e9db/a0a4568a-8ace-4079-8b95-812111310a0c.jpeg?h=225&w=225,
303706641,Fanta Orange Zero 8X330ml,https://www.tesco.com/groceries/en-GB/shop/drinks/all?department=Christmas%20Drinks&viewAll=department&page=,£3.49,£0.13/100ml,Aldi Price Match,,/groceries/en-GB/products/303706641,https://digitalcontent.api.tesco.com/v2/media/ghs/07887c97-b1d0-4e24-9400-2bc10d6df23e/0d0d4986-1b31-47aa-a999-988b6e49eef7_2137354106.jpeg?h=225&w=225,
255248898,Smirnoff Red Label Vodka 1 Litre,https://www.tesco.com/groceries/en-GB/shop/drinks/all?department=Christmas%20Drinks&viewAll=department&page=,£22.50,£22.50/litre,£17.00 Clubcard Price,,/groceries/en-GB/products/255248898,https://digitalcontent.api.tesco.com/v2/media/ghs/648f5998-6ab4-4c92-92b6-dabb2d4c60d3/0970a1ae-e758-4123-a29c-cf1f2d360a44.jpeg?h=225&w=225,
263641986,Dino Trebbiano Pinot Grigio 75Cl,https://www.tesco.com/groceries/en-GB/shop/drinks/all?department=Christmas%20Drinks&viewAll=department&page=,£5.75,£5.75/75cl,£4.50 Clubcard Price,,/groceries/en-GB/products/263641986,https://digitalcontent.api.tesco.com/v2/media/ghs/6655744a-9397-4cdb-bf72-e6fc99f514b2/3439e19d-bdef-4f3b-8788-da59d59ac2c7_22923234.jpeg?h=225&w=225,
250291225,Mulled Wine 75Cl,https://www.tesco.com/groceries/en-GB/shop/drinks/all?department=Christmas%20Drinks&viewAll=department&page=,£3.00,£3.00/75cl,£2.50 Clubcard Price,,/groceries/en-GB/products/250291225,https://digitalcontent.api.tesco.com/v2/media/ghs/d6cd4e5c-7401-43ff-b10d-048d18fb8973/82fe146d-64af-4807-8399-0ac9ad0fe880_1545875263.jpeg?h=225&w=225,
297132631,Diet Coke 2L,https://www.tesco.com/groceries/en-GB/shop/drinks/all?department=Christmas%20Drinks&viewAll=department&page=,£1.99,£0.10/100ml,Any 2 for £3.50 Clubcard Price - Selected Diet Coke Or Zero Drinks 2 Litre,,/groceries/en-GB/products/297132631,https://digitalcontent.api.tesco.com/v2/media/ghs/bfa9b9ba-5f54-4f62-b87e-cd2addd17f29/0d71805b-5cca-4252-bc5a-10b750b5b418_427742675.jpeg?h=225&w=225,
257546202,Gordon's Special Dry London Gin 1 Litre,https://www.tesco.com/groceries/en-GB/shop/drinks/all?department=Christmas%20Drinks&viewAll=department&page=,£22.50,£22.50/litre,£17.00 Clubcard Price,,/groceries/en-GB/products/257546202,https://digitalcontent.api.tesco.com/v2/media/ghs/91602b1d-57ba-4455-b596-684cb2269aec/456dceb8-e5d8-449d-8d58-4f9e9d3aa32e.jpeg?h=225&w=225,
255247939,The Famous Grouse Scotch Whisky 1 Litre,https://www.tesco.com/groceries/en-GB/shop/drinks/all?department=Christmas%20Drinks&viewAll=department&page=,£21.00,£21.00/litre,£17.00 Clubcard Price,,/groceries/en-GB/products/255247939,https://digitalcontent.api.tesco.com/v2/media/ghs/35dbf044-7c3d-46e8-9d10-1e0a444a8551/378034a4-9939-41cf-8002-bcdc2e032209.jpeg?h=225&w=225,
255606659,7 Up Diet / Free 6X330ml Pack,https://www.tesco.com/groceries/en-GB/shop/drinks/all?department=Christmas%20Drinks&viewAll=department&page=,£2.50,£0.13/100ml,,,/groceries/en-GB/products/255606659,https://digitalcontent.api.tesco.com/v2/media/ghs/d300e7a1-5520-44c6-971f-f3c92271ddcf/5b65d4a6-63fa-479f-b7e6-65dd9992336b_683376335.jpeg?h=225&w=225,
264534413,Tesco Finest Argentinian Malbec 75Cl,https://www.tesco.com/groceries/en-GB/shop/drinks/all?department=Christmas%20Drinks&viewAll=department&page=,£8.00,£8.00/75cl,£6.00 Clubcard Price,,/groceries/en-GB/products/264534413,https://digitalcontent.api.tesco.com/v2/media/ghs/9f74e75b-861c-474c-a6f2-0da46eaffc66/a66f534f-0878-4c42-829a-85f7a289962f_664290771.jpeg?h=225&w=225,
260507026,Coca Cola Zero 2 Litre,https://www.tesco.com/groceries/en-GB/shop/drinks/all?department=Christmas%20Drinks&viewAll=department&page=,£1.99,£0.10/100ml,Any 2 for £3.50 Clubcard Price - Selected Diet Coke Or Zero Drinks 2 Litre,,/groceries/en-GB/products/260507026,https://digitalcontent.api.tesco.com/v2/media/ghs/57e7c7fd-2218-4cab-9975-84e029133f02/513062c2-3892-4b35-a6f0-44f8324c339c_1830141470.jpeg?h=225&w=225,
250718120,7 Up Light Lemon & Lime 2 Litre Bottle,https://www.tesco.com/groceries/en-GB/shop/drinks/all?department=Christmas%20Drinks&viewAll=department&page=,£1.65,£0.08/100ml,,,/groceries/en-GB/products/250718120,https://digitalcontent.api.tesco.com/v2/media/ghs/a191b697-3eb4-4a66-b135-f78b04ef4b0a/3422692c-64c6-4219-9591-a3f93b565424_738770013.jpeg?h=225&w=225,
282822189,Coca-Cola Coke 1.75L,https://www.tesco.com/groceries/en-GB/shop/drinks/all?department=Christmas%20Drinks&viewAll=department&page=,£2.25,£0.13/100ml,Aldi Price Match,,/groceries/en-GB/products/282822189,https://digitalcontent.api.tesco.com/v2/media/ghs/e22a88c2-38b0-418e-93d4-6a91e9c2289f/b1fef786-97c7-4f7e-926a-309aadcd11a4_1878434691.jpeg?h=225&w=225,
259059292,Dr Pepper 2 Litre Bottle,https://www.tesco.com/groceries/en-GB/shop/drinks/all?department=Christmas%20Drinks&viewAll=department&page=,£2.00,£0.10/100ml,Any 2 for £3 Clubcard Price - Selected Carbonated Drinks 2 Litre,,/groceries/en-GB/products/259059292,https://digitalcontent.api.tesco.com/v2/media/ghs/fafadf65-5995-4492-a19b-60b4c250f6d3/660e37f7-89f2-41b5-bff3-25b1169810b5_221498090.jpeg?h=225&w=225,
251246175,Schweppes Slimline Tonic Water 1L,https://www.tesco.com/groceries/en-GB/shop/drinks/all?department=Christmas%20Drinks&viewAll=department&page=,£1.65,£0.16/100ml,£1.00 Clubcard Price,,/groceries/en-GB/products/251246175,https://digitalcontent.api.tesco.com/v2/media/ghs/87a3c70d-273c-497c-b34a-d421b5d087dc/7d12234d-b281-4b28-bb15-5341b54c749b_657141349.jpeg?h=225&w=225,
256458008,Schweppes Lemonade 2Litre Bottle,https://www.tesco.com/groceries/en-GB/shop/drinks/all?department=Christmas%20Drinks&viewAll=department&page=,£1.35,£0.07/100ml,,,/groceries/en-GB/products/256458008,https://digitalcontent.api.tesco.com/v2/media/ghs/3014e96d-f6ea-4779-bcbf-b88a3bc53ab9/1a167191-3fbc-42a4-99c1-69ef08de62cb_1414626048.jpeg?h=225&w=225,
256457960,Schweppes Diet Lemonade 2 Litre Bottle,https://www.tesco.com/groceries/en-GB/shop/drinks/all?department=Christmas%20Drinks&viewAll=department&page=,£1.35,£0.07/100ml,,,/groceries/en-GB/products/256457960,https://digitalcontent.api.tesco.com/v2/media/ghs/60fb5068-c19b-4e02-aaf0-29c06742316e/dd0787fa-9ea4-4348-beb5-15f15a053260_1088630542.jpeg?h=225&w=225,
254857432,Schweppes Tonic Water 1 Litre,https://www.tesco.com/groceries/en-GB/shop/drinks/all?department=Christmas%20Drinks&viewAll=department&page=,£1.65,£0.16/100ml,£1.00 Clubcard Price,,/groceries/en-GB/products/254857432,https://digitalcontent.api.tesco.com/v2/media/ghs/1f73abaa-5b53-4317-8df4-d611d2d10211/bd70dbbc-1470-4a7e-ac84-721997c01b9a_1694413407.jpeg?h=225&w=225,
250654868,Tesco Sparkling Diet Lemonade 2L,https://www.tesco.com/groceries/en-GB/shop/drinks/all?department=Christmas%20Drinks&viewAll=department&page=,£0.60,£0.03/100ml,,,/groceries/en-GB/products/250654868,https://digitalcontent.api.tesco.com/v2/media/ghs/3318fb68-375f-4733-b682-3ff152d83d43/aae98811-69cb-481c-838a-14a93001c422_1928626246.jpeg?h=225&w=225,
250617625,Tesco Sparkling Lemonade 2L Bottle,https://www.tesco.com/groceries/en-GB/shop/drinks/all?department=Christmas%20Drinks&viewAll=department&page=,£0.60,£0.03/100ml,,,/groceries/en-GB/products/250617625,https://digitalcontent.api.tesco.com/v2/media/ghs/9e9097ae-e465-412d-bea8-9f521a131a1b/f103a262-3923-4c58-b159-3fe4f22c12ee_283852737.jpeg?h=225&w=225,
273884670,Plaza Centro Prosecco 75Cl,https://www.tesco.com/groceries/en-GB/shop/drinks/all?department=Christmas%20Drinks&viewAll=department&page=,£7.50,£7.50/75cl,Buy 6 or more Save 25% Clubcard Price - Save 25% On Selected Wines When You Buy 6 + Bottles,,/groceries/en-GB/products/273884670,https://digitalcontent.api.tesco.com/v2/media/ghs/32de9879-6650-471f-9309-b0959e91c1f0/6a751761-1575-4504-8f0f-c8c56482d925_1024012898.jpeg?h=225&w=225,
255249782,Baileys Original Irish Cream Liqueur 1L,https://www.tesco.com/groceries/en-GB/shop/drinks/all?department=Christmas%20Drinks&viewAll=department&page=,£21.00,£21.00/litre,£13.00 Clubcard Price,,/groceries/en-GB/products/255249782,https://digitalcontent.api.tesco.com/v2/media/ghs/8911ef25-52bf-4a4c-bebc-39f42b22bd15/f9c627ab-2cc3-40bf-bb27-8be3572f8bae.jpeg?h=225&w=225,
300544335,Fosters Lager Beer 18 Pack 440Ml,https://www.tesco.com/groceries/en-GB/shop/drinks/all?department=Christmas%20Drinks&viewAll=department&page=,£13.99,£1.77/litre,£11.00 Clubcard Price,,/groceries/en-GB/products/300544335,https://digitalcontent.api.tesco.com/v2/media/ghs/3fbb0063-b449-4501-ba90-730ca4c6ab45/06d9774d-e27d-4291-a3ba-12d2f5cb6745.jpeg?h=225&w=225,
303759382,Carlsberg Pilsner 18X440ml Can,https://www.tesco.com/groceries/en-GB/shop/drinks/all?department=Christmas%20Drinks&viewAll=department&page=,£11.99,£1.52/litre,£10.00 Clubcard Price,,/groceries/en-GB/products/303759382,https://digitalcontent.api.tesco.com/v2/media/ghs/7a29db42-1ab0-4e97-9afe-3b7be92b0a31/c159758a-aba2-4dc3-8e08-3152d6970308_16775043.jpeg?h=225&w=225,
295220887,Carling Lager 18X440ml,https://www.tesco.com/groceries/en-GB/shop/drinks/all?department=Christmas%20Drinks&viewAll=department&page=,£13.99,£1.77/litre,£10.00 Clubcard Price,,/groceries/en-GB/products/295220887,https://digitalcontent.api.tesco.com/v2/media/ghs/297228d1-2dfd-41db-901d-c0ba137c5ae5/ce96814b-3cdf-4847-94e1-88236f9fde1b.jpeg?h=225&w=225,
296735680,Freixenet Prosecco Doc 75Cl,https://www.tesco.com/groceries/en-GB/shop/drinks/all?department=Christmas%20Drinks&viewAll=department&page=,£12.00,£12.00/75cl,Buy 6 or more Save 25% Clubcard Price - Save 25% On Selected Wines When You Buy 6 + Bottles,,/groceries/en-GB/products/296735680,https://digitalcontent.api.tesco.com/v2/media/ghs/48aa7ad3-4988-4e6e-9727-5cceb287e453/98f54596-de41-4e6c-93ed-415871d991b0_1547345302.jpeg?h=225&w=225,
299964806,Asahi Super Dry 12 X 330Ml,https://www.tesco.com/groceries/en-GB/shop/drinks/all?department=Christmas%20Drinks&viewAll=department&page=,£16.00,£4.05/litre,,New,/groceries/en-GB/products/299964806,https://digitalcontent.api.tesco.com/v2/media/ghs/299f2a1f-641f-4f9b-bec4-d4a36419aa81/b965f497-c19c-4853-a4d8-c92046ec4261_926052236.jpeg?h=225&w=225,
251182290,Villa Maria Private Bin Sauvignon Blanc 75Cl,https://www.tesco.com/groceries/en-GB/shop/drinks/all?department=Christmas%20Drinks&viewAll=department&page=,£10.00,£10.00/75cl,Buy 6 or more Save 25% Clubcard Price - Save 25% On Selected Wines When You Buy 6 + Bottles,,/groceries/en-GB/products/251182290,https://digitalcontent.api.tesco.com/v2/media/ghs/a265dff1-ac11-4e73-9ae4-7712b90ac151/3ceba297-0b4f-4607-9842-7b36175c2742_1725481930.jpeg?h=225&w=225,
283507008,Yellow Tail Jammy Red Roo 75Cl,https://www.tesco.com/groceries/en-GB/shop/drinks/all?department=Christmas%20Drinks&viewAll=department&page=,£7.00,£7.00/75cl,Buy 6 or more Save 25% Clubcard Price - Save 25% On Selected Wines When You Buy 6 + Bottles,,/groceries/en-GB/products/283507008,https://digitalcontent.api.tesco.com/v2/media/ghs/b1b861dd-5453-47ad-abb7-1818835bb484/26f40a78-f64d-437a-8426-cfb55b486c79_539719666.jpeg?h=225&w=225,
252576076,Hardys Varietal Range Chardonnay 75Cl,https://www.tesco.com/groceries/en-GB/shop/drinks/all?department=Christmas%20Drinks&viewAll=department&page=,£6.00,£6.00/75cl,Buy 6 or more Save 25% Clubcard Price - Save 25% On Selected Wines When You Buy 6 + Bottles,,/groceries/en-GB/products/252576076,https://digitalcontent.api.tesco.com/v2/media/ghs/ee46734e-3222-4bd6-a683-264ce11c88ad/8a489c1c-55c5-4419-99a5-92dbfc341b78_239470606.jpeg?h=225&w=225,
255457132,Pepsi Diet 24 X 330Ml,https://www.tesco.com/groceries/en-GB/shop/drinks/all?department=Christmas%20Drinks&viewAll=department&page=,£9.50,£0.12/100ml,£7.50 Clubcard Price,,/groceries/en-GB/products/255457132,https://digitalcontent.api.tesco.com/v2/media/ghs/e3c98da0-6e1d-40c2-b679-4c1cf13d99fa/17945068-6a89-4263-b751-9e54a94e34e1_1660991398.jpeg?h=225&w=225,
310160324,Birra Moretti 10 X 330Ml,https://www.tesco.com/groceries/en-GB/shop/drinks/all?department=Christmas%20Drinks&viewAll=department&page=,£10.50,£3.19/litre,£8.00 Clubcard Price,,/groceries/en-GB/products/310160324,https://digitalcontent.api.tesco.com/v2/media/ghs/96baee60-b86d-418e-8235-c55dd09749be/de3a2d5b-8d59-437c-a0f0-09cc6f15e9ee_140024477.jpeg?h=225&w=225,
255417854,Barefoot Merlot 75Cl,https://www.tesco.com/groceries/en-GB/shop/drinks/all?department=Christmas%20Drinks&viewAll=department&page=,£6.75,£6.75/75cl,Buy 6 or more Save 25% Clubcard Price - Save 25% On Selected Wines When You Buy 6 + Bottles,,/groceries/en-GB/products/255417854,https://digitalcontent.api.tesco.com/v2/media/ghs/ff3e91ce-6155-4de9-a7e5-0e36f46b66c6/2181eeff-55bd-48c5-b7d4-c5c61a544af1_1670888234.jpeg?h=225&w=225,
304411671,Tesco Finest Pinot Grigio Blush 75Cl,https://www.tesco.com/groceries/en-GB/shop/drinks/all?department=Christmas%20Drinks&viewAll=department&page=,£7.00,£7.00/75cl,Buy 6 or more Save 25% Clubcard Price - Save 25% On Selected Wines When You Buy 6 + Bottles,,/groceries/en-GB/products/304411671,https://digitalcontent.api.tesco.com/v2/media/ghs/17b9dbb0-a4b2-4869-9b30-2fca0bdbeae9/ad181076-a3d1-4968-92de-497b52832145.jpeg?h=225&w=225,
255244194,Torres Vina Sol. 75Cl,https://www.tesco.com/groceries/en-GB/shop/drinks/all?department=Christmas%20Drinks&viewAll=department&page=,£7.50,£7.50/75cl,Buy 6 or more Save 25% Clubcard Price - Save 25% On Selected Wines When You Buy 6 + Bottles,,/groceries/en-GB/products/255244194,https://digitalcontent.api.tesco.com/v2/media/ghs/7b6c3e88-5d78-45c2-a237-11e61f7b39d0/3a8cfbff-a663-4b39-a47e-47cf55f213c2_1471070396.jpeg?h=225&w=225,
254819789,Hardys Crest Chardonnay 75Cl,https://www.tesco.com/groceries/en-GB/shop/drinks/all?department=Christmas%20Drinks&viewAll=department&page=,£7.00,£7.00/75cl,£6.00 Clubcard Price,,/groceries/en-GB/products/254819789,https://digitalcontent.api.tesco.com/v2/media/ghs/abf798a8-7ff8-4e58-afae-4edf7a27a7f9/5862482f-cdb2-4001-8181-49e3cd74d2af_1470142814.jpeg?h=225&w=225,
299918678,Hardys Varietal Range Shiraz 75Cl,https://www.tesco.com/groceries/en-GB/shop/drinks/all?department=Christmas%20Drinks&viewAll=department&page=,£6.00,£6.00/75cl,Buy 6 or more Save 25% Clubcard Price - Save 25% On Selected Wines When You Buy 6 + Bottles,,/groceries/en-GB/products/299918678,https://digitalcontent.api.tesco.com/v2/media/ghs/42f2d504-4a44-4a9f-99b1-9529bb91f716/cf2eb4d9-ab42-45b1-b425-b49dea018966_1814197461.jpeg?h=225&w=225,
312712737,Paul Mas Languedoc Blanc 750Ml,https://www.tesco.com/groceries/en-GB/shop/drinks/all?department=Christmas%20Drinks&viewAll=department&page=,£10.00,£10.00/75cl,Buy 6 or more Save 25% Clubcard Price - Save 25% On Selected Wines When You Buy 6 + Bottles,,/groceries/en-GB/products/312712737,https://digitalcontent.api.tesco.com/v2/media/ghs/019c3b44-fdb4-4512-ab1d-3e71d2bc4e93/aecc795a-4a5e-436a-abe5-3719be5e1b0e_1348795785.jpeg?h=225&w=225,
307365530,Diet Coke Caffeine Free 24 X 330Ml,https://www.tesco.com/groceries/en-GB/shop/drinks/all?department=Christmas%20Drinks&viewAll=department&page=,£10.00,£0.13/100ml,,,/groceries/en-GB/products/307365530,https://digitalcontent.api.tesco.com/v2/media/ghs/1741dad9-c24a-48ad-a6eb-2a358b9d2311/1f7c56a1-72c5-4233-bcb6-dba90c3b96c7_231780133.jpeg?h=225&w=225,
267787916,Hardys Crest Cabernet Shiraz Merlot 75Cl,https://www.tesco.com/groceries/en-GB/shop/drinks/all?department=Christmas%20Drinks&viewAll=department&page=,£7.00,£7.00/75cl,£6.00 Clubcard Price,,/groceries/en-GB/products/267787916,https://digitalcontent.api.tesco.com/v2/media/ghs/0f94f774-0c6d-4417-8e90-c53434afb08f/af01ee0f-794b-4fbb-b939-252cffab825a_1109982771.jpeg?h=225&w=225,
251631485,Bottlegreen Elderflower Cordial 50Cl,https://www.tesco.com/groceries/en-GB/shop/drinks/all?department=Christmas%20Drinks&viewAll=department&page=,£3.75,£0.75/100ml,,,/groceries/en-GB/products/251631485,https://digitalcontent.api.tesco.com/v2/media/ghs/45a7162f-fb43-42f0-83b0-331c210176e3/fe7c942c-b380-4633-bc80-3c7f3bdd0cbd_170372153.jpeg?h=225&w=225,
305986754,La Vieille Ferme Rose Wine 750Ml,https://www.tesco.com/groceries/en-GB/shop/drinks/all?department=Christmas%20Drinks&viewAll=department&page=,£7.50,£7.50/75cl,£6.50 Clubcard Price,,/groceries/en-GB/products/305986754,https://digitalcontent.api.tesco.com/v2/media/ghs/29afcb77-87b5-4238-bc8f-4f31e94bdeb6/cb55c19a-ee01-49c8-80f0-ac45b8867c76_1394695153.jpeg?h=225&w=225,
252802005,Schweppes Low Calorie Tonic 12X150ml Pack,https://www.tesco.com/groceries/en-GB/shop/drinks/all?department=Christmas%20Drinks&viewAll=department&page=,£5.55,£0.31/100ml,£4.00 Clubcard Price,,/groceries/en-GB/products/252802005,https://digitalcontent.api.tesco.com/v2/media/ghs/6c24c1df-2b4a-49f8-8967-49ef571dc73e/5accc506-3489-4113-a56f-6cdf791e0e81_781026863.jpeg?h=225&w=225,
254856548,Tango Orange 6X330ml Pack,https://www.tesco.com/groceries/en-GB/shop/drinks/all?department=Christmas%20Drinks&viewAll=department&page=,£2.50,£0.13/100ml,,,/groceries/en-GB/products/254856548,https://digitalcontent.api.tesco.com/v2/media/ghs/6706bc0f-e600-47b6-a9ba-2b770e29d27d/cd016756-824d-4340-8217-25641417d17a_1393677476.jpeg?h=225&w=225,
304402722,La Vieille Ferme White Wine 750Ml,https://www.tesco.com/groceries/en-GB/shop/drinks/all?department=Christmas%20Drinks&viewAll=department&page=,£7.50,£7.50/75cl,£6.50 Clubcard Price,,/groceries/en-GB/products/304402722,https://digitalcontent.api.tesco.com/v2/media/ghs/ba36cee5-544f-45c6-a2e3-afc038b95c7d/0cb240fb-a19a-4255-99dd-6e63d4a30db9_274516002.jpeg?h=225&w=225,
289287373,Fever-Tree Tonic Naturally Light 8 X 150Ml,https://www.tesco.com/groceries/en-GB/shop/drinks/all?department=Christmas%20Drinks&viewAll=department&page=,£4.30,£0.36/100ml,£3.80 Clubcard Price,,/groceries/en-GB/products/289287373,https://digitalcontent.api.tesco.com/v2/media/ghs/31b1bd82-a8bb-4fcf-92de-177bf150f55c/659957b3-7325-4d40-8343-f0c6ce84a4aa_1462586566.jpeg?h=225&w=225,
299913833,Fever Tree Light Mediterranean Tonic Water Cans 8X150ml,https://www.tesco.com/groceries/en-GB/shop/drinks/all?department=Christmas%20Drinks&viewAll=department&page=,£4.30,£0.36/100ml,£3.80 Clubcard Price,,/groceries/en-GB/products/299913833,https://digitalcontent.api.tesco.com/v2/media/ghs/e5cd4df4-67ad-4b0b-af17-9706e684d79b/ef00be61-a091-4f0d-a3e9-12fa5e980d63_1146840929.jpeg?h=225&w=225,
260222846,Oyster Bay Sauvignon Blanc 75Cl,https://www.tesco.com/groceries/en-GB/shop/drinks/all?department=Christmas%20Drinks&viewAll=department&page=,£10.00,£10.00/75cl,£9.00 Clubcard Price,,/groceries/en-GB/products/260222846,https://digitalcontent.api.tesco.com/v2/media/ghs/771e92b7-67dd-4643-bd29-6c414b651e6b/f9e53759-3b09-460b-81f0-7a37826a17e7_1570729670.jpeg?h=225&w=225,
289287200,Fever-Tree Indian Tonic Water 8 X 150Ml,https://www.tesco.com/groceries/en-GB/shop/drinks/all?department=Christmas%20Drinks&viewAll=department&page=,£4.55,£0.38/100ml,£4.05 Clubcard Price,,/groceries/en-GB/products/289287200,https://digitalcontent.api.tesco.com/v2/media/ghs/b26c71be-e809-4b23-947d-1a5a26697185/a20cac02-e689-4590-8577-7ee9101b3f61_289879426.jpeg?h=225&w=225,
310667324,San Pellegrino Sparkling Lemon Drink 6 X 330Ml,https://www.tesco.com/groceries/en-GB/shop/drinks/all?department=Christmas%20Drinks&viewAll=department&page=,£4.25,£0.22/100ml,£3.25 Clubcard Price,,/groceries/en-GB/products/310667324,https://digitalcontent.api.tesco.com/v2/media/ghs/978041c5-54e7-43a5-b9d4-dbdb450b462d/a4979401-aaf2-4017-9cc7-6b742184155e_1924863548.jpeg?h=225&w=225,
298026060,Robinsons Cordials Lime & Mint 500Ml,https://www.tesco.com/groceries/en-GB/shop/drinks/all?department=Christmas%20Drinks&viewAll=department&page=,£2.50,£0.50/100ml,,,/groceries/en-GB/products/298026060,https://digitalcontent.api.tesco.com/v2/media/ghs/24cc4d62-5540-4912-a6d6-305f4de0b144/049da64e-df41-4d68-b3ed-df8ffd3b94c5_1426393991.jpeg?h=225&w=225,
293995709,Irn Bru Xtra 8X330ml,https://www.tesco.com/groceries/en-GB/shop/drinks/all?department=Christmas%20Drinks&viewAll=department&page=,£3.00,£0.11/100ml,Any 2 for £5 Clubcard Price - Irn Bru Drink 8x330ml,,/groceries/en-GB/products/293995709,https://digitalcontent.api.tesco.com/v2/media/ghs/b150e3fa-0c34-4b5b-b8b2-33bb54c053c7/e756673b-978a-435f-be33-052274d919a7_1114600124.jpeg?h=225&w=225,
283150596,Pepsi Max Cherry 8 X 330Ml,https://www.tesco.com/groceries/en-GB/shop/drinks/all?department=Christmas%20Drinks&viewAll=department&page=,£4.00,£0.15/100ml,,,/groceries/en-GB/products/283150596,https://digitalcontent.api.tesco.com/v2/media/ghs/28705d62-f5a3-4807-9863-5cc8f7083832/e5cf9020-3f3d-4370-ad76-935c287163af_374347809.jpeg?h=225&w=225,
251325796,Henry Westons Vintage Cider 500Ml Bottle,https://www.tesco.com/groceries/en-GB/shop/drinks/all?department=Christmas%20Drinks&viewAll=department&page=,£2.20,£4.40/litre,Any 3 for £5 Clubcard Price - Selected Beers 330ml - 710ml,,/groceries/en-GB/products/251325796,https://digitalcontent.api.tesco.com/v2/media/ghs/0d1a5d43-d5c3-4df8-888f-a5a0c51b94f0/ad644a4f-962c-4b98-8dff-a15eb009912a_557585949.jpeg?h=225&w=225,
306662491,Porta 6 Lisboa Red Wine 750Ml,https://www.tesco.com/groceries/en-GB/shop/drinks/all?department=Christmas%20Drinks&viewAll=department&page=,£7.50,£7.50/75cl,£6.50 Clubcard Price,,/groceries/en-GB/products/306662491,https://digitalcontent.api.tesco.com/v2/media/ghs/24e89fd2-72ea-40fd-8c21-d1dd2e4f2248/388a380e-3ddf-4c93-a48b-c771d5dc6bf3_1566994692.jpeg?h=225&w=225,
293256329,Sprite No Sugar 8X330ml,https://www.tesco.com/groceries/en-GB/shop/drinks/all?department=Christmas%20Drinks&viewAll=department&page=,£2.75,£0.10/100ml,Aldi Price Match,,/groceries/en-GB/products/293256329,https://digitalcontent.api.tesco.com/v2/media/ghs/86699ffb-52aa-4c65-88b7-157399784fb0/09210bdb-8b4b-4ffc-93cd-13bd2bbc7a78_1776228883.jpeg?h=225&w=225,
255482746,Whyte & Mackay Scotch Whisky 1L,https://www.tesco.com/groceries/en-GB/shop/drinks/all?department=Christmas%20Drinks&viewAll=department&page=,£19.50,£19.50/litre,£16.00 Clubcard Price,,/groceries/en-GB/products/255482746,https://digitalcontent.api.tesco.com/v2/media/ghs/b4981c74-61b2-426a-90e9-ac1128500141/59382968-798e-49ce-a1f2-fe0de34c2bc7.jpeg?h=225&w=225,
255248604,Jack Daniel's Tennessee Whiskey 70Cl Bottle,https://www.tesco.com/groceries/en-GB/shop/drinks/all?department=Christmas%20Drinks&viewAll=department&page=,£26.00,£37.15/litre,£17.00 Clubcard Price,,/groceries/en-GB/products/255248604,https://digitalcontent.api.tesco.com/v2/media/ghs/c204789f-ef06-42f4-bae3-ee5802bb9809/c3da84fc-52d5-44c0-a862-34cab5917949.jpeg?h=225&w=225,
259776963,Bell's Original Whisky 1 Litre,https://www.tesco.com/groceries/en-GB/shop/drinks/all?department=Christmas%20Drinks&viewAll=department&page=,£22.50,£22.50/litre,£17.00 Clubcard Price,,/groceries/en-GB/products/259776963,https://digitalcontent.api.tesco.com/v2/media/ghs/67120f9c-eabb-4afa-bae7-7d79eb0c7069/1323c536-5ad1-43b3-8b6a-10068e928f35.jpeg?h=225&w=225,
253127100,Fanta Fruit Twist 2 Ltrs,https://www.tesco.com/groceries/en-GB/shop/drinks/all?department=Christmas%20Drinks&viewAll=department&page=,£2.00,£0.10/100ml,Any 2 for £3 Clubcard Price - Selected Carbonated Drinks 2 Litre,,/groceries/en-GB/products/253127100,https://digitalcontent.api.tesco.com/v2/media/ghs/72160bd0-956b-40a8-8b01-87c73a027500/b4334f50-fb4c-4fd0-94d2-03c10cc2a762_410809775.jpeg?h=225&w=225,
257222292,Vineyards Bucks Fizz 75Cl,https://www.tesco.com/groceries/en-GB/shop/drinks/all?department=Christmas%20Drinks&viewAll=department&page=,£2.75,£2.75/75cl,£2.25 Clubcard Price,,/groceries/en-GB/products/257222292,https://digitalcontent.api.tesco.com/v2/media/ghs/d15aabdf-bae4-4f27-9c5e-d8a77a066608/7789871c-1635-4b40-a4bf-01844d0e4f13_1585715774.jpeg?h=225&w=225,
252063090,Fanta Orange 2 Litre Bottle,https://www.tesco.com/groceries/en-GB/shop/drinks/all?department=Christmas%20Drinks&viewAll=department&page=,£2.00,£0.10/100ml,Any 2 for £3 Clubcard Price - Selected Carbonated Drinks 2 Litre,,/groceries/en-GB/products/252063090,https://digitalcontent.api.tesco.com/v2/media/ghs/2c458b56-01de-489b-a08d-e712f9d1e794/8ecf0ce1-1ead-4cfa-8c27-6a321fae4fdb_792611890.jpeg?h=225&w=225,
274683934,Mcguigan Reserve Cabernet Sauvignon 75Cl,https://www.tesco.com/groceries/en-GB/shop/drinks/all?department=Christmas%20Drinks&viewAll=department&page=,£7.00,£7.00/75cl,£6.00 Clubcard Price,,/groceries/en-GB/products/274683934,https://digitalcontent.api.tesco.com/v2/media/ghs/122e46de-5f3f-4a1d-872e-3b06c5df79bf/522854be-e9be-40f5-b5d0-f56ec0aba7b9_378334383.jpeg?h=225&w=225,
264417662,Captain Morgan Original Spiced Gold 1 Litre,https://www.tesco.com/groceries/en-GB/shop/drinks/all?department=Christmas%20Drinks&viewAll=department&page=,£22.50,£22.50/litre,£17.00 Clubcard Price,,/groceries/en-GB/products/264417662,https://digitalcontent.api.tesco.com/v2/media/ghs/104a50a6-884e-484b-afef-7f2609273a77/388d932e-7ff9-4911-86a4-cb45e8e2bc60.jpeg?h=225&w=225,
276474413,Canti Prosecco Spumante 75Cl,https://www.tesco.com/groceries/en-GB/shop/drinks/all?department=Christmas%20Drinks&viewAll=department&page=,£9.00,£9.00/75cl,£8.00 Clubcard Price,,/groceries/en-GB/products/276474413,https://digitalcontent.api.tesco.com/v2/media/ghs/fb706c50-51d0-47e8-972f-2a3d9cbd9292/824cb58e-8df6-436b-aac4-ce81f2b4a6e8_69872564.jpeg?h=225&w=225,
312850121,Ribena Sparkling Blackcurrant Zero Sugar 500Ml,https://www.tesco.com/groceries/en-GB/shop/drinks/all?department=Christmas%20Drinks&viewAll=department&page=,£1.45,£0.29/100ml,"£3.40 Meal Deal Clubcard Price £3.90 Meal Deal Regular Price - Selected Drink, Snack, Wrap, Sandwich, Roll, Pasty Or Salad",,/groceries/en-GB/products/312850121,https://digitalcontent.api.tesco.com/v2/media/ghs/001d367c-a80e-4993-8466-b9c1abb6ebbc/4e254c76-feb5-4ec4-9a77-8a60e7fb629f_1927627037.jpeg?h=225&w=225,
312208290,Brooklyn Brewery Pilsner 660Ml,https://www.tesco.com/groceries/en-GB/shop/drinks/all?department=Christmas%20Drinks&viewAll=department&page=,£2.20,£3.34/litre,Any 3 for £5 Clubcard Price - Selected Beers 330ml - 710ml,,/groceries/en-GB/products/312208290,https://digitalcontent.api.tesco.com/v2/media/ghs/8b6f89ee-183f-43f9-bcb8-b378c049bcf0/f746eced-c012-44c5-ba24-0e277f850bcc_136029080.jpeg?h=225&w=225,
255249131,Bacardi Carta Blanca Rum 1 Litre,https://www.tesco.com/groceries/en-GB/shop/drinks/all?department=Christmas%20Drinks&viewAll=department&page=,£21.00,£21.00/litre,£17.00 Clubcard Price,,/groceries/en-GB/products/255249131,https://digitalcontent.api.tesco.com/v2/media/ghs/d29c27cf-537f-478a-bc4b-a5d206fa479c/f80f9288-a5ec-43f7-ade8-c5a1f8de8c2c.jpeg?h=225&w=225,
255246301,Martini Asti Spumante Non Vintage 75Cl,https://www.tesco.com/groceries/en-GB/shop/drinks/all?department=Christmas%20Drinks&viewAll=department&page=,£8.50,£8.50/75cl,£7.00 Clubcard Price,,/groceries/en-GB/products/255246301,https://digitalcontent.api.tesco.com/v2/media/ghs/a0263c7e-27bf-4713-9f7f-a1aa6dff926f/d08035d6-bec3-4dd4-8ecf-ecfec432b2bd_1803637882.jpeg?h=225&w=225,
307345928,Stella Artois Lager 18X440ml,https://www.tesco.com/groceries/en-GB/shop/drinks/all?department=Christmas%20Drinks&viewAll=department&page=,£16.99,£2.15/litre,£14.00 Clubcard Price,,/groceries/en-GB/products/307345928,https://digitalcontent.api.tesco.com/v2/media/ghs/35ab4f15-22e2-4c97-a97b-1b48e6b28a5f/078c51f5-d534-48df-9669-360e99ddff88_772439294.jpeg?h=225&w=225,
305964763,Strongbow Original Cider 18 X 440Ml,https://www.tesco.com/groceries/en-GB/shop/drinks/all?department=Christmas%20Drinks&viewAll=department&page=,£12.99,£1.65/litre,£10.00 Clubcard Price,,/groceries/en-GB/products/305964763,https://digitalcontent.api.tesco.com/v2/media/ghs/abf93f09-caec-40d0-a7de-9bcba1685b6e/9dd88084-e1b7-4cf7-a8d6-376d68ba90f7_1054631551.jpeg?h=225&w=225,
299970666,Budweiser 20 Pack 300Ml,https://www.tesco.com/groceries/en-GB/shop/drinks/all?department=Christmas%20Drinks&viewAll=department&page=,£13.49,£2.25/litre,£10.00 Clubcard Price,,/groceries/en-GB/products/299970666,https://digitalcontent.api.tesco.com/v2/media/ghs/99b7b959-7737-464d-bb81-5e7acd556dbd/13dc6cc3-3000-43d8-8c81-9e22b7cb3a13.jpeg?h=225&w=225,
290773107,Birra Moretti Lager Beer 12X330ml,https://www.tesco.com/groceries/en-GB/shop/drinks/all?department=Christmas%20Drinks&viewAll=department&page=,£15.00,£3.79/litre,,,/groceries/en-GB/products/290773107,https://digitalcontent.api.tesco.com/v2/media/ghs/3e437809-821b-4b1c-835a-90af9729f0a0/7371943c-86ee-4903-8f3e-b7da2ace83f8.jpeg?h=225&w=225,
252695240,Bombay Sapphire Gin 1 Litre,https://www.tesco.com/groceries/en-GB/shop/drinks/all?department=Christmas%20Drinks&viewAll=department&page=,£27.50,£27.50/litre,,,/groceries/en-GB/products/252695240,https://digitalcontent.api.tesco.com/v2/media/ghs/fb770e11-dc70-47e5-b6d1-1b3ba02704f9/01600db0-2c1e-4cee-ae12-2f535dfe7bc6.jpeg?h=225&w=225,
296704688,Trivento Private Reserve Malbec 75Cl,https://www.tesco.com/groceries/en-GB/shop/drinks/all?department=Christmas%20Drinks&viewAll=department&page=,£10.00,£10.00/75cl,Buy 6 or more Save 25% Clubcard Price - Save 25% On Selected Wines When You Buy 6 + Bottles,,/groceries/en-GB/products/296704688,https://digitalcontent.api.tesco.com/v2/media/ghs/303cf47a-0a4c-4de6-8887-a5b678a8a259/0709f6db-15ce-475f-9845-ee3c82b23a83_1291504274.jpeg?h=225&w=225,
310119283,Mud House Chile Sauvignon Blanc 750Ml,https://www.tesco.com/groceries/en-GB/shop/drinks/all?department=Christmas%20Drinks&viewAll=department&page=,£9.00,£9.00/75cl,Buy 6 or more Save 25% Clubcard Price - Save 25% On Selected Wines When You Buy 6 + Bottles,,/groceries/en-GB/products/310119283,https://digitalcontent.api.tesco.com/v2/media/ghs/047672b3-892b-4a7d-a21a-d9468d85419f/326318b9-5640-481c-a752-19782548d21d_2000194606.jpeg?h=225&w=225,
312340157,Peroni Nastro Azzurro Lager Beer 12X330ml,https://www.tesco.com/groceries/en-GB/shop/drinks/all?department=Christmas%20Drinks&viewAll=department&page=,£16.50,£4.17/litre,,,/groceries/en-GB/products/312340157,https://digitalcontent.api.tesco.com/v2/media/ghs/fde7278a-d6b0-4d24-8917-151534c3711a/6a973966-ea29-4a7b-ba1a-eab90945ef7d_1657755485.jpeg?h=225&w=225,
255249874,Warninks Advocaat 70Cl Bottle,https://www.tesco.com/groceries/en-GB/shop/drinks/all?department=Christmas%20Drinks&viewAll=department&page=,£15.00,£21.43/litre,£11.00 Clubcard Price,,/groceries/en-GB/products/255249874,https://digitalcontent.api.tesco.com/v2/media/ghs/9119baa6-e8be-449f-9d2f-d67281bc0f33/82915fcf-4b9b-4a26-b7ad-31ce6b2e4fb4.jpeg?h=225&w=225,
293736545,Yellow Tail Malbec 75Cl,https://www.tesco.com/groceries/en-GB/shop/drinks/all?department=Christmas%20Drinks&viewAll=department&page=,£7.00,£7.00/75cl,Buy 6 or more Save 25% Clubcard Price - Save 25% On Selected Wines When You Buy 6 + Bottles,,/groceries/en-GB/products/293736545,https://digitalcontent.api.tesco.com/v2/media/ghs/e47590b8-66d6-426c-80fe-990dbd8edcc7/06a70102-f9e9-4664-bd7b-e0992c939761_614098947.jpeg?h=225&w=225,
276797820,John Smiths Extra Smooth 18X440ml Cans,https://www.tesco.com/groceries/en-GB/shop/drinks/all?department=Christmas%20Drinks&viewAll=department&page=,£16.00,£2.03/litre,£14.00 Clubcard Price,,/groceries/en-GB/products/276797820,https://digitalcontent.api.tesco.com/v2/media/ghs/f1642a8b-82db-438d-9599-9eb1c552a242/6e0d6575-faee-4608-ab62-031e65e9a17b.jpeg?h=225&w=225,
298358063,J20 Apple & Raspberry 275Ml X 6,https://www.tesco.com/groceries/en-GB/shop/drinks/all?department=Christmas%20Drinks&viewAll=department&page=,£6.25,£0.38/100ml,£4.00 Clubcard Price,,/groceries/en-GB/products/298358063,https://digitalcontent.api.tesco.com/v2/media/ghs/c48c2b74-48de-48c1-8d7d-a27d5d69c5c7/21b2b3ba-29f7-4ae3-9fcb-bb211fca2dd3_1272809378.jpeg?h=225&w=225,
304789436,La Vieille Ferme Red Wine 750Ml,https://www.tesco.com/groceries/en-GB/shop/drinks/all?department=Christmas%20Drinks&viewAll=department&page=,£7.50,£7.50/75cl,£6.50 Clubcard Price,,/groceries/en-GB/products/304789436,https://digitalcontent.api.tesco.com/v2/media/ghs/8e161781-9daf-4f67-8635-e82bb59bea35/snapshotimagehandler_1750492800.jpeg?h=225&w=225,
298358126,J20 Orange & Passion Fruit 6 X 275Ml,https://www.tesco.com/groceries/en-GB/shop/drinks/all?department=Christmas%20Drinks&viewAll=department&page=,£6.25,£0.38/100ml,£4.00 Clubcard Price,,/groceries/en-GB/products/298358126,https://digitalcontent.api.tesco.com/v2/media/ghs/1c8656e5-d28a-4af2-8de5-ee60c0cffefe/684b0bab-3235-4df5-8d29-e66248c7e984_2114735617.jpeg?h=225&w=225,
257863212,Campo Viejo Rioja Reserva 75Cl,https://www.tesco.com/groceries/en-GB/shop/drinks/all?department=Christmas%20Drinks&viewAll=department&page=,£11.00,£11.00/75cl,£9.00 Clubcard Price,,/groceries/en-GB/products/257863212,https://digitalcontent.api.tesco.com/v2/media/ghs/a14ecab5-9040-4c37-98f6-11a2018efa2e/c4b69ef4-12ab-44bf-994f-d11612a7bace_1227095643.jpeg?h=225&w=225,
307751279,Guinness 0.0% Alcohol Free Draught Stout 4X440ml,https://www.tesco.com/groceries/en-GB/shop/drinks/all?department=Christmas%20Drinks&viewAll=department&page=,£4.50,£2.56/litre,,,/groceries/en-GB/products/307751279,https://digitalcontent.api.tesco.com/v2/media/ghs/b274bc15-e7d9-47f7-9981-9c851c48b02d/5fda1ff3-7a09-4cef-aa75-8848a7107d4e_191966965.jpeg?h=225&w=225,
275218224,Fever-Tree Naturally Light Ginger Beer 500Ml,https://www.tesco.com/groceries/en-GB/shop/drinks/all?department=Christmas%20Drinks&viewAll=department&page=,£1.95,£0.39/100ml,,,/groceries/en-GB/products/275218224,https://digitalcontent.api.tesco.com/v2/media/ghs/03b71ff1-778c-49a4-ae6b-6c0ccd898e1d/faec45a9-51b7-4225-b7d8-b1b52e893c0d_780010376.jpeg?h=225&w=225,
255246819,Croft Original Pale Cream Sherry 1 Litre,https://www.tesco.com/groceries/en-GB/shop/drinks/all?department=Christmas%20Drinks&viewAll=department&page=,£12.50,£9.38/75cl,£11.00 Clubcard Price,,/groceries/en-GB/products/255246819,https://digitalcontent.api.tesco.com/v2/media/ghs/c91712fa-fbcb-496d-b855-0424dd1772fa/a4477c7d-5f3f-404b-b305-2db7b44f479a.jpeg?h=225&w=225,
280116542,Coors 20 X 330Ml,https://www.tesco.com/groceries/en-GB/shop/drinks/all?department=Christmas%20Drinks&viewAll=department&page=,£14.00,£2.13/litre,£12.00 Clubcard Price,,/groceries/en-GB/products/280116542,https://digitalcontent.api.tesco.com/v2/media/ghs/a4dcc9cd-462d-4aa1-9d0b-8595469cb997/b464bdbd-4646-48f0-b110-bf3187683bca.jpeg?h=225&w=225,
266829079,Pepsi Diet 8X330 Ml,https://www.tesco.com/groceries/en-GB/shop/drinks/all?department=Christmas%20Drinks&viewAll=department&page=,£4.00,£0.15/100ml,,,/groceries/en-GB/products/266829079,https://digitalcontent.api.tesco.com/v2/media/ghs/1eb3ac5d-69af-48b0-a2f3-de53167827ec/a0fd0a83-e67e-4508-aee2-00af86bd36d8_1824183803.jpeg?h=225&w=225,
310666930,San Pellegrino Sparkling Orange Drink 6 X 330Ml,https://www.tesco.com/groceries/en-GB/shop/drinks/all?department=Christmas%20Drinks&viewAll=department&page=,£4.25,£0.22/100ml,£3.25 Clubcard Price,,/groceries/en-GB/products/310666930,https://digitalcontent.api.tesco.com/v2/media/ghs/620aa384-33ef-490f-ac70-0b6993ce9738/b2b80fab-0fcd-4dc6-aa09-bbf28e13c432_1153939013.jpeg?h=225&w=225,
255246727,Harveys Bristol Cream Sherry 1 Litre Bottle,https://www.tesco.com/groceries/en-GB/shop/drinks/all?department=Christmas%20Drinks&viewAll=department&page=,£12.50,£9.38/75cl,£11.00 Clubcard Price,,/groceries/en-GB/products/255246727,https://digitalcontent.api.tesco.com/v2/media/ghs/36812afc-5646-4697-92ea-39f80e705fb8/213546db-d3fd-46cd-8a05-80ff19811a03.jpeg?h=225&w=225,
299913712,Fever Tree Light Elderflower Tonic Cans 8X150ml,https://www.tesco.com/groceries/en-GB/shop/drinks/all?department=Christmas%20Drinks&viewAll=department&page=,£4.30,£0.36/100ml,£3.80 Clubcard Price,,/groceries/en-GB/products/299913712,https://digitalcontent.api.tesco.com/v2/media/ghs/63e9ffa1-425d-415c-88c3-074e6d9d9686/d1292b91-a9d0-46fe-9804-5cc82bab1a70_1915599402.jpeg?h=225&w=225,
302038897,Fever-Tree Light Ginger Ale Cans 8X150ml,https://www.tesco.com/groceries/en-GB/shop/drinks/all?department=Christmas%20Drinks&viewAll=department&page=,£4.30,£0.36/100ml,£3.80 Clubcard Price,,/groceries/en-GB/products/302038897,https://digitalcontent.api.tesco.com/v2/media/ghs/c58776e3-3a5d-40a6-821d-b67d1533e492/9214edab-51d0-4695-be27-44915713712d_1135067914.jpeg?h=225&w=225,
301832528,First Cape Special Cuvee Chenin Blanc,https://www.tesco.com/groceries/en-GB/shop/drinks/all?department=Christmas%20Drinks&viewAll=department&page=,£6.50,£6.50/75cl,£5.00 Clubcard Price,,/groceries/en-GB/products/301832528,https://digitalcontent.api.tesco.com/v2/media/ghs/178dc2b0-b493-40dc-9892-a3878235498a/24a4a139-382d-44be-8faf-6a2928cbd506_322788874.jpeg?h=225&w=225,
275218282,Fever-Tree Naturally Light Tonic Water 500Ml,https://www.tesco.com/groceries/en-GB/shop/drinks/all?department=Christmas%20Drinks&viewAll=department&page=,£1.95,£0.39/100ml,£1.60 Clubcard Price,,/groceries/en-GB/products/275218282,https://digitalcontent.api.tesco.com/v2/media/ghs/443ead8a-b345-46fc-927b-70bf46564158/206f52fd-151d-4ed8-ad85-68839b6017db_641202771.jpeg?h=225&w=225,
277258576,Thatchers Gold Cider 10X440ml Can,https://www.tesco.com/groceries/en-GB/shop/drinks/all?department=Christmas%20Drinks&viewAll=department&page=,£9.00,£2.05/litre,£8.00 Clubcard Price,,/groceries/en-GB/products/277258576,https://digitalcontent.api.tesco.com/v2/media/ghs/6efa47c2-22d3-49b6-b0ad-296d7c5dec43/effba26d-0ef6-4d00-9c63-eafe5fed92a0.jpeg?h=225&w=225,
278453199,Apothic Red 75Cl,https://www.tesco.com/groceries/en-GB/shop/drinks/all?department=Christmas%20Drinks&viewAll=department&page=,£9.00,£9.00/75cl,Buy 6 or more Save 25% Clubcard Price - Save 25% On Selected Wines When You Buy 6 + Bottles,,/groceries/en-GB/products/278453199,https://digitalcontent.api.tesco.com/v2/media/ghs/452bf4a4-ea4f-4bc0-a153-ca1098e30f22/snapshotimagehandler_1677678704.jpeg?h=225&w=225,
298026174,Robinson Cordial Raspberry Orange & Rhubarb 500Ml,https://www.tesco.com/groceries/en-GB/shop/drinks/all?department=Christmas%20Drinks&viewAll=department&page=,£2.50,£0.50/100ml,,,/groceries/en-GB/products/298026174,https://digitalcontent.api.tesco.com/v2/media/ghs/e44084d7-a9a9-42da-96cd-2c02d523395c/1a2e740a-6d57-44df-b53c-8767e5dd945e_2103619938.jpeg?h=225&w=225,
250322893,Faustino Vii Rioja 75Cl,https://www.tesco.com/groceries/en-GB/shop/drinks/all?department=Christmas%20Drinks&viewAll=department&page=,£8.00,£8.00/75cl,£7.00 Clubcard Price,,/groceries/en-GB/products/250322893,https://digitalcontent.api.tesco.com/v2/media/ghs/982d63eb-e9dc-4279-a50f-794d70764acc/4bc69e1f-e1fe-4a41-806e-d3ae2d0d2083_1150655155.jpeg?h=225&w=225,
312090377,Brooklyn Pilsner Lager Beer 6 X 330Ml,https://www.tesco.com/groceries/en-GB/shop/drinks/all?department=Christmas%20Drinks&viewAll=department&page=,£6.00,£3.04/litre,£5.00 Clubcard Price,,/groceries/en-GB/products/312090377,https://digitalcontent.api.tesco.com/v2/media/ghs/f212d2a0-36ce-4e42-8f0a-75b77d2aad9a/82479322-139e-4cac-990c-fb90b88f4200_843787618.jpeg?h=225&w=225,
299913931,Fever Tree Light Mediterranean Tonic 500Ml,https://www.tesco.com/groceries/en-GB/shop/drinks/all?department=Christmas%20Drinks&viewAll=department&page=,£1.95,£0.39/100ml,£1.60 Clubcard Price,,/groceries/en-GB/products/299913931,https://digitalcontent.api.tesco.com/v2/media/ghs/1ab4c520-4a26-4a93-98d5-31390d452282/033ad8e2-db33-449b-8039-345ca55033e5_418759085.jpeg?h=225&w=225,
267004604,Fever Tree Premium Indian Tonic Water 500Ml,https://www.tesco.com/groceries/en-GB/shop/drinks/all?department=Christmas%20Drinks&viewAll=department&page=,£2.10,£0.42/100ml,£1.70 Clubcard Price,,/groceries/en-GB/products/267004604,https://digitalcontent.api.tesco.com/v2/media/ghs/7cabda39-607f-4994-8202-b7c32399cdb2/2207f3dc-4929-4d61-9e65-de9545b2768c_2079324380.jpeg?h=225&w=225,
257810454,Aspall Premium Cru Apple Cyder 500Ml Bottle,https://www.tesco.com/groceries/en-GB/shop/drinks/all?department=Christmas%20Drinks&viewAll=department&page=,£2.20,£4.40/litre,Any 3 for £5 Clubcard Price - Selected Beers 330ml - 710ml,,/groceries/en-GB/products/257810454,https://digitalcontent.api.tesco.com/v2/media/ghs/a364e7ef-edcd-4712-b8a0-515f03595aac/119bfd5e-abd1-4a5b-a4a9-4c8323b4f94a_2073787461.jpeg?h=225&w=225,
250249801,Red Bull Energy Drink 4 X 250Ml,https://www.tesco.com/groceries/en-GB/shop/drinks/all?department=Christmas%20Drinks&viewAll=department&page=,£4.50,£0.45/100ml,£3.75 Clubcard Price,,/groceries/en-GB/products/250249801,https://digitalcontent.api.tesco.com/v2/media/ghs/7ff0268e-13a3-45b9-a998-aeb7485547ac/e35a974f-b59a-4441-9e04-fc52e4dc8fbf_1268891618.jpeg?h=225&w=225,
289531666,Hobgoblin Gold Can 4X500ml,https://www.tesco.com/groceries/en-GB/shop/drinks/all?department=Christmas%20Drinks&viewAll=department&page=,£4.25,£2.13/litre,,,/groceries/en-GB/products/289531666,https://digitalcontent.api.tesco.com/v2/media/ghs/f9be9768-d263-48a2-a230-818de6ad690a/79cb74e9-5fbb-4991-a354-7e0ee3180a1b.jpeg?h=225&w=225,
251821197,Erdinger Weissbier 500Ml,https://www.tesco.com/groceries/en-GB/shop/drinks/all?department=Christmas%20Drinks&viewAll=department&page=,£1.80,£3.60/litre,Any 4 for £6 Clubcard Price - Selected Beers 250ml - 500ml,,/groceries/en-GB/products/251821197,https://digitalcontent.api.tesco.com/v2/media/ghs/6918f5ad-dd20-4ad3-9700-c64abaf2ce14/7815c770-7f89-4424-ac96-605e89d4474b_590410833.jpeg?h=225&w=225,
266416926,Crabbies Alcoholic Ginger Beer 500Ml,https://www.tesco.com/groceries/en-GB/shop/drinks/all?department=Christmas%20Drinks&viewAll=department&page=,£1.70,£3.40/litre,Any 4 for £6 Clubcard Price - Selected Beers 250ml - 500ml,,/groceries/en-GB/products/266416926,https://digitalcontent.api.tesco.com/v2/media/ghs/f12f4174-c0cd-4c8c-9003-0076f50f6578/7d250903-93a6-4943-b960-7190b984606e_657558513.jpeg?h=225&w=225,
256585738,Tanqueray London Dry Gin 1L,https://www.tesco.com/groceries/en-GB/shop/drinks/all?department=Christmas%20Drinks&viewAll=department&page=,£25.50,£25.50/litre,£20.00 Clubcard Price,,/groceries/en-GB/products/256585738,https://digitalcontent.api.tesco.com/v2/media/ghs/b93f9ee3-1cba-47fb-b92f-70becc490892/3c7f3d3a-512f-4dd8-b4e7-6826713068f0.jpeg?h=225&w=225,
255238599,Draught Guinness 4X440ml Cans,https://www.tesco.com/groceries/en-GB/shop/drinks/all?department=Christmas%20Drinks&viewAll=department&page=,£4.75,£2.70/litre,Aldi Price Match,,/groceries/en-GB/products/255238599,https://digitalcontent.api.tesco.com/v2/media/ghs/3013139c-edca-4a26-a5ed-9cd3e6bd2601/84858266-d66a-43f0-906d-534917d4871d.jpeg?h=225&w=225,
257444582,Codorniu Vintage Cava 75Cl,https://www.tesco.com/groceries/en-GB/shop/drinks/all?department=Christmas%20Drinks&viewAll=department&page=,£11.00,£11.00/75cl,£8.00 Clubcard Price,,/groceries/en-GB/products/257444582,https://digitalcontent.api.tesco.com/v2/media/ghs/1eb40673-b363-46cb-a761-65bab905e1d2/2c2b00ab-0142-4e42-a144-55e119f3778b_476386618.jpeg?h=225&w=225,
262615586,Corona Extra 12X330ml Mexico Light & Easy,https://www.tesco.com/groceries/en-GB/shop/drinks/all?department=Christmas%20Drinks&viewAll=department&page=,£11.49,£2.91/litre,£9.00 Clubcard Price,,/groceries/en-GB/products/262615586,https://digitalcontent.api.tesco.com/v2/media/ghs-mktg/b0b04216-fa73-466d-a9d7-c9fcfa1ce9b3/no-image.jpeg,
292561021,Finest Prosecco Valdobbiadene Docg 75Cl,https://www.tesco.com/groceries/en-GB/shop/drinks/all?department=Christmas%20Drinks&viewAll=department&page=,£10.00,£10.00/75cl,£9.00 Clubcard Price,,/groceries/en-GB/products/292561021,https://digitalcontent.api.tesco.com/v2/media/ghs/2c8ae51c-7605-4845-90a4-036a5a601acd/0547641a-76a6-485f-a99d-e9832a4f941a.jpeg?h=225&w=225,
303183780,Tesco Finest Chablis 75Cl,https://www.tesco.com/groceries/en-GB/shop/drinks/all?department=Christmas%20Drinks&viewAll=department&page=,£15.00,£15.00/75cl,£11.00 Clubcard Price,,/groceries/en-GB/products/303183780,https://digitalcontent.api.tesco.com/v2/media/ghs/048bcd47-9efb-4531-8b5c-7d6b53a4b0f3/9a4da166-70bf-4615-9ffe-c6fa0e66c8e6.jpeg?h=225&w=225,
255245446,Tesco Finest Premier Cru Brut Champagne 75Cl,https://www.tesco.com/groceries/en-GB/shop/drinks/all?department=Christmas%20Drinks&viewAll=department&page=,£23.00,£23.00/75cl,Buy 6 or more Save 25% Clubcard Price - Save 25% On Selected Wines When You Buy 6 + Bottles,,/groceries/en-GB/products/255245446,https://digitalcontent.api.tesco.com/v2/media/ghs/fc5e1ac5-7e18-4812-bbc9-ed30ff82a3fc/c0197bc9-8db5-4244-b26f-953bbbf5a2af.jpeg?h=225&w=225,
250346980,Heidseick Dry Monopole Non Vintage Champagne 75Cl,https://www.tesco.com/groceries/en-GB/shop/drinks/all?department=Christmas%20Drinks&viewAll=department&page=,£29.00,£29.00/75cl,£20.00 Clubcard Price,,/groceries/en-GB/products/250346980,https://digitalcontent.api.tesco.com/v2/media/ghs/84a8fcad-fa3a-4b49-b5a6-ec384d2c0d9e/e4be5edb-65cd-4d81-b3bb-300d7ea35bf4_1276788507.jpeg?h=225&w=225,
294017180,Estrella Damm Bottles 12X330ml,https://www.tesco.com/groceries/en-GB/shop/drinks/all?department=Christmas%20Drinks&viewAll=department&page=,£15.00,£3.79/litre,,,/groceries/en-GB/products/294017180,https://digitalcontent.api.tesco.com/v2/media/ghs/c45cf78e-40cd-42df-8808-5171bd69f0e5/4bc92da5-85e1-4d07-b74a-b882fb2ab2f3.jpeg?h=225&w=225,
255699070,Courvoisier V.S. Cognac 70Cl,https://www.tesco.com/groceries/en-GB/shop/drinks/all?department=Christmas%20Drinks&viewAll=department&page=,£30.00,£42.86/litre,£25.00 Clubcard Price,,/groceries/en-GB/products/255699070,https://digitalcontent.api.tesco.com/v2/media/ghs/6ea63b61-9285-4d64-8c3a-0ce7e7694f37/877c02e2-a0ce-4f36-9401-9d1c169e48a0_342853212.jpeg?h=225&w=225,
299638911,Freixenet Italian Sparkling Rose 75Cl,https://www.tesco.com/groceries/en-GB/shop/drinks/all?department=Christmas%20Drinks&viewAll=department&page=,£12.00,£12.00/75cl,Buy 6 or more Save 25% Clubcard Price - Save 25% On Selected Wines When You Buy 6 + Bottles,,/groceries/en-GB/products/299638911,https://digitalcontent.api.tesco.com/v2/media/ghs/362b91b8-8a5e-41a5-bc0a-2b6903ba2e33/3a570790-3596-4d93-aa43-a0ab40353426_989786578.jpeg?h=225&w=225,
254870847,Malibu White Rum With Coconut 1L,https://www.tesco.com/groceries/en-GB/shop/drinks/all?department=Christmas%20Drinks&viewAll=department&page=,£20.00,£20.00/litre,,,/groceries/en-GB/products/254870847,https://digitalcontent.api.tesco.com/v2/media/ghs/6066de43-8677-4e84-9545-3cc231dab68b/af66a1e8-0184-4fc3-a843-e5d2f514678a.jpeg?h=225&w=225,
289347337,Henry Westons Vintage Cider 6X500ml,https://www.tesco.com/groceries/en-GB/shop/drinks/all?department=Christmas%20Drinks&viewAll=department&page=,£9.00,£3.00/litre,,,/groceries/en-GB/products/289347337,https://digitalcontent.api.tesco.com/v2/media/ghs/1f056f22-c200-4dd0-b05c-debe7da0c8ff/80997d90-c3a3-466a-a574-2147ac8c7a04.jpeg?h=225&w=225,
306951097,J20 Spritz Apple & Elderflower Juice Drink 6X275ml,https://www.tesco.com/groceries/en-GB/shop/drinks/all?department=Christmas%20Drinks&viewAll=department&page=,£6.25,£0.38/100ml,,,/groceries/en-GB/products/306951097,https://digitalcontent.api.tesco.com/v2/media/ghs/75519a6b-159d-4f23-a1a7-caecec942564/dafd54a5-5b48-4e03-9e07-da18f8c38ad3_1366199788.jpeg?h=225&w=225,
308838966,Beavertown Neck Oil Session Ipa 4X330ml,https://www.tesco.com/groceries/en-GB/shop/drinks/all?department=Christmas%20Drinks&viewAll=department&page=,£7.50,£5.69/litre,,,/groceries/en-GB/products/308838966,https://digitalcontent.api.tesco.com/v2/media/ghs/9cf1cd81-d19d-4661-b01a-1094bcb736cf/15ebca63-9af0-4e4e-9a8d-6c74f7f9691d_1297119648.jpeg?h=225&w=225,
278653665,Strongbow Dark Fruit Cider 10X440ml Can,https://www.tesco.com/groceries/en-GB/shop/drinks/all?department=Christmas%20Drinks&viewAll=department&page=,£11.00,£2.50/litre,,,/groceries/en-GB/products/278653665,https://digitalcontent.api.tesco.com/v2/media/ghs/ee6c77b2-63d3-4988-ba6b-66e39272a27b/bd63d85f-8368-4f08-bd05-43235d5a8d49.jpeg?h=225&w=225,
312716229,Guinness Duo And Pint Glass,https://www.tesco.com/groceries/en-GB/shop/drinks/all?department=Christmas%20Drinks&viewAll=department&page=,£9.00,£9.00/each,,New,/groceries/en-GB/products/312716229,https://digitalcontent.api.tesco.com/v2/media/ghs/51ba665f-655e-41b0-954a-96e64228a8a9/0b290735-9ec0-4144-abe1-cedb57dc7a39_1829998847.jpeg?h=225&w=225,
298358086,J20 Glitterberry 6X275ml,https://www.tesco.com/groceries/en-GB/shop/drinks/all?department=Christmas%20Drinks&viewAll=department&page=,£6.25,£0.38/100ml,£4.00 Clubcard Price,,/groceries/en-GB/products/298358086,https://digitalcontent.api.tesco.com/v2/media/ghs/d49af9a9-a1bf-4f60-87ea-e73d7d3d096f/1f491586-545e-4f6c-bee7-b25cd1dbab0e_2082619716.jpeg?h=225&w=225,
251646554,Bottlegreen Ginger & Lemongrass Cordial 50Cl,https://www.tesco.com/groceries/en-GB/shop/drinks/all?department=Christmas%20Drinks&viewAll=department&page=,£3.75,£0.75/100ml,,,/groceries/en-GB/products/251646554,https://digitalcontent.api.tesco.com/v2/media/ghs/dc4cd26e-0cc3-443b-b18b-5e6ef0069fea/8813b40c-4e6b-4a4d-b2eb-f9a270128258_1481290957.jpeg?h=225&w=225,
303775552,Nozeco 750Ml,https://www.tesco.com/groceries/en-GB/shop/drinks/all?department=Christmas%20Drinks&viewAll=department&page=,£3.25,£3.25/75cl,,,/groceries/en-GB/products/303775552,https://digitalcontent.api.tesco.com/v2/media/ghs/1557ce61-7294-4e92-a98b-6af84da6bd81/400283a5-1ea1-4a0e-a03b-5998d8d18685_266575896.jpeg?h=225&w=225,
311441716,Peroni Nastro Azzurro 0.0% Beer 4 X 330Ml,https://www.tesco.com/groceries/en-GB/shop/drinks/all?department=Christmas%20Drinks&viewAll=department&page=,£4.50,£3.41/litre,,,/groceries/en-GB/products/311441716,https://digitalcontent.api.tesco.com/v2/media/ghs/2c1bc28d-9cbd-4939-8fee-46f999c42883/3f1158ef-18b0-4895-a8f6-f4f1dd13dddd_153531523.jpeg?h=225&w=225,
307143689,Brewdog Punk Ipa 12X330ml,https://www.tesco.com/groceries/en-GB/shop/drinks/all?department=Christmas%20Drinks&viewAll=department&page=,£15.00,£3.79/litre,£13.00 Clubcard Price,,/groceries/en-GB/products/307143689,https://digitalcontent.api.tesco.com/v2/media/ghs/c22c7cd2-eb91-41e8-a629-f3213883751e/8f5446fe-3e01-439f-a3ac-773027c5b9be_1839930874.jpeg?h=225&w=225,
298358149,J20 Apple & Mango 6X275ml,https://www.tesco.com/groceries/en-GB/shop/drinks/all?department=Christmas%20Drinks&viewAll=department&page=,£6.25,£0.38/100ml,£4.00 Clubcard Price,,/groceries/en-GB/products/298358149,https://digitalcontent.api.tesco.com/v2/media/ghs/1d25770e-87e8-4fe3-b6a2-ccb4cba864ba/38111d3f-f6cb-4c55-b6ac-ffce4eddf81b_241253921.jpeg?h=225&w=225,
303215339,Bacardi Spiced Rum 1L,https://www.tesco.com/groceries/en-GB/shop/drinks/all?department=Christmas%20Drinks&viewAll=department&page=,£21.00,£21.00/litre,£17.00 Clubcard Price,,/groceries/en-GB/products/303215339,https://digitalcontent.api.tesco.com/v2/media/ghs/eef2eb3d-d621-4ca6-b7ee-a82e31fdc3c1/9da01ada-f41f-4e36-8250-bb5abf8cc0eb_1721188529.jpeg?h=225&w=225,
310168805,Corona Cero Alcohol Free Beer 4 X 330Ml,https://www.tesco.com/groceries/en-GB/shop/drinks/all?department=Christmas%20Drinks&viewAll=department&page=,£4.00,£3.04/litre,,,/groceries/en-GB/products/310168805,https://digitalcontent.api.tesco.com/v2/media/ghs/80a54c30-965d-4110-bf2e-4c9120f3b7ac/f8e899ec-2fd5-412e-9d3c-dc8b343df6df_446601701.jpeg?h=225&w=225,
303775615,Nozeco Rose 750Ml,https://www.tesco.com/groceries/en-GB/shop/drinks/all?department=Christmas%20Drinks&viewAll=department&page=,£3.25,£3.25/75cl,,,/groceries/en-GB/products/303775615,https://digitalcontent.api.tesco.com/v2/media/ghs/27459db8-f955-4d55-a1f2-0949e02f4f35/229a7347-a93f-4ded-91cc-5a24ff8f92d7_527512558.jpeg?h=225&w=225,
299914037,Fever Tree Light Aromatic Tonic Cans 8X150ml,https://www.tesco.com/groceries/en-GB/shop/drinks/all?department=Christmas%20Drinks&viewAll=department&page=,£4.30,£0.36/100ml,£3.80 Clubcard Price,,/groceries/en-GB/products/299914037,https://digitalcontent.api.tesco.com/v2/media/ghs/86768090-d675-46a0-8c0c-a8578c5b5936/5b17d246-49e6-4402-bf38-a0f884ff02b2_1476415928.jpeg?h=225&w=225,
282645306,San Miguel Especial Premium Lager 4X440ml,https://www.tesco.com/groceries/en-GB/shop/drinks/all?department=Christmas%20Drinks&viewAll=department&page=,£5.00,£2.85/litre,,,/groceries/en-GB/products/282645306,https://digitalcontent.api.tesco.com/v2/media/ghs/52c86559-f7f1-481b-8444-b63a4604c12f/415ddf5c-857a-4dbe-ba6d-a0db05af005a.jpeg?h=225&w=225,
260333277,Leffe Blonde 4X330ml Bottle Belgium Speciality,https://www.tesco.com/groceries/en-GB/shop/drinks/all?department=Christmas%20Drinks&viewAll=department&page=,£5.50,£4.17/litre,,,/groceries/en-GB/products/260333277,https://digitalcontent.api.tesco.com/v2/media/ghs/6ef95986-5a8d-44c5-8008-a0cb11e9f297/4bab45ae-97b2-45b3-9937-4ff27159a4fe.jpeg?h=225&w=225,
306815864,Gluhwein By Felix Solis Mulled Wine 75Cl,https://www.tesco.com/groceries/en-GB/shop/drinks/all?department=Christmas%20Drinks&viewAll=department&page=,£5.50,£5.50/75cl,Buy 6 or more Save 25% Clubcard Price - Save 25% On Selected Wines When You Buy 6 + Bottles,,/groceries/en-GB/products/306815864,https://digitalcontent.api.tesco.com/v2/media/ghs/498dfbac-403a-4740-9235-1b67b86bfd70/2b7e7c2c-8d5d-4817-995d-f2a31bfb520f_1052050755.jpeg?h=225&w=225,
258644067,Cockburns Special Reserve Port 1L,https://www.tesco.com/groceries/en-GB/shop/drinks/all?department=Christmas%20Drinks&viewAll=department&page=,£15.00,£11.25/75cl,£10.00 Clubcard Price,,/groceries/en-GB/products/258644067,https://digitalcontent.api.tesco.com/v2/media/ghs/47fdd8eb-9a1c-400e-8c78-ce68a3ce08c4/2f24374f-0691-4081-b89c-0fbca7cafc35.jpeg?h=225&w=225,
289287413,Fever-Tree Tonic Mediterranean 500Ml,https://www.tesco.com/groceries/en-GB/shop/drinks/all?department=Christmas%20Drinks&viewAll=department&page=,£2.10,£0.42/100ml,£1.70 Clubcard Price,,/groceries/en-GB/products/289287413,https://digitalcontent.api.tesco.com/v2/media/ghs/9cdf6ec2-3874-449e-81de-5e4255ccc9df/690b875b-41b8-40f1-919b-69ed23a5cf56_540266881.jpeg?h=225&w=225,
299913919,Fever Tree Light Elderflower Tonic 500Ml,https://www.tesco.com/groceries/en-GB/shop/drinks/all?department=Christmas%20Drinks&viewAll=department&page=,£1.95,£0.39/100ml,£1.60 Clubcard Price,,/groceries/en-GB/products/299913919,https://digitalcontent.api.tesco.com/v2/media/ghs/07dcd6a1-7e30-4f60-a229-589a17de34f8/ce2929ea-fbf1-4fe1-bb0f-ef999b898c1c_1927697129.jpeg?h=225&w=225,
264756692,Calvet Prestige Bordeaux Red 75Cl,https://www.tesco.com/groceries/en-GB/shop/drinks/all?department=Christmas%20Drinks&viewAll=department&page=,£7.50,£7.50/75cl,£6.50 Clubcard Price,,/groceries/en-GB/products/264756692,https://digitalcontent.api.tesco.com/v2/media/ghs/dd2c9779-9d22-451a-9bba-33a869c9e443/cf4ab894-2f68-426d-ab03-112a6f4d0ce7_391481933.jpeg?h=225&w=225,
252285938,Louis Jadot Beaujolais Villages 75Cl,https://www.tesco.com/groceries/en-GB/shop/drinks/all?department=Christmas%20Drinks&viewAll=department&page=,£11.00,£11.00/75cl,£10.00 Clubcard Price,,/groceries/en-GB/products/252285938,https://digitalcontent.api.tesco.com/v2/media/ghs/eb8cadf1-eeb7-4606-bff7-c51f44a13987/b0d5af51-4a9c-47cb-adb8-160acabf34ac_2118439466.jpeg?h=225&w=225,
299913856,Fever Tree Light Ginger Ale 500Ml,https://www.tesco.com/groceries/en-GB/shop/drinks/all?department=Christmas%20Drinks&viewAll=department&page=,£1.95,£0.39/100ml,£1.60 Clubcard Price,,/groceries/en-GB/products/299913856,https://digitalcontent.api.tesco.com/v2/media/ghs/16b9b6e2-fee7-4ddf-bbaf-3db142b65e2e/43220288-b93e-485d-a4cc-19723f347547_615864080.jpeg?h=225&w=225,
254106066,Tesco Napoleon Brandy 70Cl Bottle,https://www.tesco.com/groceries/en-GB/shop/drinks/all?department=Christmas%20Drinks&viewAll=department&page=,£11.50,£16.43/litre,,,/groceries/en-GB/products/254106066,https://digitalcontent.api.tesco.com/v2/media/ghs/10f20427-9f1a-4a49-822b-fd26dc186a10/4ace237c-ac82-4550-a6c3-8d802735bdc6.jpeg?h=225&w=225,
295208183,Eisberg Sauvignon 75Cl Alcohol Free,https://www.tesco.com/groceries/en-GB/shop/drinks/all?department=Christmas%20Drinks&viewAll=department&page=,£3.25,£3.25/75cl,,,/groceries/en-GB/products/295208183,https://digitalcontent.api.tesco.com/v2/media/ghs/722d98bf-0663-40fc-b5f2-7f75f474a203/8c050818-bdbc-4537-a5de-94d456d946da_2101094188.jpeg?h=225&w=225,
308085709,Sharps Doom Bar Amber Ale 10X440ml,https://www.tesco.com/groceries/en-GB/shop/drinks/all?department=Christmas%20Drinks&viewAll=department&page=,£11.00,£2.50/litre,£9.50 Clubcard Price,,/groceries/en-GB/products/308085709,https://digitalcontent.api.tesco.com/v2/media/ghs/077e22ce-a8dd-460a-86c3-7fb2a542bf75/6d59de9f-2441-4995-958b-eb21c68bc21a_1952699500.jpeg?h=225&w=225,
307147132,Fever Tree Rhubarb & Raspberry Tonic Water 500Ml,https://www.tesco.com/groceries/en-GB/shop/drinks/all?department=Christmas%20Drinks&viewAll=department&page=,£1.95,£0.39/100ml,£1.60 Clubcard Price,,/groceries/en-GB/products/307147132,https://digitalcontent.api.tesco.com/v2/media/ghs/986fc02b-3f3c-4168-b1f5-23adb3fbdd69/1b4686d1-4b23-44ca-8a9d-cbe3277ae6dd_570144860.jpeg?h=225&w=225,
306502825,Mad Fish Shiraz Wine 75Cl,https://www.tesco.com/groceries/en-GB/shop/drinks/all?department=Christmas%20Drinks&viewAll=department&page=,£9.00,£9.00/75cl,£7.00 Clubcard Price,,/groceries/en-GB/products/306502825,https://digitalcontent.api.tesco.com/v2/media/ghs/88545f28-7094-47f7-bbef-19252b873cc0/c18bf0f3-e169-4410-b30e-82a5428b9e94_1056229306.jpeg?h=225&w=225,
268745347,Kopparberg Mixed Fruit Cider 12X330ml Can,https://www.tesco.com/groceries/en-GB/shop/drinks/all?department=Christmas%20Drinks&viewAll=department&page=,£12.00,£3.04/litre,£10.00 Clubcard Price,,/groceries/en-GB/products/268745347,https://digitalcontent.api.tesco.com/v2/media/ghs/5c4e5c8f-da9b-455e-b135-a516a2b2e5c3/6628aab7-7222-4859-957e-2118355e62e1.jpeg?h=225&w=225,
283507705,Mionetto Prosecco Doc 75Cl,https://www.tesco.com/groceries/en-GB/shop/drinks/all?department=Christmas%20Drinks&viewAll=department&page=,£11.00,£11.00/75cl,£9.00 Clubcard Price,,/groceries/en-GB/products/283507705,https://digitalcontent.api.tesco.com/v2/media/ghs/d73dd4b0-abbe-4fe2-b27e-e9179e026a2b/7b742b37-0184-4f00-a7d8-0e1a3ac87d1a_515074964.jpeg?h=225&w=225,
306500286,Mad Fish Sauvignon Blanc Wine 75Cl,https://www.tesco.com/groceries/en-GB/shop/drinks/all?department=Christmas%20Drinks&viewAll=department&page=,£9.50,£9.50/75cl,£7.00 Clubcard Price,,/groceries/en-GB/products/306500286,https://digitalcontent.api.tesco.com/v2/media/ghs/7c8fcd8d-aef6-4cc3-b3c2-6fc06aac6224/6661689e-1155-444c-b402-90630184132f_1990821525.jpeg?h=225&w=225,
268773405,Kopparberg Strawberry & Lime 12X330ml Can,https://www.tesco.com/groceries/en-GB/shop/drinks/all?department=Christmas%20Drinks&viewAll=department&page=,£12.00,£3.04/litre,£10.00 Clubcard Price,,/groceries/en-GB/products/268773405,https://digitalcontent.api.tesco.com/v2/media/ghs/4b8c9bd0-1cd3-49df-adde-493ce3dc1556/5d0fdac3-57f6-4976-bd6c-8d991a4c56e6.jpeg?h=225&w=225,
311953721,I Heart Prosecco Rose 75Cl,https://www.tesco.com/groceries/en-GB/shop/drinks/all?department=Christmas%20Drinks&viewAll=department&page=,£9.00,£9.00/75cl,Buy 6 or more Save 25% Clubcard Price - Save 25% On Selected Wines When You Buy 6 + Bottles,,/groceries/en-GB/products/311953721,https://digitalcontent.api.tesco.com/v2/media/ghs/45ef8b56-de07-4e2f-868a-8460d2949f20/783a2e14-36bc-4cb0-b752-3b2664565e12_223867407.jpeg?h=225&w=225,
282483255,Old Speckled Hen Can 10X440ml,https://www.tesco.com/groceries/en-GB/shop/drinks/all?department=Christmas%20Drinks&viewAll=department&page=,£10.50,£2.39/litre,£9.50 Clubcard Price,,/groceries/en-GB/products/282483255,https://digitalcontent.api.tesco.com/v2/media/ghs/ebeb86d8-fd7d-40eb-ba9f-2bf2886d437c/b0ca3b0d-5a95-4a5b-aabd-1ed2c94d2508_2124452292.jpeg?h=225&w=225,
311259351,Angelo Poretti 4 Hops Premium Lager 660Ml,https://www.tesco.com/groceries/en-GB/shop/drinks/all?department=Christmas%20Drinks&viewAll=department&page=,£2.20,£3.34/litre,Any 3 for £5 Clubcard Price - Selected Beers 330ml - 710ml,,/groceries/en-GB/products/311259351,https://digitalcontent.api.tesco.com/v2/media/ghs/937aad09-987e-4310-b2be-2208fbfc0375/b76a70e6-02f8-479a-ab69-7841d4abbefe_584700389.jpeg?h=225&w=225,
265616603,Baileys Coffee 1 Litre,https://www.tesco.com/groceries/en-GB/shop/drinks/all?department=Christmas%20Drinks&viewAll=department&page=,£21.00,£21.00/litre,£13.00 Clubcard Price,,/groceries/en-GB/products/265616603,https://digitalcontent.api.tesco.com/v2/media/ghs/757e368e-e6f6-459e-89ff-23371f6292c2/6f8101fc-b73a-433e-9f24-be5001cd79f2.jpeg?h=225&w=225,
312090037,Canti Rose Extra Dry 75Cl,https://www.tesco.com/groceries/en-GB/shop/drinks/all?department=Christmas%20Drinks&viewAll=department&page=,£7.50,£7.50/75cl,£4.99 Clubcard Price,,/groceries/en-GB/products/312090037,https://digitalcontent.api.tesco.com/v2/media/ghs/ec14f73e-0f70-45d5-a213-a9cf134e35af/2901105d-13c0-4d9d-86d0-7cf1f552c253_162851892.jpeg?h=225&w=225,
255245636,Lanson Le Black Label Brut 75Cl,https://www.tesco.com/groceries/en-GB/shop/drinks/all?department=Christmas%20Drinks&viewAll=department&page=,£36.00,£36.00/75cl,£28.00 Clubcard Price,,/groceries/en-GB/products/255245636,https://digitalcontent.api.tesco.com/v2/media/ghs/78b10b71-31a1-44f6-af24-7eb7d5a30b7e/7f6b7f26-e7b9-437d-a7ab-f02d8505ab19_564365841.jpeg?h=225&w=225,
255245832,Taittinger Brut Reserve Non Vintage Champagne 75Cl,https://www.tesco.com/groceries/en-GB/shop/drinks/all?department=Christmas%20Drinks&viewAll=department&page=,£39.00,£39.00/75cl,£32.00 Clubcard Price,,/groceries/en-GB/products/255245832,https://digitalcontent.api.tesco.com/v2/media/ghs/efd92122-2756-4f3b-a813-b47b0482c24b/c49795ff-f384-49f6-a469-660133a521cc_998999679.jpeg?h=225&w=225,
283507302,Piper Heidsieck Brut 75Cl,https://www.tesco.com/groceries/en-GB/shop/drinks/all?department=Christmas%20Drinks&viewAll=department&page=,£36.00,£36.00/75cl,Buy 6 or more Save 25% Clubcard Price - Save 25% On Selected Wines When You Buy 6 + Bottles,,/groceries/en-GB/products/283507302,https://digitalcontent.api.tesco.com/v2/media/ghs/5380e7fa-249b-4433-89b8-2eaa7dcf70cd/10d8cc08-70d4-41c3-aea8-4fc1138fe376_333296164.jpeg?h=225&w=225,
267244861,Southern Comfort 1 Litre,https://www.tesco.com/groceries/en-GB/shop/drinks/all?department=Christmas%20Drinks&viewAll=department&page=,£28.00,£28.00/litre,,,/groceries/en-GB/products/267244861,https://digitalcontent.api.tesco.com/v2/media/ghs/10b97fc0-d3ea-4d70-b58a-228793996e05/90de1969-6f9e-4dd3-adf9-e1a2e7e7bd92.jpeg?h=225&w=225,
300411717,Gordon's Premium Pink Distilled Gin 1 Litre,https://www.tesco.com/groceries/en-GB/shop/drinks/all?department=Christmas%20Drinks&viewAll=department&page=,£25.00,£25.00/litre,,,/groceries/en-GB/products/300411717,https://digitalcontent.api.tesco.com/v2/media/ghs/da97ac4b-c39c-4325-a938-f1e10ff58167/e866df52-1757-4d6c-9ce0-e1ccceab04e3.jpeg?h=225&w=225,
300542631,Desperados Tequila Flavoured Beer 12X250ml,https://www.tesco.com/groceries/en-GB/shop/drinks/all?department=Christmas%20Drinks&viewAll=department&page=,£12.45,£4.15/litre,,,/groceries/en-GB/products/300542631,https://digitalcontent.api.tesco.com/v2/media/ghs/3d9835f3-6d66-4246-9c13-702322f8a04c/eb4ac43a-6191-45f6-b14b-8e049fc5e1ce.jpeg?h=225&w=225,
255927642,Absolut Swedish Vodka 1L,https://www.tesco.com/groceries/en-GB/shop/drinks/all?department=Christmas%20Drinks&viewAll=department&page=,£25.50,£25.50/litre,,,/groceries/en-GB/products/255927642,https://digitalcontent.api.tesco.com/v2/media/ghs/2d116f93-3bdf-4bdd-a216-ed4388844398/5170966c-cb15-498a-8b5c-c9b8e0b1c505.jpeg?h=225&w=225,
311213797,Madri Excepcional Premium Lager 12X330ml,https://www.tesco.com/groceries/en-GB/shop/drinks/all?department=Christmas%20Drinks&viewAll=department&page=,£14.00,£3.54/litre,,,/groceries/en-GB/products/311213797,https://digitalcontent.api.tesco.com/v2/media/ghs/cac28eac-e7e0-4762-95e6-be30efd7752a/9610ff72-3391-4814-8179-18631eac168f_1829515419.jpeg?h=225&w=225,
255247726,Stones Original Green Ginger Wine 70Cl,https://www.tesco.com/groceries/en-GB/shop/drinks/all?department=Christmas%20Drinks&viewAll=department&page=,£6.75,£7.24/75cl,,,/groceries/en-GB/products/255247726,https://digitalcontent.api.tesco.com/v2/media/ghs/0ba4edf5-e7a4-4d31-8f30-93747de058ed/089b6c07-b39b-4136-82bc-f64331b83c97.jpeg?h=225&w=225,
308088770,Inch's Medium Apple Cider 10 X 440Ml,https://www.tesco.com/groceries/en-GB/shop/drinks/all?department=Christmas%20Drinks&viewAll=department&page=,£9.00,£2.05/litre,,,/groceries/en-GB/products/308088770,https://digitalcontent.api.tesco.com/v2/media/ghs/f2aa24c7-9c4f-4cec-a785-cfba38715394/7c5cdc49-3030-4a1b-963e-8e1d498aa5c2_229849788.jpeg?h=225&w=225,
299356697,Brewdog Mixed Can Pack 12X330ml,https://www.tesco.com/groceries/en-GB/shop/drinks/all?department=Christmas%20Drinks&viewAll=department&page=,£15.00,£3.79/litre,,,/groceries/en-GB/products/299356697,https://digitalcontent.api.tesco.com/v2/media/ghs/327041b6-7c7e-45e7-bc0e-c4370403641d/7e3de616-522c-46b1-b55c-345f226eef1c_1388628586.jpeg?h=225&w=225,
256409920,Jameson Irish Whiskey Bottle,https://www.tesco.com/groceries/en-GB/shop/drinks/all?department=Christmas%20Drinks&viewAll=department&page=,£24.00,£34.29/litre,£18.00 Clubcard Price,,/groceries/en-GB/products/256409920,https://digitalcontent.api.tesco.com/v2/media/ghs/d800ff58-3817-46c3-9e34-b8b9f064f652/8361af5b-2fda-4bfd-88e3-1997044e8f18.jpeg?h=225&w=225,
307138362,Brewdog Hazy Jane New England Ipa 12X330ml,https://www.tesco.com/groceries/en-GB/shop/drinks/all?department=Christmas%20Drinks&viewAll=department&page=,£15.00,£3.79/litre,,,/groceries/en-GB/products/307138362,https://digitalcontent.api.tesco.com/v2/media/ghs/79377be8-ac51-4532-8fc0-ddc5ad89acf8/f372c54d-fd27-440a-88c5-44a404e5bc11_7843410.jpeg?h=225&w=225,
268515954,Dow's Master Blend Finest Reserve Port 75Cl,https://www.tesco.com/groceries/en-GB/shop/drinks/all?department=Christmas%20Drinks&viewAll=department&page=,£12.50,£12.50/75cl,£9.50 Clubcard Price,,/groceries/en-GB/products/268515954,https://digitalcontent.api.tesco.com/v2/media/ghs/d7f19310-4d6d-4ed2-a592-68ec750b5209/b7a07d11-da89-4a6e-9aab-77e49c156bed_570192812.jpeg?h=225&w=225,
308478867,Johnnie Walker Red Label Blended Scotch Whisky 1Ltr,https://www.tesco.com/groceries/en-GB/shop/drinks/all?department=Christmas%20Drinks&viewAll=department&page=,£25.50,£25.50/litre,£18.00 Clubcard Price,,/groceries/en-GB/products/308478867,https://digitalcontent.api.tesco.com/v2/media/ghs/87ff7a03-23f5-43ca-a9ff-e93ac155cfc9/54149b07-9b3f-42cb-b81b-848c3f49d96a_618196304.jpeg?h=225&w=225,
306501158,19 Crimes Sauvignon Block Sauvignon Blanc 750Ml,https://www.tesco.com/groceries/en-GB/shop/drinks/all?department=Christmas%20Drinks&viewAll=department&page=,£9.00,£9.00/75cl,Buy 6 or more Save 25% Clubcard Price - Save 25% On Selected Wines When You Buy 6 + Bottles,,/groceries/en-GB/products/306501158,https://digitalcontent.api.tesco.com/v2/media/ghs/95478c3f-b6e6-4d5e-a936-2271f301d5f6/ab4697f3-dad6-41fe-92f2-f7161fd47e4d_1897762998.jpeg?h=225&w=225,
275094933,Guinness Draught 15 X 440Ml,https://www.tesco.com/groceries/en-GB/shop/drinks/all?department=Christmas%20Drinks&viewAll=department&page=,£18.00,£2.73/litre,,,/groceries/en-GB/products/275094933,https://digitalcontent.api.tesco.com/v2/media/ghs/4453c5cc-0961-4fbb-a905-d65553966f3e/209ab59a-45d1-4703-a31c-7d4572c85acd.jpeg?h=225&w=225,
306493137,Mcguigan Zero Sauvignon Blanc 75Cl,https://www.tesco.com/groceries/en-GB/shop/drinks/all?department=Christmas%20Drinks&viewAll=department&page=,£4.00,£4.00/75cl,,,/groceries/en-GB/products/306493137,https://digitalcontent.api.tesco.com/v2/media/ghs/a3a3385b-a9b7-4ddb-9e77-8794fe0e343b/6dcd2ec7-3afb-43fb-8af7-052f01a94259_807919507.jpeg?h=225&w=225,
308092879,Birra Moretti Zero Alcohol Free Beer 4X330ml,https://www.tesco.com/groceries/en-GB/shop/drinks/all?department=Christmas%20Drinks&viewAll=department&page=,£4.80,£3.64/litre,,,/groceries/en-GB/products/308092879,https://digitalcontent.api.tesco.com/v2/media/ghs/6c652fad-8f44-4aac-967a-5060e21e2974/71553ed7-5f4f-478c-94c2-d503316b449a_407892318.jpeg?h=225&w=225,
305919927,Diablo Black Cabernet Sauvignon 750Ml,https://www.tesco.com/groceries/en-GB/shop/drinks/all?department=Christmas%20Drinks&viewAll=department&page=,£10.00,£10.00/75cl,Buy 6 or more Save 25% Clubcard Price - Save 25% On Selected Wines When You Buy 6 + Bottles,,/groceries/en-GB/products/305919927,https://digitalcontent.api.tesco.com/v2/media/ghs/07c43d56-e68e-4587-8752-65ddce9fbed4/b05982f8-62fd-489d-9408-b383c6b4b0eb_397121775.jpeg?h=225&w=225,
255218744,Heineken Lager 5% Cans 6 X 330Ml,https://www.tesco.com/groceries/en-GB/shop/drinks/all?department=Christmas%20Drinks&viewAll=department&page=,£6.30,£3.19/litre,£4.50 Clubcard Price,,/groceries/en-GB/products/255218744,https://digitalcontent.api.tesco.com/v2/media/ghs/251deae9-6f51-4754-9e1d-236985cce684/032c45f8-d1cb-4f4c-8124-1ac6dcf26982.jpeg?h=225&w=225,
309473681,La Gioiosa Prosecco Rose Millesimato 75Cl,https://www.tesco.com/groceries/en-GB/shop/drinks/all?department=Christmas%20Drinks&viewAll=department&page=,£11.00,£11.00/75cl,Buy 6 or more Save 25% Clubcard Price - Save 25% On Selected Wines When You Buy 6 + Bottles,,/groceries/en-GB/products/309473681,https://digitalcontent.api.tesco.com/v2/media/ghs/788c9fef-e635-4b11-af9c-a8f1a22abc03/d532b154-3e49-42d5-b2bc-f325cbc2c552_901361653.jpeg?h=225&w=225,
299042348,Diablo Red Blend 750Ml,https://www.tesco.com/groceries/en-GB/shop/drinks/all?department=Christmas%20Drinks&viewAll=department&page=,£10.00,£10.00/75cl,Buy 6 or more Save 25% Clubcard Price - Save 25% On Selected Wines When You Buy 6 + Bottles,,/groceries/en-GB/products/299042348,https://digitalcontent.api.tesco.com/v2/media/ghs/8f4a9a3f-d753-48ba-a232-59a48a31779c/75bfe35d-a5a5-4116-be45-72b6a4941c5c_2109529315.jpeg?h=225&w=225,
299599524,Melini Chianti Governo Docg 75Cl,https://www.tesco.com/groceries/en-GB/shop/drinks/all?department=Christmas%20Drinks&viewAll=department&page=,£9.00,£9.00/75cl,Buy 6 or more Save 25% Clubcard Price - Save 25% On Selected Wines When You Buy 6 + Bottles,,/groceries/en-GB/products/299599524,https://digitalcontent.api.tesco.com/v2/media/ghs/2708a4e1-6b29-4df1-a42e-0cce10c99923/8cac10e5-e3ca-4455-a648-84bf51f80a35_241196439.jpeg?h=225&w=225,
291644242,Patrick Chodot Fleurie 75Cl,https://www.tesco.com/groceries/en-GB/shop/drinks/all?department=Christmas%20Drinks&viewAll=department&page=,£11.00,£11.00/75cl,£9.00 Clubcard Price,,/groceries/en-GB/products/291644242,https://digitalcontent.api.tesco.com/v2/media/ghs/8b2cb5fa-db67-4338-b059-506c3c1df62b/a9ef8a21-591e-473d-985e-ebae55f6fb73_2017926407.jpeg?h=225&w=225,
312712274,Only Fools And Horses Beer And Tumbling Blocks,https://www.tesco.com/groceries/en-GB/shop/drinks/all?department=Christmas%20Drinks&viewAll=department&page=,£7.00,£7.00/each,£5.00 Clubcard Price,,/groceries/en-GB/products/312712274,https://digitalcontent.api.tesco.com/v2/media/ghs/3a31bd6b-2858-443b-8070-495b0c3d50f6/925fdd79-6844-4cb8-bb4a-60d9036a5ceb_998400756.jpeg?h=225&w=225,
280033613,Baileys Chocolat Luxe 50Cl,https://www.tesco.com/groceries/en-GB/shop/drinks/all?department=Christmas%20Drinks&viewAll=department&page=,£19.00,£38.00/litre,£12.00 Clubcard Price,,/groceries/en-GB/products/280033613,https://digitalcontent.api.tesco.com/v2/media/ghs/efc3ee76-7706-4329-ba9b-dc83870177bb/5aef4a27-615e-4485-ba26-b1c083c46a31.jpeg?h=225&w=225,
255245509,Moet & Chandon Brut Imperial Non Vintage Champagne 75Cl,https://www.tesco.com/groceries/en-GB/shop/drinks/all?department=Christmas%20Drinks&viewAll=department&page=,£39.00,£39.00/75cl,Buy 6 or more Save 25% Clubcard Price - Save 25% On Selected Wines When You Buy 6 + Bottles,,/groceries/en-GB/products/255245509,https://digitalcontent.api.tesco.com/v2/media/ghs/0084fc0a-5fbc-4a88-9b4d-be755b54fe64/e2321b64-1370-4701-b616-4a85d3af9a8d_21756425.jpeg?h=225&w=225,
311201788,Yellow Tail Jammy Rose Roo Wine 750Ml,https://www.tesco.com/groceries/en-GB/shop/drinks/all?department=Christmas%20Drinks&viewAll=department&page=,£7.00,£7.00/75cl,Buy 6 or more Save 25% Clubcard Price - Save 25% On Selected Wines When You Buy 6 + Bottles,,/groceries/en-GB/products/311201788,https://digitalcontent.api.tesco.com/v2/media/ghs/9d907412-f5fc-47b7-b815-57c60e2d78e6/4ef856f4-2ca6-4324-a215-f472d645a5a0_2006121757.jpeg?h=225&w=225,
309470056,Finca Las Moras Pinot Grigio Wine 75Cl,https://www.tesco.com/groceries/en-GB/shop/drinks/all?department=Christmas%20Drinks&viewAll=department&page=,£6.50,£6.50/75cl,£5.00 Clubcard Price,,/groceries/en-GB/products/309470056,https://digitalcontent.api.tesco.com/v2/media/ghs/8abba1c4-568f-4734-aaef-7c47648c2d08/83cbb41d-1503-44d4-8282-1c9b7561e810_1617045198.jpeg?h=225&w=225,
268776876,La Gioiosa Prosecco Brut 75Cl,https://www.tesco.com/groceries/en-GB/shop/drinks/all?department=Christmas%20Drinks&viewAll=department&page=,£10.00,£10.00/75cl,Buy 6 or more Save 25% Clubcard Price - Save 25% On Selected Wines When You Buy 6 + Bottles,,/groceries/en-GB/products/268776876,https://digitalcontent.api.tesco.com/v2/media/ghs/4bff705c-d1c3-4436-83fa-35367e96ed65/fe75c998-fb13-42fc-bbb6-5c4c63e6412a_1789941613.jpeg?h=225&w=225,
308468038,Villa Maria Sauvignon Blush 750Ml,https://www.tesco.com/groceries/en-GB/shop/drinks/all?department=Christmas%20Drinks&viewAll=department&page=,£10.00,£10.00/75cl,Buy 6 or more Save 25% Clubcard Price - Save 25% On Selected Wines When You Buy 6 + Bottles,,/groceries/en-GB/products/308468038,https://digitalcontent.api.tesco.com/v2/media/ghs/f7616eb1-f51d-4f6b-a6f7-990f95a051d6/547cef09-d1d5-4466-8564-c328c9eb0d23_847441281.jpeg?h=225&w=225,
257849380,Eisberg Rose 75Cl Alcohol Free,https://www.tesco.com/groceries/en-GB/shop/drinks/all?department=Christmas%20Drinks&viewAll=department&page=,£3.25,£3.25/75cl,,,/groceries/en-GB/products/257849380,https://digitalcontent.api.tesco.com/v2/media/ghs/6306ecb4-feec-4281-818c-1e8c3c63bbec/5bca1289-dd9f-4b92-8834-dfd67dc3e815_1538579268.jpeg?h=225&w=225,
255245947,Veuve Clicquot Brut Yellow Label Champagne 75Cl,https://www.tesco.com/groceries/en-GB/shop/drinks/all?department=Christmas%20Drinks&viewAll=department&page=,£45.00,£45.00/75cl,Buy 6 or more Save 25% Clubcard Price - Save 25% On Selected Wines When You Buy 6 + Bottles,,/groceries/en-GB/products/255245947,https://digitalcontent.api.tesco.com/v2/media/ghs/44e8c7f7-f253-4e3d-ab4a-d62edaf83eb5/0d043563-73ee-4624-8a6c-e567f0cca548_1715530148.jpeg?h=225&w=225,
309163944,Pepperbox Shiraz Wine 750Ml,https://www.tesco.com/groceries/en-GB/shop/drinks/all?department=Christmas%20Drinks&viewAll=department&page=,£10.00,£10.00/75cl,£8.00 Clubcard Price,,/groceries/en-GB/products/309163944,https://digitalcontent.api.tesco.com/v2/media/ghs/3c29ec36-e897-4d4c-91c0-27cf835d386a/43f5bd42-b159-4ea1-a237-cb8f47201658_639444417.jpeg?h=225&w=225,
299913954,Fever Tree Light Aromatic Tonic 500Ml,https://www.tesco.com/groceries/en-GB/shop/drinks/all?department=Christmas%20Drinks&viewAll=department&page=,£1.95,£0.39/100ml,£1.60 Clubcard Price,,/groceries/en-GB/products/299913954,https://digitalcontent.api.tesco.com/v2/media/ghs/90f687ad-ca3f-4ad3-960a-db530d50e8c8/c753bb61-497f-4f93-95fb-51b11fe86f69_1632551770.jpeg?h=225&w=225,
306932673,Apothic Cabernet Sauvignon 75Cl,https://www.tesco.com/groceries/en-GB/shop/drinks/all?department=Christmas%20Drinks&viewAll=department&page=,£9.00,£9.00/75cl,Buy 6 or more Save 25% Clubcard Price - Save 25% On Selected Wines When You Buy 6 + Bottles,,/groceries/en-GB/products/306932673,https://digitalcontent.api.tesco.com/v2/media/ghs/1ef1026b-ac05-47a8-912a-f13ddc5f7821/8d3e41bb-a774-4e84-8d93-f162260beac5_919370727.jpeg?h=225&w=225,
257204446,Torres Sangre De Toro 75Cl,https://www.tesco.com/groceries/en-GB/shop/drinks/all?department=Christmas%20Drinks&viewAll=department&page=,£7.50,£7.50/75cl,Buy 6 or more Save 25% Clubcard Price - Save 25% On Selected Wines When You Buy 6 + Bottles,,/groceries/en-GB/products/257204446,https://digitalcontent.api.tesco.com/v2/media/ghs/ab512907-3568-424a-926a-c8373f3f61ee/71c5a024-cda2-4c63-bc6e-654551102068_1133738214.jpeg?h=225&w=225,
311203855,Stella Artois Unfiltered Lager 660Ml,https://www.tesco.com/groceries/en-GB/shop/drinks/all?department=Christmas%20Drinks&viewAll=department&page=,£2.40,£3.64/litre,Any 3 for £5 Clubcard Price - Selected Beers 330ml - 710ml,,/groceries/en-GB/products/311203855,https://digitalcontent.api.tesco.com/v2/media/ghs/78c75a4d-539c-4fc5-ab55-a4fecbaa1a82/81a932f1-43df-4d59-927b-81fb526f6bef_884159056.jpeg?h=225&w=225,
274578121,Jack Daniels Tennessee Honey 70Cl,https://www.tesco.com/groceries/en-GB/shop/drinks/all?department=Christmas%20Drinks&viewAll=department&page=,£26.00,£37.15/litre,£17.00 Clubcard Price,,/groceries/en-GB/products/274578121,https://digitalcontent.api.tesco.com/v2/media/ghs/22c3483b-a426-4ee1-95ed-8eb7939427dc/3da6ea62-9836-4fb6-8de4-7d66a4d7ddfb.jpeg?h=225&w=225,
255248190,Grants Triple Wood Blended Scotch Whisky 1L,https://www.tesco.com/groceries/en-GB/shop/drinks/all?department=Christmas%20Drinks&viewAll=department&page=,£19.50,£19.50/litre,£16.00 Clubcard Price,,/groceries/en-GB/products/255248190,https://digitalcontent.api.tesco.com/v2/media/ghs/ff4d93c1-76d7-47c4-bb7f-55a8c5bb0de5/e005d672-8e73-4a28-a999-072808e2843d.jpeg?h=225&w=225,
301705812,Carnivor Zinfandel 75Cl,https://www.tesco.com/groceries/en-GB/shop/drinks/all?department=Christmas%20Drinks&viewAll=department&page=,£9.00,£9.00/75cl,£8.00 Clubcard Price,,/groceries/en-GB/products/301705812,https://digitalcontent.api.tesco.com/v2/media/ghs/a35013fe-193b-4e01-b700-8b0a935f28ca/83ea63f2-5a8e-4787-a504-6eaa53788c2d_277599698.jpeg?h=225&w=225,
275014154,Baileys Orange Truffle 1L,https://www.tesco.com/groceries/en-GB/shop/drinks/all?department=Christmas%20Drinks&viewAll=department&page=,£21.00,£21.00/litre,£13.00 Clubcard Price,,/groceries/en-GB/products/275014154,https://digitalcontent.api.tesco.com/v2/media/ghs/31f26560-87be-443f-852d-3511862e4ae6/b677f2c4-20df-4368-846b-2b38fbf9c205.jpeg?h=225&w=225,
312222977,Canti Cantiseco Vino Spumante Dry 75C,https://www.tesco.com/groceries/en-GB/shop/drinks/all?department=Christmas%20Drinks&viewAll=department&page=,£7.50,£7.50/75cl,£4.99 Clubcard Price,,/groceries/en-GB/products/312222977,https://digitalcontent.api.tesco.com/v2/media/ghs/b40022b6-76c4-4146-92f8-86f4e24fd5f2/184baaf2-dd89-4440-b2a9-c66e22ef213c_2066711897.jpeg?h=225&w=225,
312559766,Vieux Papes Red Wine 750Ml,https://www.tesco.com/groceries/en-GB/shop/drinks/all?department=Christmas%20Drinks&viewAll=department&page=,£5.15,£5.15/75cl,Buy 6 or more Save 25% Clubcard Price - Save 25% On Selected Wines When You Buy 6 + Bottles,,/groceries/en-GB/products/312559766,https://digitalcontent.api.tesco.com/v2/media/ghs/56475de7-7d05-4719-be5a-533a46fc1e81/488ff564-ae7b-49fd-a0e6-76b11ef1fdbf_2102519964.jpeg?h=225&w=225,
255245469,Tesco Finest Vintage Champagne 75Cl,https://www.tesco.com/groceries/en-GB/shop/drinks/all?department=Christmas%20Drinks&viewAll=department&page=,£28.00,£28.00/75cl,£25.00 Clubcard Price,,/groceries/en-GB/products/255245469,https://digitalcontent.api.tesco.com/v2/media/ghs/800d5d85-be5c-428a-ab2a-75c6643cda3b/374e56d1-6879-4de9-a540-a487a1b4a63e.jpeg?h=225&w=225,
287424762,Talisker Skye Single Malt Scotch 70Cl - Smoky,https://www.tesco.com/groceries/en-GB/shop/drinks/all?department=Christmas%20Drinks&viewAll=department&page=,£40.00,£57.15/litre,,,/groceries/en-GB/products/287424762,https://digitalcontent.api.tesco.com/v2/media/ghs/155b5a7f-b608-4866-93e1-9cf7d2862955/6a226a56-ec80-46e9-8b01-e3d78818913e.jpeg?h=225&w=225,
305835663,Bombay Bramble Gin Blackberry & Raspberry 700Ml,https://www.tesco.com/groceries/en-GB/shop/drinks/all?department=Christmas%20Drinks&viewAll=department&page=,£23.00,£32.86/litre,,,/groceries/en-GB/products/305835663,https://digitalcontent.api.tesco.com/v2/media/ghs/06482a79-4e63-4733-8f28-43f70096daef/3b1f9e13-22e7-43f6-b065-3da46097c226_1850684955.jpeg?h=225&w=225,
285694951,Cardhu Gold Reserve Single Malt Whisky 70Cl,https://www.tesco.com/groceries/en-GB/shop/drinks/all?department=Christmas%20Drinks&viewAll=department&page=,£42.00,£60.00/litre,,,/groceries/en-GB/products/285694951,https://digitalcontent.api.tesco.com/v2/media/ghs/e1ba1043-dd55-43c1-8bd0-a66f15867cef/171b19bb-9876-458c-baf4-717391565895.jpeg?h=225&w=225,
256570099,Johnnie Walker Black Label 12YO Whisky 70cl,https://www.tesco.com/groceries/en-GB/shop/drinks/all?department=Christmas%20Drinks&viewAll=department&page=,£30.00,£42.86/litre,,,/groceries/en-GB/products/256570099,https://digitalcontent.api.tesco.com/v2/media/ghs/7709c2cc-0104-4fa3-827d-fa2d46649d97/0d9b65cf-3270-4990-bdaa-f717bcf04c79.jpeg?h=225&w=225,
311251895,Heineken Silver Lager 12 X 330Ml,https://www.tesco.com/groceries/en-GB/shop/drinks/all?department=Christmas%20Drinks&viewAll=department&page=,£12.45,£3.15/litre,,,/groceries/en-GB/products/311251895,https://digitalcontent.api.tesco.com/v2/media/ghs/d959f3e3-4cb2-47ee-b2b4-319dee1f806a/e2ae0cdb-99a0-4a30-a1b9-fbb79ca9508f_1614897246.jpeg?h=225&w=225,
308869422,Kylie Minogue Prosecco Rose 75Cl,https://www.tesco.com/groceries/en-GB/shop/drinks/all?department=Christmas%20Drinks&viewAll=department&page=,£12.00,£12.00/75cl,Buy 6 or more Save 25% Clubcard Price - Save 25% On Selected Wines When You Buy 6 + Bottles,,/groceries/en-GB/products/308869422,https://digitalcontent.api.tesco.com/v2/media/ghs/d778a8f3-bcc2-48f6-ac91-697c84d00134/75f3fd9f-2f23-4b21-8d70-8975c2414624_51921740.jpeg?h=225&w=225,
260479006,Hendrick's Gin 70Cl,https://www.tesco.com/groceries/en-GB/shop/drinks/all?department=Christmas%20Drinks&viewAll=department&page=,£29.00,£41.43/litre,£25.00 Clubcard Price,,/groceries/en-GB/products/260479006,https://digitalcontent.api.tesco.com/v2/media/ghs/d23ad88a-64d0-4c03-9a2b-6f736124db81/958e8bfd-073d-4166-95dc-1265db278118.jpeg?h=225&w=225,
290873041,Dalwhinnie Winter Gold Wky 70Cl - Spicy,https://www.tesco.com/groceries/en-GB/shop/drinks/all?department=Christmas%20Drinks&viewAll=department&page=,£42.00,£60.00/litre,£25.00 Clubcard Price,,/groceries/en-GB/products/290873041,https://digitalcontent.api.tesco.com/v2/media/ghs/8abb9076-b0bf-4c05-b0b3-9df9598c190e/88ba6c88-c74a-4e1f-9d12-1e632331945f.jpeg?h=225&w=225,
312575971,Baileys Tiramisu Cocktail Irish Cream Liqueur 700Ml,https://www.tesco.com/groceries/en-GB/shop/drinks/all?department=Christmas%20Drinks&viewAll=department&page=,£17.00,£24.29/litre,,,/groceries/en-GB/products/312575971,https://digitalcontent.api.tesco.com/v2/media/ghs/38df94e5-5d8a-4ad1-ab43-a24f3d9c13f4/5958a416-d811-438d-ba04-d7ca118bab0f_696905382.jpeg?h=225&w=225,
293818783,Haig Club Clubman Whisky 70Cl,https://www.tesco.com/groceries/en-GB/shop/drinks/all?department=Christmas%20Drinks&viewAll=department&page=,£28.00,£40.00/litre,£17.00 Clubcard Price,,/groceries/en-GB/products/293818783,https://digitalcontent.api.tesco.com/v2/media/ghs/2e13b9b5-9f76-4ea1-9a7f-a2e09dd98ea9/7ec573b1-d6d6-4870-a1db-4a13a297179c_208400339.jpeg?h=225&w=225,
311207367,19 Crimes Revolutionary Rose Wine 750Ml,https://www.tesco.com/groceries/en-GB/shop/drinks/all?department=Christmas%20Drinks&viewAll=department&page=,£9.00,£9.00/75cl,Buy 6 or more Save 25% Clubcard Price - Save 25% On Selected Wines When You Buy 6 + Bottles,,/groceries/en-GB/products/311207367,https://digitalcontent.api.tesco.com/v2/media/ghs/e0348f6b-dd20-4864-8b4c-fdac70aff6f5/199b9549-3c91-435d-baf9-423b488ddd4a_1321355451.jpeg?h=225&w=225,
307137547,Canti Estate Gavi White Wine 750Ml,https://www.tesco.com/groceries/en-GB/shop/drinks/all?department=Christmas%20Drinks&viewAll=department&page=,£10.50,£10.50/75cl,£9.00 Clubcard Price,,/groceries/en-GB/products/307137547,https://digitalcontent.api.tesco.com/v2/media/ghs/f5baf573-7f8f-419d-809f-ca45319c92ce/b327e61d-7f44-4c94-8f8b-3455e4d32fdb_301781122.jpeg?h=225&w=225,
257479356,Cockburns Special Reserve Port 75Cl,https://www.tesco.com/groceries/en-GB/shop/drinks/all?department=Christmas%20Drinks&viewAll=department&page=,£12.00,£12.00/75cl,,,/groceries/en-GB/products/257479356,https://digitalcontent.api.tesco.com/v2/media/ghs/e2c7f531-02f7-490e-bb2d-940f745fd27a/f369b4cd-6b1b-4180-a92f-1abb3f972c29_695611954.jpeg?h=225&w=225,
311271180,Beavertown Lunar Haze Pale Ale 4X330ml,https://www.tesco.com/groceries/en-GB/shop/drinks/all?department=Christmas%20Drinks&viewAll=department&page=,£8.00,£6.07/litre,,,/groceries/en-GB/products/311271180,https://digitalcontent.api.tesco.com/v2/media/ghs/c7e17ef6-7bd9-4b2c-89fb-7873b3a6eb34/bcfaa734-0cc3-4d6b-a77d-2aa1e9cfe31c_499444097.jpeg?h=225&w=225,
268665113,Louis Jadot Macon - Villages 75Cl,https://www.tesco.com/groceries/en-GB/shop/drinks/all?department=Christmas%20Drinks&viewAll=department&page=,£12.00,£12.00/75cl,£10.00 Clubcard Price,,/groceries/en-GB/products/268665113,https://digitalcontent.api.tesco.com/v2/media/ghs/b4104269-7957-44b0-9764-76dbdf527c89/21d5f888-a7f2-4412-a061-15195b7a219c_846041936.jpeg?h=225&w=225,
312346197,Brooklyn Pilsner Lager Beer 12 X 330Ml,https://www.tesco.com/groceries/en-GB/shop/drinks/all?department=Christmas%20Drinks&viewAll=department&page=,£14.00,£3.54/litre,,,/groceries/en-GB/products/312346197,https://digitalcontent.api.tesco.com/v2/media/ghs/78f71c6e-a3ff-4f3f-9220-0f7f5caf2ea6/64c558cb-69de-4ced-8609-93aebffb9ed8_775805162.jpeg?h=225&w=225,
311802457,Diablo Golden Chardonnay White Wine 75Cl,https://www.tesco.com/groceries/en-GB/shop/drinks/all?department=Christmas%20Drinks&viewAll=department&page=,£10.00,£10.00/75cl,Buy 6 or more Save 25% Clubcard Price - Save 25% On Selected Wines When You Buy 6 + Bottles,,/groceries/en-GB/products/311802457,https://digitalcontent.api.tesco.com/v2/media/ghs/5f578b6b-6760-47a0-b27d-d61ee63a11af/bab37fe2-7805-4778-8adc-b6b9360a2d36_1644412735.jpeg?h=225&w=225,
296863527,Soffio Prosecco Spumante 75Cl,https://www.tesco.com/groceries/en-GB/shop/drinks/all?department=Christmas%20Drinks&viewAll=department&page=,£10.00,£10.00/75cl,Buy 6 or more Save 25% Clubcard Price - Save 25% On Selected Wines When You Buy 6 + Bottles,,/groceries/en-GB/products/296863527,https://digitalcontent.api.tesco.com/v2/media/ghs/02c5bf9a-a12c-4cb5-8256-4aea5cb7381d/7a205b32-68dd-45c7-a2ff-615b95d9733d_2136145848.jpeg?h=225&w=225,
311677126,Heidsieck & Co Monopole Rose Top Champagne 750Ml,https://www.tesco.com/groceries/en-GB/shop/drinks/all?department=Christmas%20Drinks&viewAll=department&page=,£35.00,£35.00/75cl,£24.00 Clubcard Price,,/groceries/en-GB/products/311677126,https://digitalcontent.api.tesco.com/v2/media/ghs/f6081b78-362b-49ca-bbd2-d070820019e7/81838e5f-6043-4c26-a056-573eaaf76aeb_580085853.jpeg?h=225&w=225,
302418389,"Baileys Mini, Glass And Chocolate Truffle Gift Box",https://www.tesco.com/groceries/en-GB/shop/drinks/all?department=Christmas%20Drinks&viewAll=department&page=,£5.00,£5.00/each,,,/groceries/en-GB/products/302418389,https://digitalcontent.api.tesco.com/v2/media/ghs/b2e030e9-86c0-4a95-8696-e4a27a95d96d/f8b209df-2901-436d-8cdb-761178c65537_2121143613.jpeg?h=225&w=225,
306802729,Freixenet Italian Rose 75Cl.,https://www.tesco.com/groceries/en-GB/shop/drinks/all?department=Christmas%20Drinks&viewAll=department&page=,£9.00,£9.00/75cl,Buy 6 or more Save 25% Clubcard Price - Save 25% On Selected Wines When You Buy 6 + Bottles,,/groceries/en-GB/products/306802729,https://digitalcontent.api.tesco.com/v2/media/ghs/474ea40d-531c-49e3-b0b2-50a85e1f7e51/32373c69-09a9-4b3f-bc2c-993a69c93376_74073263.jpeg?h=225&w=225,
312110744,Diablo Sauvignon Blanc 75Cl,https://www.tesco.com/groceries/en-GB/shop/drinks/all?department=Christmas%20Drinks&viewAll=department&page=,£10.00,£10.00/75cl,Buy 6 or more Save 25% Clubcard Price - Save 25% On Selected Wines When You Buy 6 + Bottles,,/groceries/en-GB/products/312110744,https://digitalcontent.api.tesco.com/v2/media/ghs/d4ba9cee-6dd0-4cfd-b917-21d00099d7de/0ef4ad83-6c44-4b35-a9ce-810ec2187325_2106485672.jpeg?h=225&w=225,
312103649,Corona 330Ml Bottle Duo And Pint Glass,https://www.tesco.com/groceries/en-GB/shop/drinks/all?department=Christmas%20Drinks&viewAll=department&page=,£8.00,£8.00/each,£7.00 Clubcard Price,,/groceries/en-GB/products/312103649,https://digitalcontent.api.tesco.com/v2/media/ghs/e4fec138-9dd0-45e3-baba-92bc0302eafc/79fab133-cbda-4f88-9d42-3d3038b57346_134503164.jpeg?h=225&w=225,
312210234,Budwieser Beer 300Ml Glass & Popcorn Giftset,https://www.tesco.com/groceries/en-GB/shop/drinks/all?department=Christmas%20Drinks&viewAll=department&page=,£8.00,£8.00/each,£7.00 Clubcard Price,,/groceries/en-GB/products/312210234,https://digitalcontent.api.tesco.com/v2/media/ghs/f85b7aa8-a30f-44d2-b8e2-80b968cf570c/ba219d22-26eb-417b-8f17-4fc38835598d_109282232.jpeg?h=225&w=225,
311222187,Guinness Cold Brew Coffee Beer 4 X 440Ml,https://www.tesco.com/groceries/en-GB/shop/drinks/all?department=Christmas%20Drinks&viewAll=department&page=,£6.00,£3.41/litre,,,/groceries/en-GB/products/311222187,https://digitalcontent.api.tesco.com/v2/media/ghs/9f05f9c7-2b6a-4583-8c32-c74eab3760b4/caca088a-4887-49f6-bac4-84043ff765bb_948716352.jpeg?h=225&w=225,
312343105,Mouton Cadet Red Bordeaux 75Cl,https://www.tesco.com/groceries/en-GB/shop/drinks/all?department=Christmas%20Drinks&viewAll=department&page=,£10.00,£10.00/75cl,Buy 6 or more Save 25% Clubcard Price - Save 25% On Selected Wines When You Buy 6 + Bottles,,/groceries/en-GB/products/312343105,https://digitalcontent.api.tesco.com/v2/media/ghs/46d6c27f-5307-497a-a5fb-8c5eb54fbbfd/0151bdfe-f8b9-4b29-b26a-d730666c8033_1379172287.jpeg?h=225&w=225,
311250547,Ramon Bilbao Rosado Rioja 75Cl,https://www.tesco.com/groceries/en-GB/shop/drinks/all?department=Christmas%20Drinks&viewAll=department&page=,£8.00,£8.00/75cl,Buy 6 or more Save 25% Clubcard Price - Save 25% On Selected Wines When You Buy 6 + Bottles,,/groceries/en-GB/products/311250547,https://digitalcontent.api.tesco.com/v2/media/ghs/6c53f8ab-41c8-4b9c-898d-0a98b4ac7a30/5bba3224-b625-4b85-9b38-03ff4d1598c2_50799619.jpeg?h=225&w=225,
301840870,Vocation Brewery Life&Death Ipa 4X330ml Can,https://www.tesco.com/groceries/en-GB/shop/drinks/all?department=Christmas%20Drinks&viewAll=department&page=,£6.00,£4.55/litre,,,/groceries/en-GB/products/301840870,https://digitalcontent.api.tesco.com/v2/media/ghs/a1d39189-c4d5-4f30-8363-e6237644a4d5/c825bd9f-2a27-4a7b-9176-3b7315a15b15.jpeg?h=225&w=225,
261618256,Oyster Bay Merlot 75Cl,https://www.tesco.com/groceries/en-GB/shop/drinks/all?department=Christmas%20Drinks&viewAll=department&page=,£11.00,£11.00/75cl,£9.00 Clubcard Price,,/groceries/en-GB/products/261618256,https://digitalcontent.api.tesco.com/v2/media/ghs/75eebaf1-b36f-4cdf-9b10-e53dc3e46d0f/3c623766-18af-46c3-9dd6-780ed5daeb62_169756227.jpeg?h=225&w=225,
306665257,Freixenet Pinot Grigio 75Cl,https://www.tesco.com/groceries/en-GB/shop/drinks/all?department=Christmas%20Drinks&viewAll=department&page=,£9.00,£9.00/75cl,Buy 6 or more Save 25% Clubcard Price - Save 25% On Selected Wines When You Buy 6 + Bottles,,/groceries/en-GB/products/306665257,https://digitalcontent.api.tesco.com/v2/media/ghs/79ab8cc8-aa7b-4888-9a26-62a7874acd7f/9406a100-4fc5-4c42-910a-33d026cef758_1222476248.jpeg?h=225&w=225,
280116882,Tesco Finest The Trilogy Malbec 75Cl,https://www.tesco.com/groceries/en-GB/shop/drinks/all?department=Christmas%20Drinks&viewAll=department&page=,£13.00,£13.00/75cl,Buy 6 or more Save 25% Clubcard Price - Save 25% On Selected Wines When You Buy 6 + Bottles,,/groceries/en-GB/products/280116882,https://digitalcontent.api.tesco.com/v2/media/ghs/17b5561c-73fa-4f2e-ae23-ae3249ca9c6b/70cc538b-6bbd-49bd-87b0-406096bde60a_338553949.jpeg?h=225&w=225,
309749429,Christmas Ale Gift Tube 330Ml,https://www.tesco.com/groceries/en-GB/shop/drinks/all?department=Christmas%20Drinks&viewAll=department&page=,£2.50,£7.58/litre,,,/groceries/en-GB/products/309749429,https://digitalcontent.api.tesco.com/v2/media/ghs/514466a6-5e15-40e9-976f-404810b3110b/866db51f-6a90-4d3d-87fc-0fa7331995a5_1900684028.jpeg?h=225&w=225,
312722481,Guinness 330Ml And Fudge,https://www.tesco.com/groceries/en-GB/shop/drinks/all?department=Christmas%20Drinks&viewAll=department&page=,£4.00,£4.00/each,£3.00 Clubcard Price,,/groceries/en-GB/products/312722481,https://digitalcontent.api.tesco.com/v2/media/ghs/b5449cd8-eb91-4e2c-a711-c0834bf444d1/97cfa7a2-d62d-49f0-bad1-cc4ec59db659_491967610.jpeg?h=225&w=225,
309480165,Porta 6 White Wine 750Ml,https://www.tesco.com/groceries/en-GB/shop/drinks/all?department=Christmas%20Drinks&viewAll=department&page=,£7.50,£7.50/75cl,£6.50 Clubcard Price,,/groceries/en-GB/products/309480165,https://digitalcontent.api.tesco.com/v2/media/ghs/d34e1d98-8a1e-4414-8976-b06b78e1e9f7/41741b75-d20a-45a1-9e7b-b926920b1808_8915834.jpeg?h=225&w=225,
299918730,Chablis Uvc 75Cl,https://www.tesco.com/groceries/en-GB/shop/drinks/all?department=Christmas%20Drinks&viewAll=department&page=,£16.00,£16.00/75cl,Buy 6 or more Save 25% Clubcard Price - Save 25% On Selected Wines When You Buy 6 + Bottles,,/groceries/en-GB/products/299918730,https://digitalcontent.api.tesco.com/v2/media/ghs/734657e2-986a-477f-9bdf-1b30e431837b/57e8d4d4-c03a-44ae-be32-d8e105f459fd_1648343107.jpeg?h=225&w=225,
278004207,Dino Prosecco Doc 75Cl,https://www.tesco.com/groceries/en-GB/shop/drinks/all?department=Christmas%20Drinks&viewAll=department&page=,£8.00,£8.00/75cl,£7.00 Clubcard Price,,/groceries/en-GB/products/278004207,https://digitalcontent.api.tesco.com/v2/media/ghs/a686ac9b-102e-421b-9549-5ac3730f51f2/ff558ed2-e2f9-43b5-b561-a40ed127dd11_1319561524.jpeg?h=225&w=225,
311960009,Porcupine Ridge Chardonnay 750Ml,https://www.tesco.com/groceries/en-GB/shop/drinks/all?department=Christmas%20Drinks&viewAll=department&page=,£7.50,£7.50/75cl,£6.00 Clubcard Price,,/groceries/en-GB/products/311960009,https://digitalcontent.api.tesco.com/v2/media/ghs/54c65524-4ed1-4060-bd10-0fa356003b87/02de33fe-ba8d-46eb-80d9-3fabbe7e6bc6_93020275.jpeg?h=225&w=225,
311798616,Porcupine Ridge Cabernet Sauvignon 750Ml,https://www.tesco.com/groceries/en-GB/shop/drinks/all?department=Christmas%20Drinks&viewAll=department&page=,£7.50,£7.50/75cl,£6.00 Clubcard Price,,/groceries/en-GB/products/311798616,https://digitalcontent.api.tesco.com/v2/media/ghs/19b6b4ab-5fbb-49df-99f4-4125cdcb4d20/65d7866a-ad48-40ec-a99e-8595e5023f54_1234949521.jpeg?h=225&w=225,
311425949,Pepperbox Chardonnay 750Ml,https://www.tesco.com/groceries/en-GB/shop/drinks/all?department=Christmas%20Drinks&viewAll=department&page=,£10.00,£10.00/75cl,£8.00 Clubcard Price,,/groceries/en-GB/products/311425949,https://digitalcontent.api.tesco.com/v2/media/ghs/4bfc9aac-214f-4108-a336-099d7a552c2f/a705a19e-5468-4d54-920e-1dc00e6f0f88_788000463.jpeg?h=225&w=225,
289221866,H Valrasque Chateauneuf Du Pape 75Cl,https://www.tesco.com/groceries/en-GB/shop/drinks/all?department=Christmas%20Drinks&viewAll=department&page=,£18.00,£18.00/75cl,£16.00 Clubcard Price,,/groceries/en-GB/products/289221866,https://digitalcontent.api.tesco.com/v2/media/ghs/4e242218-bc73-4f41-8172-44bfb65ce94c/a4b095e2-703a-46e7-9e29-24c90f1e226f_777441463.jpeg?h=225&w=225,
305251564,Innocent Kids Strawberry Raspberry & Apple 10X150ml,https://www.tesco.com/groceries/en-GB/shop/drinks/all?department=Juices%20%26%20Smoothies&viewAll=department&page=,£6.50,£0.43/100ml,,,/groceries/en-GB/products/305251564,https://digitalcontent.api.tesco.com/v2/media/ghs/30371e9e-669f-4ae1-b965-ca52301f0fe2/b876ba36-1e90-46bf-bd5f-54839c4d028c.jpeg?h=225&w=225,
271400233,Innocent Orange Juice Smooth 1.35L,https://www.tesco.com/groceries/en-GB/shop/drinks/all?department=Juices%20%26%20Smoothies&viewAll=department&page=,£3.90,£0.29/100ml,,,/groceries/en-GB/products/271400233,https://digitalcontent.api.tesco.com/v2/media/ghs/c0b18d8a-f9a2-4d57-9c62-53be173a533a/57f5f28e-f6e7-474b-8a50-824d9034a88b.jpeg?h=225&w=225,
305529830,Innocent Kids Orange Mango & Pineapple 4X150ml,https://www.tesco.com/groceries/en-GB/shop/drinks/all?department=Juices%20%26%20Smoothies&viewAll=department&page=,£3.30,£0.55/100ml,£2.50 Clubcard Price,,/groceries/en-GB/products/305529830,https://digitalcontent.api.tesco.com/v2/media/ghs/c32db8bc-2627-4e96-808c-f34e61acb74b/09a81039-971b-4bdd-ac4f-9d47613c850a.jpeg?h=225&w=225,
305249700,Innocent Kids Strawberry Raspberry & Apple 4X150ml,https://www.tesco.com/groceries/en-GB/shop/drinks/all?department=Juices%20%26%20Smoothies&viewAll=department&page=,£3.30,£0.55/100ml,£2.50 Clubcard Price,,/groceries/en-GB/products/305249700,https://digitalcontent.api.tesco.com/v2/media/ghs/e1544244-e24d-44bc-9a2f-5380b2099c3e/607ad4f5-0cfc-4ef5-963e-451d4be4622e.jpeg?h=225&w=225,
305524927,Innocent Kids Smoothies Apple & Blackcurrant 4X150ml,https://www.tesco.com/groceries/en-GB/shop/drinks/all?department=Juices%20%26%20Smoothies&viewAll=department&page=,£3.30,£0.55/100ml,£2.50 Clubcard Price,,/groceries/en-GB/products/305524927,https://digitalcontent.api.tesco.com/v2/media/ghs/4ea0242a-8cb1-4e62-b4c0-bbfe288281f2/5a1cda92-1fe7-419a-88bf-db92a921b9bc.jpeg?h=225&w=225,
254859580,Tesco Pure Apple Juice 1 Litre,https://www.tesco.com/groceries/en-GB/shop/drinks/all?department=Juices%20%26%20Smoothies&viewAll=department&page=,£1.00,£0.10/100ml,Any 4 for £3.50 Clubcard Price - Tesco Orange Or Apple Juice 1 Litre,,/groceries/en-GB/products/254859580,https://digitalcontent.api.tesco.com/v2/media/ghs/2d1b2d1c-8c0f-471b-bc37-2dd1988259a1/b6d2d5ce-3958-469e-84e4-5613eff80d9d_1985060341.jpeg?h=225&w=225,
252648579,Ocean Spray Cranberry Classic Light Juice Drink 1 Litre,https://www.tesco.com/groceries/en-GB/shop/drinks/all?department=Juices%20%26%20Smoothies&viewAll=department&page=,£1.75,£0.18/100ml,,,/groceries/en-GB/products/252648579,https://digitalcontent.api.tesco.com/v2/media/ghs/514fcbd9-f571-49ca-8d0c-075bbe614cf5/518f3e59-0c2b-4075-b9f2-8b1a14dae229_936510173.jpeg?h=225&w=225,
293945418,Tesco Cranberry Juice 1 Litre,https://www.tesco.com/groceries/en-GB/shop/drinks/all?department=Juices%20%26%20Smoothies&viewAll=department&page=,£1.45,£0.14/100ml,,,/groceries/en-GB/products/293945418,https://digitalcontent.api.tesco.com/v2/media/ghs/fab161a1-0e55-4d85-982a-7f8b62b0fbf5/0254ca74-fd3c-43dc-b48a-ea8a781c06d4_895238580.jpeg?h=225&w=225,
265161034,Happy Monkey Orange Mango Smoothie 4X180ml,https://www.tesco.com/groceries/en-GB/shop/drinks/all?department=Juices%20%26%20Smoothies&viewAll=department&page=,£2.30,£0.32/100ml,,,/groceries/en-GB/products/265161034,https://digitalcontent.api.tesco.com/v2/media/ghs/7ba8ef6c-5ffc-4479-966a-cc03534b860d/a9ae93f6-787f-4f41-b906-e9f32e623714.jpeg?h=225&w=225,
265160818,Happy Monkey Strawberries & Bananas 4 Pack,https://www.tesco.com/groceries/en-GB/shop/drinks/all?department=Juices%20%26%20Smoothies&viewAll=department&page=,£2.30,£0.32/100ml,,,/groceries/en-GB/products/265160818,https://digitalcontent.api.tesco.com/v2/media/ghs/0b9a8c41-7312-4c19-a784-7b578a4c02b2/1bbe6818-8803-413e-8549-1e9da3c66742.jpeg?h=225&w=225,
254859384,Ocean Spray Cranbery Classic Juice Drink 1Ltr,https://www.tesco.com/groceries/en-GB/shop/drinks/all?department=Juices%20%26%20Smoothies&viewAll=department&page=,£1.75,£0.18/100ml,,,/groceries/en-GB/products/254859384,https://digitalcontent.api.tesco.com/v2/media/ghs/884030e0-9538-4c6b-b9f6-72a7407ad3cc/23d54170-a0d4-4a64-940d-d3b4c6e3c36e_1440081844.jpeg?h=225&w=225,
311675157,Tropicana Smooth Orange Juice With No Juicy Bits 1.7L,https://www.tesco.com/groceries/en-GB/shop/drinks/all?department=Juices%20%26%20Smoothies&viewAll=department&page=,£4.40,£0.26/100ml,£3.00 Clubcard Price,,/groceries/en-GB/products/311675157,https://digitalcontent.api.tesco.com/v2/media/ghs/33249a2f-a6f3-43b3-80c7-b67062605e54/d71cd3f1-f28d-41c6-add2-94d8b183f55c.jpeg?h=225&w=225,
311673277,Tropicana Original Orange With Juicy Bits 900Ml,https://www.tesco.com/groceries/en-GB/shop/drinks/all?department=Juices%20%26%20Smoothies&viewAll=department&page=,£2.75,£0.31/100ml,,,/groceries/en-GB/products/311673277,https://digitalcontent.api.tesco.com/v2/media/ghs/70042fd7-608e-4a43-b267-29f23e0b9ee5/f73c9bb6-ebe7-4a61-b6fb-76e3f1694427.jpeg?h=225&w=225,
278082689,Tesco No Added Sugar Cranberry Juice Drink 1 Litre,https://www.tesco.com/groceries/en-GB/shop/drinks/all?department=Juices%20%26%20Smoothies&viewAll=department&page=,£1.00,£0.10/100ml,,,/groceries/en-GB/products/278082689,https://digitalcontent.api.tesco.com/v2/media/ghs/38ff4a40-3b8b-47f1-b9ce-013b10bfaee2/8bd3d23b-1a4f-4c09-a38f-22994e6fe2b8_1261714546.jpeg?h=225&w=225,
276956270,Tesco Pressed Apple Juice Not From Concentrate 1 Litre,https://www.tesco.com/groceries/en-GB/shop/drinks/all?department=Juices%20%26%20Smoothies&viewAll=department&page=,£1.45,£0.14/100ml,,,/groceries/en-GB/products/276956270,https://digitalcontent.api.tesco.com/v2/media/ghs/e25b0db1-8002-4762-a553-7ab61e6c8ed4/00e52de7-5db5-4a5d-ab39-3d8d4f3590ed.jpeg?h=225&w=225,
305983377,Tesco Mango Passion Fruit Smoothie 750Ml,https://www.tesco.com/groceries/en-GB/shop/drinks/all?department=Juices%20%26%20Smoothies&viewAll=department&page=,£1.60,£0.21/100ml,,,/groceries/en-GB/products/305983377,https://digitalcontent.api.tesco.com/v2/media/ghs/8fff5f70-2c75-46e0-94ca-89ce34fe4ac5/dd8e50d5-c73b-40a4-9b44-f3d7689d44b2_1591274966.jpeg?h=225&w=225,
305959509,Tesco Strawberry Sensation Smoothie 750Ml,https://www.tesco.com/groceries/en-GB/shop/drinks/all?department=Juices%20%26%20Smoothies&viewAll=department&page=,£1.60,£0.21/100ml,,,/groceries/en-GB/products/305959509,https://digitalcontent.api.tesco.com/v2/media/ghs/aec3401d-6e75-4f2c-9b9d-425fc5d1c6b6/9524d09e-bff1-43c6-9769-883f7f2915c1_1646178847.jpeg?h=225&w=225,
256095926,Tesco Cranberry Juice Drink 1L,https://www.tesco.com/groceries/en-GB/shop/drinks/all?department=Juices%20%26%20Smoothies&viewAll=department&page=,£1.00,£0.10/100ml,,,/groceries/en-GB/products/256095926,https://digitalcontent.api.tesco.com/v2/media/ghs/2ce75e54-3484-412b-8dd5-5c53e9e219f1/49791ce7-92dc-4711-a98f-1f27f2301d0c_1993233400.jpeg?h=225&w=225,
311268187,Tropicana Smooth Orange Juice 900Ml,https://www.tesco.com/groceries/en-GB/shop/drinks/all?department=Juices%20%26%20Smoothies&viewAll=department&page=,£2.75,£0.31/100ml,,,/groceries/en-GB/products/311268187,https://digitalcontent.api.tesco.com/v2/media/ghs/e61b5ba6-45e3-4ee0-9a7b-0ee7f5a7a716/ee727f16-ba75-4ea7-b7f3-1d7794a71f4f.jpeg?h=225&w=225,
276956454,Tesco Apple & Mango Juice Not From Concentrate 1 Litre,https://www.tesco.com/groceries/en-GB/shop/drinks/all?department=Juices%20%26%20Smoothies&viewAll=department&page=,£1.45,£0.14/100ml,,,/groceries/en-GB/products/276956454,https://digitalcontent.api.tesco.com/v2/media/ghs/e3a89aee-ec74-40a3-bfb3-1e3b0516b037/efc64e8f-2dd1-4249-8e77-2402d6ae2611.jpeg?h=225&w=225,
301219495,Growers Harvest Pure Apple Juice 1 Litre,https://www.tesco.com/groceries/en-GB/shop/drinks/all?department=Juices%20%26%20Smoothies&viewAll=department&page=,£0.85,£0.08/100ml,Aldi Price Match,,/groceries/en-GB/products/301219495,https://digitalcontent.api.tesco.com/v2/media/ghs/55240c29-a5f8-4769-b9c1-1d9dc88bc362/39a62392-d51a-4439-9cf5-30d95efa4c4d_349138359.jpeg?h=225&w=225,
301219459,Tesco Tropical Juice Drink 1 Litre,https://www.tesco.com/groceries/en-GB/shop/drinks/all?department=Juices%20%26%20Smoothies&viewAll=department&page=,£1.00,£0.10/100ml,,,/groceries/en-GB/products/301219459,https://digitalcontent.api.tesco.com/v2/media/ghs/e9b77009-5f88-47ae-a395-2043d2adbf83/01308282-beef-48f1-af03-8c75f6d592bf_1885006501.jpeg?h=225&w=225,
254859516,Tesco Pure Orange Juice Smooth 1 Litre,https://www.tesco.com/groceries/en-GB/shop/drinks/all?department=Juices%20%26%20Smoothies&viewAll=department&page=,£1.00,£0.10/100ml,Any 4 for £3.50 Clubcard Price - Tesco Orange Or Apple Juice 1 Litre,,/groceries/en-GB/products/254859516,https://digitalcontent.api.tesco.com/v2/media/ghs/dbc36553-44c9-43de-a79f-410e5a325d26/3c1b1a9f-3afe-4ee8-83c9-3bac8f7d41e2_1929967848.jpeg?h=225&w=225,
305949845,Don Simon My First Juice Apple 4X125ml,https://www.tesco.com/groceries/en-GB/shop/drinks/all?department=Juices%20%26%20Smoothies&viewAll=department&page=,£1.00,£0.20/100ml,,,/groceries/en-GB/products/305949845,https://digitalcontent.api.tesco.com/v2/media/ghs/5c0afd7f-fe7d-4fb7-b5fd-db9cedac38ed/b5fd272f-a42e-4a81-a1cc-632534682afb_1089831029.jpeg?h=225&w=225,
277805154,Tesco 100% Pure Not From Concentrate Squeezed Juice Clementine 1L,https://www.tesco.com/groceries/en-GB/shop/drinks/all?department=Juices%20%26%20Smoothies&viewAll=department&page=,£1.45,£0.14/100ml,,,/groceries/en-GB/products/277805154,https://digitalcontent.api.tesco.com/v2/media/ghs/6776446a-08f3-4340-97d1-daac7d207a32/snapshotimagehandler_1737750893.jpeg?h=225&w=225,
263450571,Tesco Apple Mango Passion Fruit & Peach Juice Not From Concentrate 1L,https://www.tesco.com/groceries/en-GB/shop/drinks/all?department=Juices%20%26%20Smoothies&viewAll=department&page=,£1.45,£0.14/100ml,,,/groceries/en-GB/products/263450571,https://digitalcontent.api.tesco.com/v2/media/ghs/26967ea4-3e3f-470d-8a92-9c20f8938a31/19b28b5e-1dca-4f8e-9019-a19924b9602f_1550865694.jpeg?h=225&w=225,
257983254,Tesco Tomato Juice 1 Litre,https://www.tesco.com/groceries/en-GB/shop/drinks/all?department=Juices%20%26%20Smoothies&viewAll=department&page=,£1.00,£0.10/100ml,,,/groceries/en-GB/products/257983254,https://digitalcontent.api.tesco.com/v2/media/ghs/c41f87d7-a5c9-4f2b-ba8b-1ca1b2678077/3cb76147-b177-415b-b92a-2cbde777b55d_1597562132.jpeg?h=225&w=225,
289510599,Tesco Apple And Mango From Concentrate 1 Litre,https://www.tesco.com/groceries/en-GB/shop/drinks/all?department=Juices%20%26%20Smoothies&viewAll=department&page=,£1.00,£0.10/100ml,,,/groceries/en-GB/products/289510599,https://digitalcontent.api.tesco.com/v2/media/ghs/975c95df-37a3-4f7d-a929-5948efdfb05a/fb8fb0fa-94d5-4bfc-85f7-ecd0b94f3369_370527192.jpeg?h=225&w=225,
260448994,Tropicana Orange Juice Smooth 4 X 250Ml,https://www.tesco.com/groceries/en-GB/shop/drinks/all?department=Juices%20%26%20Smoothies&viewAll=department&page=,£3.20,£0.32/100ml,£2.25 Clubcard Price,,/groceries/en-GB/products/260448994,https://digitalcontent.api.tesco.com/v2/media/ghs/dea8b518-3f78-497f-b7fd-6c3245e994f8/8cba9339-5239-4df6-9676-e6627b3a21a4_1763536162.jpeg?h=225&w=225,
278993187,Tesco 100% Pure Squeezed Breakfast Juice Not From Concentrate 1 Litre,https://www.tesco.com/groceries/en-GB/shop/drinks/all?department=Juices%20%26%20Smoothies&viewAll=department&page=,£1.45,£0.14/100ml,,,/groceries/en-GB/products/278993187,https://digitalcontent.api.tesco.com/v2/media/ghs/6365cc1f-18d9-4a85-8c70-b9adafeeec05/0116485e-844b-4d67-8d7a-65a7b7012610.jpeg?h=225&w=225,
301219535,Growers Harvest Apple Juice Drink 1 Litre,https://www.tesco.com/groceries/en-GB/shop/drinks/all?department=Juices%20%26%20Smoothies&viewAll=department&page=,£0.69,£0.07/100ml,Aldi Price Match,,/groceries/en-GB/products/301219535,https://digitalcontent.api.tesco.com/v2/media/ghs/cebf0185-174e-447e-99f1-317f1905d4fc/33db0d28-ec70-41a6-8bad-aeb073a58846_1235866895.jpeg?h=225&w=225,
258997144,Tesco Orange Juice With Bits Not From Concentrate 1L,https://www.tesco.com/groceries/en-GB/shop/drinks/all?department=Juices%20%26%20Smoothies&viewAll=department&page=,£1.45,£0.14/100ml,,,/groceries/en-GB/products/258997144,https://digitalcontent.api.tesco.com/v2/media/ghs/804c8912-1e3c-4edd-8831-ab0c855da35c/1614f58e-e284-43a3-a7b9-ace0e5a7c3db.jpeg?h=225&w=225,
300474095,Growers Harvest Pure Apple Juice 2 Litre,https://www.tesco.com/groceries/en-GB/shop/drinks/all?department=Juices%20%26%20Smoothies&viewAll=department&page=,£1.39,£0.07/100ml,,,/groceries/en-GB/products/300474095,https://digitalcontent.api.tesco.com/v2/media/ghs/fcf2a37d-a366-4402-a710-852f42a9a03a/72c07c00-a6dc-4dc4-8e8d-8e60f9632340.jpeg?h=225&w=225,
259151850,Tesco 100% Pure Squeezed Orange Juice Smooth Not From Concentrate 1L,https://www.tesco.com/groceries/en-GB/shop/drinks/all?department=Juices%20%26%20Smoothies&viewAll=department&page=,£1.45,£0.14/100ml,,,/groceries/en-GB/products/259151850,https://digitalcontent.api.tesco.com/v2/media/ghs/82b3b982-084b-4fd8-9675-0b57648e13ff/b4a14801-32ca-4660-9d9f-b8983c6abef7.jpeg?h=225&w=225,
301219512,Growers Harvest Orange Juice Drink No Added Sugar 1Litre,https://www.tesco.com/groceries/en-GB/shop/drinks/all?department=Juices%20%26%20Smoothies&viewAll=department&page=,£0.79,£0.08/100ml,Aldi Price Match,,/groceries/en-GB/products/301219512,https://digitalcontent.api.tesco.com/v2/media/ghs/e8b91a41-83cf-4ee6-b813-05bde75bf1bc/d6ce2b72-0dac-4c7d-890b-00e1bde25a76_1853193186.jpeg?h=225&w=225,
300473931,Growers Harvest Pure Apple Juice 1 Litre,https://www.tesco.com/groceries/en-GB/shop/drinks/all?department=Juices%20%26%20Smoothies&viewAll=department&page=,£0.75,£0.08/100ml,Aldi Price Match,,/groceries/en-GB/products/300473931,https://digitalcontent.api.tesco.com/v2/media/ghs/0aaef133-b385-4cfa-adb1-3d61865048fa/f76bcecc-8428-4c9a-862f-3b6d91283ac0.jpeg?h=225&w=225,
255595993,Tesco Orange Juice With Bits Not From Concentrate 1.75L,https://www.tesco.com/groceries/en-GB/shop/drinks/all?department=Juices%20%26%20Smoothies&viewAll=department&page=,£2.10,£0.12/100ml,,,/groceries/en-GB/products/255595993,https://digitalcontent.api.tesco.com/v2/media/ghs/bb3066b8-90f8-41b6-86de-ea11fb961cd2/6e71f4be-021a-4ca7-9b25-acb9f8d090bc.jpeg?h=225&w=225,
293945257,Tesco 100% Forest Fruits Juice 1 Litre,https://www.tesco.com/groceries/en-GB/shop/drinks/all?department=Juices%20%26%20Smoothies&viewAll=department&page=,£1.45,£0.14/100ml,,,/groceries/en-GB/products/293945257,https://digitalcontent.api.tesco.com/v2/media/ghs/2f4e94a9-2059-4316-b7e8-45bb16371847/2c1bf27d-60b3-4fe4-9971-493b2a2f2a4d.jpeg?h=225&w=225,
255595843,Tesco Orange Juice Smooth Not From Concentrate 1.75L,https://www.tesco.com/groceries/en-GB/shop/drinks/all?department=Juices%20%26%20Smoothies&viewAll=department&page=,£2.10,£0.12/100ml,,,/groceries/en-GB/products/255595843,https://digitalcontent.api.tesco.com/v2/media/ghs/e7dd7d43-1b63-4211-bb0c-f8c3835ce5f2/591fc1c7-c46b-4520-bee0-63fcce2734f0.jpeg?h=225&w=225,
264959141,Tesco 100% Squeezed & Pressed Orange & Mango Juice Not From Concentrate 1L,https://www.tesco.com/groceries/en-GB/shop/drinks/all?department=Juices%20%26%20Smoothies&viewAll=department&page=,£1.45,£0.14/100ml,,,/groceries/en-GB/products/264959141,https://digitalcontent.api.tesco.com/v2/media/ghs/5f3f7027-029a-4a37-bd26-03f79f58a073/79aa9a8d-5f56-4846-acc7-6a8a37c72e64.jpeg?h=225&w=225,
299914924,Grower's Harvest Orange Juice Smooth 1 Litre,https://www.tesco.com/groceries/en-GB/shop/drinks/all?department=Juices%20%26%20Smoothies&viewAll=department&page=,£0.85,£0.08/100ml,Aldi Price Match,,/groceries/en-GB/products/299914924,https://digitalcontent.api.tesco.com/v2/media/ghs/0e5dc901-49d0-4b89-a8ab-1f55db685aa4/245e1685-4b35-432e-8d48-00f5f37f5d6f_66005929.jpeg?h=225&w=225,
259336315,Tesco Pineapple Juice 1 Litre,https://www.tesco.com/groceries/en-GB/shop/drinks/all?department=Juices%20%26%20Smoothies&viewAll=department&page=,£1.00,£0.10/100ml,,,/groceries/en-GB/products/259336315,https://digitalcontent.api.tesco.com/v2/media/ghs/8cbfed26-2f4c-428a-bf24-242f8bb533b1/9021af98-f87f-496d-932b-1f152b30964a_1692273002.jpeg?h=225&w=225,
300473499,Growers Harvest Orange Juice Smooth 1L,https://www.tesco.com/groceries/en-GB/shop/drinks/all?department=Juices%20%26%20Smoothies&viewAll=department&page=,£0.75,£0.08/100ml,Aldi Price Match,,/groceries/en-GB/products/300473499,https://digitalcontent.api.tesco.com/v2/media/ghs/19d2b9fb-bbf7-42de-9360-2ac1ec5993bc/3cea6444-fadd-4e37-849e-b2eb27ec34fa.jpeg?h=225&w=225,
300474469,Growers Harvest Orange Juice Smooth 2L,https://www.tesco.com/groceries/en-GB/shop/drinks/all?department=Juices%20%26%20Smoothies&viewAll=department&page=,£1.39,£0.07/100ml,Aldi Price Match,,/groceries/en-GB/products/300474469,https://digitalcontent.api.tesco.com/v2/media/ghs/3984cb06-42bc-4754-ae2f-168829c7d882/b0b377f3-7020-4642-a2e8-05c327f794f1.jpeg?h=225&w=225,
300474112,Growers Harvest Orange Juice With Bits 1L,https://www.tesco.com/groceries/en-GB/shop/drinks/all?department=Juices%20%26%20Smoothies&viewAll=department&page=,£0.75,£0.08/100ml,,,/groceries/en-GB/products/300474112,https://digitalcontent.api.tesco.com/v2/media/ghs/0712a0c4-a4a9-43fb-a7a6-640c3360dffd/d1526225-20ad-49c5-ae2b-ac3f59c81547.jpeg?h=225&w=225,
282646562,Tesco Pink Grapefruit 1 Litre,https://www.tesco.com/groceries/en-GB/shop/drinks/all?department=Juices%20%26%20Smoothies&viewAll=department&page=,£1.45,£0.14/100ml,,,/groceries/en-GB/products/282646562,https://digitalcontent.api.tesco.com/v2/media/ghs/e4922c70-1e28-4931-972e-7252e44af0a6/dbc64b19-7e71-4c23-98f9-782570794982.jpeg?h=225&w=225,
276956212,T.100% Pure Pressed Pineapple Juicenfc 1 Litre,https://www.tesco.com/groceries/en-GB/shop/drinks/all?department=Juices%20%26%20Smoothies&viewAll=department&page=,£1.45,£0.14/100ml,,,/groceries/en-GB/products/276956212,https://digitalcontent.api.tesco.com/v2/media/ghs/ae12342d-cfb8-4911-a0f4-eb31378ecce7/a61e5758-9d36-4a24-91e0-0b25fdad252a_612148850.jpeg?h=225&w=225,
305251351,Innocent Kids Orange Mango & Pineapple 10X150ml,https://www.tesco.com/groceries/en-GB/shop/drinks/all?department=Juices%20%26%20Smoothies&viewAll=department&page=,£6.50,£0.43/100ml,,,/groceries/en-GB/products/305251351,https://digitalcontent.api.tesco.com/v2/media/ghs/bbd05607-f801-40c0-9d4a-5cbdc6fc265a/e4606bf7-71ab-4873-a67e-adddee3f47ae.jpeg?h=225&w=225,
271400354,Innocent Orange Juice With Bits 1.35L,https://www.tesco.com/groceries/en-GB/shop/drinks/all?department=Juices%20%26%20Smoothies&viewAll=department&page=,£3.90,£0.29/100ml,,,/groceries/en-GB/products/271400354,https://digitalcontent.api.tesco.com/v2/media/ghs/8623b1ce-1c90-4945-996d-0e6644b84fe2/e072b12d-cc18-453d-a41c-9b7632948e17.jpeg?h=225&w=225,
272489114,Innocent Apple Juice 1.35L,https://www.tesco.com/groceries/en-GB/shop/drinks/all?department=Juices%20%26%20Smoothies&viewAll=department&page=,£3.90,£0.29/100ml,,,/groceries/en-GB/products/272489114,https://digitalcontent.api.tesco.com/v2/media/ghs/4f78d88d-0cb4-4948-b3a3-c6e87e05aa1b/52028b5a-2b68-4d4e-ae37-0b22a6d72835.jpeg?h=225&w=225,
276685837,Innocent Tropical Juice 1.35 Litres,https://www.tesco.com/groceries/en-GB/shop/drinks/all?department=Juices%20%26%20Smoothies&viewAll=department&page=,£3.90,£0.29/100ml,,,/groceries/en-GB/products/276685837,https://digitalcontent.api.tesco.com/v2/media/ghs/85054632-7c48-43e7-a6db-53d6a8a82ef7/4b8c7e94-a7f3-4eb7-86c7-7a0a458166cf.jpeg?h=225&w=225,
266828570,Pom Wonderful 100% Pomegranate Juice 710Ml,https://www.tesco.com/groceries/en-GB/shop/drinks/all?department=Juices%20%26%20Smoothies&viewAll=department&page=,£4.20,£0.59/100ml,,,/groceries/en-GB/products/266828570,https://digitalcontent.api.tesco.com/v2/media/ghs/3a3ff9e0-6fe7-4baf-8f34-ba4106ab8fa4/2cd7e433-f088-4ee8-9eaf-ccf50713023b_969820619.jpeg?h=225&w=225,
305984399,Innocent Super Smoothie Strawberry Burst 4X150ml,https://www.tesco.com/groceries/en-GB/shop/drinks/all?department=Juices%20%26%20Smoothies&viewAll=department&page=,£3.80,£0.63/100ml,,,/groceries/en-GB/products/305984399,https://digitalcontent.api.tesco.com/v2/media/ghs/6050f8e3-c590-46a6-81f6-2668521e9074/a2399164-58e1-4a6f-8bb6-6becea80d1bb.jpeg?h=225&w=225,
301443833,Copella Apple Juice 1.35L,https://www.tesco.com/groceries/en-GB/shop/drinks/all?department=Juices%20%26%20Smoothies&viewAll=department&page=,£3.00,£0.22/100ml,,,/groceries/en-GB/products/301443833,https://digitalcontent.api.tesco.com/v2/media/ghs/d60fd560-94c4-4615-90ea-6b5ad874affa/bd57df6d-a325-428b-97be-86220cf1908e.jpeg?h=225&w=225,
301443856,Copella Apple And Elderflower Juice 1.35L,https://www.tesco.com/groceries/en-GB/shop/drinks/all?department=Juices%20%26%20Smoothies&viewAll=department&page=,£3.00,£0.22/100ml,,,/groceries/en-GB/products/301443856,https://digitalcontent.api.tesco.com/v2/media/ghs/ea4c0a21-fc8f-4929-87ea-604434e30de1/b4373e61-65e0-4568-9879-b6685098b55e.jpeg?h=225&w=225,
256650348,V8 Vegetable Juice 1 Litre,https://www.tesco.com/groceries/en-GB/shop/drinks/all?department=Juices%20%26%20Smoothies&viewAll=department&page=,£2.90,£0.29/100ml,,,/groceries/en-GB/products/256650348,https://digitalcontent.api.tesco.com/v2/media/ghs/2ce1331f-04dc-4026-8c8c-12c8d8c0ad2c/00323c37-700d-496d-8f25-f746baecad71_2131891180.jpeg?h=225&w=225,
305528318,Innocent Energise Super Smoothie 750Ml,https://www.tesco.com/groceries/en-GB/shop/drinks/all?department=Juices%20%26%20Smoothies&viewAll=department&page=,£4.30,£0.57/100ml,,,/groceries/en-GB/products/305528318,https://digitalcontent.api.tesco.com/v2/media/ghs/379b905e-9e6b-41f8-9cf7-941cb50133c5/250ded02-4396-41ec-b1e4-327ead0b39f6.jpeg?h=225&w=225,
305948269,Innocent Super Smoothie Mango Fandango 4X150ml,https://www.tesco.com/groceries/en-GB/shop/drinks/all?department=Juices%20%26%20Smoothies&viewAll=department&page=,£3.80,£0.63/100ml,,,/groceries/en-GB/products/305948269,https://digitalcontent.api.tesco.com/v2/media/ghs/eda26ac7-e507-4fa0-a703-f705de116a94/97c18c77-dcb1-449c-b0dd-66e0723323aa.jpeg?h=225&w=225,
270928025,Innocent Mango & Passion Fruit Smoothie 750Ml,https://www.tesco.com/groceries/en-GB/shop/drinks/all?department=Juices%20%26%20Smoothies&viewAll=department&page=,£3.30,£0.44/100ml,£2.50 Clubcard Price,,/groceries/en-GB/products/270928025,https://digitalcontent.api.tesco.com/v2/media/ghs/b8a12cba-c00a-4d4f-81c4-606f647b54ed/a9037262-8fa9-4993-80cd-d47bb77babd2.jpeg?h=225&w=225,
268094074,Vita Coco Natural Coconut Water 1L,https://www.tesco.com/groceries/en-GB/shop/drinks/all?department=Juices%20%26%20Smoothies&viewAll=department&page=,£4.00,£0.40/100ml,,,/groceries/en-GB/products/268094074,https://digitalcontent.api.tesco.com/v2/media/ghs/d252e073-33ce-4b34-9aa6-c1a7b3cec19b/2bd593ff-425b-4b14-8de2-7e61c519633d_1747976840.jpeg?h=225&w=225,
287294655,Tropicana Orange & Mango Juice 850Ml,https://www.tesco.com/groceries/en-GB/shop/drinks/all?department=Juices%20%26%20Smoothies&viewAll=department&page=,£2.75,£0.32/100ml,,,/groceries/en-GB/products/287294655,https://digitalcontent.api.tesco.com/v2/media/ghs/4a5ecf74-f69d-485f-8874-970c1c6b61ce/335e0568-dc9f-48b2-97b0-73e48e8fd7ec.jpeg?h=225&w=225,
305528693,Innocent Kids Smoothie Peach Passion Fruit 4X150ml,https://www.tesco.com/groceries/en-GB/shop/drinks/all?department=Juices%20%26%20Smoothies&viewAll=department&page=,£3.30,£0.55/100ml,£2.50 Clubcard Price,,/groceries/en-GB/products/305528693,https://digitalcontent.api.tesco.com/v2/media/ghs/23baa8e9-67bf-4885-9d0e-7fd4190ea9ba/730e390f-1f85-4b1d-bc72-8d7d8a89b2c9.jpeg?h=225&w=225,
289685149,Naked Green Machine Smoothie 750Ml,https://www.tesco.com/groceries/en-GB/shop/drinks/all?department=Juices%20%26%20Smoothies&viewAll=department&page=,£4.00,£0.53/100ml,£2.00 Clubcard Price,,/groceries/en-GB/products/289685149,https://digitalcontent.api.tesco.com/v2/media/ghs/91d34594-d9ec-4602-8a10-ee9ce6dae17c/a4c42c2e-8d6c-49a4-883d-53d192e17700_920380446.jpeg?h=225&w=225,
305529496,Innocent Kids Smoothie Cherries Strawberries 4X150ml,https://www.tesco.com/groceries/en-GB/shop/drinks/all?department=Juices%20%26%20Smoothies&viewAll=department&page=,£3.30,£0.55/100ml,£2.50 Clubcard Price,,/groceries/en-GB/products/305529496,https://digitalcontent.api.tesco.com/v2/media/ghs/1f4b6285-2938-4634-b70e-52e9eb5c0665/0024af31-029c-49fe-9dd6-e32fbc4be647.jpeg?h=225&w=225,
287295032,Tropicana Tropical Juice 850Ml,https://www.tesco.com/groceries/en-GB/shop/drinks/all?department=Juices%20%26%20Smoothies&viewAll=department&page=,£2.75,£0.32/100ml,,,/groceries/en-GB/products/287295032,https://digitalcontent.api.tesco.com/v2/media/ghs/d065d568-77cb-4eaa-882a-522d1dc79d1b/8fce4cdf-701e-4986-aa55-6c3d96f6eef1.jpeg?h=225&w=225,
311227988,Tropicana Tropical Fruit Juice 1.7 Litres,https://www.tesco.com/groceries/en-GB/shop/drinks/all?department=Juices%20%26%20Smoothies&viewAll=department&page=,£4.40,£0.26/100ml,£3.00 Clubcard Price,,/groceries/en-GB/products/311227988,https://digitalcontent.api.tesco.com/v2/media/ghs/fda91e15-b462-4d7a-9328-61e55a1075cf/f3543a63-a535-41e5-bc07-36c3b323da2b.jpeg?h=225&w=225,
278584055,Cawston Press Apple & Pear 3X200ml,https://www.tesco.com/groceries/en-GB/shop/drinks/all?department=Juices%20%26%20Smoothies&viewAll=department&page=,£2.00,£0.33/100ml,,,/groceries/en-GB/products/278584055,https://digitalcontent.api.tesco.com/v2/media/ghs/32205603-e84b-41e7-a055-04ae3e022828/8de6b4c1-6cca-472a-a7f6-1d3278a0fa5c_756892113.jpeg?h=225&w=225,
260153979,Welch's Light Purple Grape Juice Drink 1 Litre,https://www.tesco.com/groceries/en-GB/shop/drinks/all?department=Juices%20%26%20Smoothies&viewAll=department&page=,£1.60,£0.16/100ml,,,/groceries/en-GB/products/260153979,https://digitalcontent.api.tesco.com/v2/media/ghs/ea75e78c-ca23-4f1e-b530-3fc1788e4e25/c1d01529-f58f-4df3-9519-1042b9fe283d_1089172503.jpeg?h=225&w=225,
278583954,Cawston Press Kids Apple & Mango 3X200ml,https://www.tesco.com/groceries/en-GB/shop/drinks/all?department=Juices%20%26%20Smoothies&viewAll=department&page=,£2.00,£0.33/100ml,,,/groceries/en-GB/products/278583954,https://digitalcontent.api.tesco.com/v2/media/ghs/165ac79f-e1bf-4dc1-b3a8-30f2f7de4524/9e4c4594-6cbf-482b-b448-61d4cf5a28c4_1279787917.jpeg?h=225&w=225,
311797243,Tropicana Pressed Apple Juice 900Ml,https://www.tesco.com/groceries/en-GB/shop/drinks/all?department=Juices%20%26%20Smoothies&viewAll=department&page=,£2.75,£0.31/100ml,,,/groceries/en-GB/products/311797243,https://digitalcontent.api.tesco.com/v2/media/ghs/1158e904-0a99-4a72-bfff-bf883fabeae0/9bbb95bd-2e9c-4e0a-a34c-8af06a0c0142.jpeg?h=225&w=225,
268218386,Innocent Orange Juice Smooth 900Ml,https://www.tesco.com/groceries/en-GB/shop/drinks/all?department=Juices%20%26%20Smoothies&viewAll=department&page=,£3.00,£0.33/100ml,Any 2 for £3.50 Clubcard Price - Innocent Orange Juice Or Apple Juice 900ml,,/groceries/en-GB/products/268218386,https://digitalcontent.api.tesco.com/v2/media/ghs/5762085a-f06c-4371-8a71-dc7ce8270061/16feeac0-acc2-40ec-9a57-e6bd40989fae.jpeg?h=225&w=225,
287294534,Tropicana Pineapple Juice 850Ml,https://www.tesco.com/groceries/en-GB/shop/drinks/all?department=Juices%20%26%20Smoothies&viewAll=department&page=,£2.75,£0.32/100ml,£2.00 Clubcard Price,,/groceries/en-GB/products/287294534,https://digitalcontent.api.tesco.com/v2/media/ghs/8c8d3671-c219-459b-977b-60a0297860af/4eaee6ab-2d38-45a7-bd18-42aff35eff23.jpeg?h=225&w=225,
270927464,Innocent Strawberry & Banana Smoothie 750Ml,https://www.tesco.com/groceries/en-GB/shop/drinks/all?department=Juices%20%26%20Smoothies&viewAll=department&page=,£3.30,£0.44/100ml,£2.50 Clubcard Price,,/groceries/en-GB/products/270927464,https://digitalcontent.api.tesco.com/v2/media/ghs/60efba29-cf6b-4cde-83a7-ba45f1306158/88df02ec-db8d-49a7-aee8-7dbc7bcde9aa.jpeg?h=225&w=225,
311792473,Tropicana Original Orange Juice With Juicy Bits 1.7L,https://www.tesco.com/groceries/en-GB/shop/drinks/all?department=Juices%20%26%20Smoothies&viewAll=department&page=,£4.40,£0.26/100ml,£3.00 Clubcard Price,,/groceries/en-GB/products/311792473,https://digitalcontent.api.tesco.com/v2/media/ghs/3d3c10bc-a1d7-4fc3-a833-e90127c0191a/5bb58c17-0945-40e4-9d54-dd1e90c8417a.jpeg?h=225&w=225,
263449907,Tesco Apple Juice Not From Concentrate 1.75L,https://www.tesco.com/groceries/en-GB/shop/drinks/all?department=Juices%20%26%20Smoothies&viewAll=department&page=,£2.10,£0.12/100ml,,,/groceries/en-GB/products/263449907,https://digitalcontent.api.tesco.com/v2/media/ghs/f5f24b3b-8db7-4f5a-ba95-66ac65b7389a/5e911874-551d-457d-b573-c4c5842c50ad_297131114.jpeg?h=225&w=225,
283293639,Happy Monkey Apple & Blackcurrant Smoothie 4X180ml,https://www.tesco.com/groceries/en-GB/shop/drinks/all?department=Juices%20%26%20Smoothies&viewAll=department&page=,£2.30,£0.32/100ml,,,/groceries/en-GB/products/283293639,https://digitalcontent.api.tesco.com/v2/media/ghs/43fce400-a29c-45a3-bb33-de7486ce3bae/eeed1a9a-e3d3-45b0-9af7-227c30fb2d72_1629803712.jpeg?h=225&w=225,
267378149,Tesco Finest Orange Juice With Bits 1L,https://www.tesco.com/groceries/en-GB/shop/drinks/all?department=Juices%20%26%20Smoothies&viewAll=department&page=,£2.90,£0.29/100ml,,,/groceries/en-GB/products/267378149,https://digitalcontent.api.tesco.com/v2/media/ghs/22a1c7ef-9d30-49d7-b3ac-12c8030c5088/9636ccc5-1afa-48dd-937b-fc0d36d782ee.jpeg?h=225&w=225,
256648058,Pomegreat Pomegranate Juice Drink 1 Litre,https://www.tesco.com/groceries/en-GB/shop/drinks/all?department=Juices%20%26%20Smoothies&viewAll=department&page=,£1.65,£0.16/100ml,,,/groceries/en-GB/products/256648058,https://digitalcontent.api.tesco.com/v2/media/ghs/7be9068f-6383-4b2c-8968-6edc962bf051/2f682b9e-2517-4483-8574-0e8025b2942a_2114514188.jpeg?h=225&w=225,
305982672,Tesco Green Escape Smoothie 750Ml,https://www.tesco.com/groceries/en-GB/shop/drinks/all?department=Juices%20%26%20Smoothies&viewAll=department&page=,£1.60,£0.21/100ml,,,/groceries/en-GB/products/305982672,https://digitalcontent.api.tesco.com/v2/media/ghs/55c56316-3c40-4f60-9f9b-c5c54cb315c8/8fc841ad-6bdd-488e-a19c-6667e9c3cd42_2032331775.jpeg?h=225&w=225,
305948408,Tesco Pineapple Paradise Fruit Smoothie 750Ml,https://www.tesco.com/groceries/en-GB/shop/drinks/all?department=Juices%20%26%20Smoothies&viewAll=department&page=,£1.60,£0.21/100ml,,,/groceries/en-GB/products/305948408,https://digitalcontent.api.tesco.com/v2/media/ghs/d27b07fb-f7db-49e0-9035-3348a76a754c/f04600af-64af-4524-bf83-aab920d1bb3f_483298225.jpeg?h=225&w=225,
257630874,Ocean Spray Cranberry & Raspberry Juice Drink 1 Litre,https://www.tesco.com/groceries/en-GB/shop/drinks/all?department=Juices%20%26%20Smoothies&viewAll=department&page=,£1.75,£0.18/100ml,,New,/groceries/en-GB/products/257630874,https://digitalcontent.api.tesco.com/v2/media/ghs/c2035d12-6768-4bd4-8c49-0da445097972/aa1223ce-3127-46f4-a234-3f7aaedd8361_1422581710.jpeg?h=225&w=225,
306938091,Tesco Tropical Twist Smoothie 3X200ml,https://www.tesco.com/groceries/en-GB/shop/drinks/all?department=Juices%20%26%20Smoothies&viewAll=department&page=,£1.60,£0.27/100ml,,,/groceries/en-GB/products/306938091,https://digitalcontent.api.tesco.com/v2/media/ghs/90cf3683-5a1a-456c-8b54-ac5edad74e89/15918035-9a2f-42a4-8b6d-c17927114398_994519246.jpeg?h=225&w=225,
293945270,Tesco 100% Pressed Tomato Juice 1L,https://www.tesco.com/groceries/en-GB/shop/drinks/all?department=Juices%20%26%20Smoothies&viewAll=department&page=,£1.45,£0.14/100ml,,,/groceries/en-GB/products/293945270,https://digitalcontent.api.tesco.com/v2/media/ghs/6af3f07b-c10d-40c8-8f61-362e12ea759d/315de83e-eb69-4349-8300-34904ca4f18a.jpeg?h=225&w=225,
267594774,Rubicon Mango Juice Drink 1 Litre,https://www.tesco.com/groceries/en-GB/shop/drinks/all?department=Juices%20%26%20Smoothies&viewAll=department&page=,£1.50,£0.15/100ml,,,/groceries/en-GB/products/267594774,https://digitalcontent.api.tesco.com/v2/media/ghs/fd3a6c7e-4670-4715-b4a6-a73b4777ab47/598faa5b-6d1c-4c5f-b61e-55b3a5c8e8e1_73747863.jpeg?h=225&w=225,
278082620,Tesco No Added Sugar Cranberry Raspberry Juice Drink 1 Litre,https://www.tesco.com/groceries/en-GB/shop/drinks/all?department=Juices%20%26%20Smoothies&viewAll=department&page=,£1.00,£0.10/100ml,,,/groceries/en-GB/products/278082620,https://digitalcontent.api.tesco.com/v2/media/ghs/ee78276e-578e-4c7d-808f-c1a1e17e1a38/70c68033-71ea-43a3-a61e-10e28dfce089_696337279.jpeg?h=225&w=225,
307155871,Tesco Scrumptious Strawberry Smoothie 3X200ml,https://www.tesco.com/groceries/en-GB/shop/drinks/all?department=Juices%20%26%20Smoothies&viewAll=department&page=,£1.60,£0.27/100ml,,,/groceries/en-GB/products/307155871,https://digitalcontent.api.tesco.com/v2/media/ghs/fc43aabb-d545-435d-9812-f75581193a5c/7cbd3503-370f-4097-80df-52a72df9bd17_1628207325.jpeg?h=225&w=225,
305984687,Don Simon My First Juice 100% Orange 4X125ml,https://www.tesco.com/groceries/en-GB/shop/drinks/all?department=Juices%20%26%20Smoothies&viewAll=department&page=,£1.00,£0.20/100ml,,,/groceries/en-GB/products/305984687,https://digitalcontent.api.tesco.com/v2/media/ghs/aa276505-8bde-4b0d-8c2e-b91c14fd9add/2a647919-2ade-46cf-8fa7-97a8adc3e62a_53306477.jpeg?h=225&w=225,
288307410,Copella Apple & Elderflower Juice 900Ml,https://www.tesco.com/groceries/en-GB/shop/drinks/all?department=Juices%20%26%20Smoothies&viewAll=department&page=,£2.00,£0.22/100ml,£1.50 Clubcard Price,,/groceries/en-GB/products/288307410,https://digitalcontent.api.tesco.com/v2/media/ghs/7be4eb0e-c95f-4fc8-902d-f24836398a5d/5e5bcd35-0115-4757-a629-26dcdec2cecf.jpeg?h=225&w=225,
288306532,Copella Apple Juice 900Ml,https://www.tesco.com/groceries/en-GB/shop/drinks/all?department=Juices%20%26%20Smoothies&viewAll=department&page=,£2.00,£0.22/100ml,£1.50 Clubcard Price,,/groceries/en-GB/products/288306532,https://digitalcontent.api.tesco.com/v2/media/ghs/cc982f8c-c6c0-42d7-a17d-c086e01c0cc9/3bcc2812-7d0d-40d9-ba37-615490e9e75d.jpeg?h=225&w=225,
258617858,Tesco Pomegranate Juice Drink 1L,https://www.tesco.com/groceries/en-GB/shop/drinks/all?department=Juices%20%26%20Smoothies&viewAll=department&page=,£1.00,£0.10/100ml,,,/groceries/en-GB/products/258617858,https://digitalcontent.api.tesco.com/v2/media/ghs/7ff75fb4-03fa-494c-981e-62375eb6e775/24bff068-6808-4c6d-bdc4-7de7a7077388_1857905233.jpeg?h=225&w=225,
252530666,Tesco Pure Exotic Juice 1 Litre,https://www.tesco.com/groceries/en-GB/shop/drinks/all?department=Juices%20%26%20Smoothies&viewAll=department&page=,£1.00,£0.10/100ml,,,/groceries/en-GB/products/252530666,https://digitalcontent.api.tesco.com/v2/media/ghs/26b6e1bc-3f2c-4dae-b856-8cd5bcbc9c4f/4e90723d-8dae-4a22-a250-9476f07d3f9c_865134369.jpeg?h=225&w=225,
306650136,Don Simon Pineapple & Coconut Juice Drink 1.5Ltr,https://www.tesco.com/groceries/en-GB/shop/drinks/all?department=Juices%20%26%20Smoothies&viewAll=department&page=,£1.00,£0.07/100ml,,,/groceries/en-GB/products/306650136,https://digitalcontent.api.tesco.com/v2/media/ghs/f75ceaf4-3d4b-4d59-b364-aa40c3d0b7b8/58db387b-8681-4538-bb6f-9e40638337b1_1577677279.jpeg?h=225&w=225,
254426418,Tesco Pink Grapefruit Juice 1 Litre,https://www.tesco.com/groceries/en-GB/shop/drinks/all?department=Juices%20%26%20Smoothies&viewAll=department&page=,£1.00,£0.10/100ml,,,/groceries/en-GB/products/254426418,https://digitalcontent.api.tesco.com/v2/media/ghs/45e585fe-3566-4b6f-8717-736460e36e3a/1354dce7-8440-4127-9e58-28d744567b84_426605423.jpeg?h=225&w=225,
259336269,Tesco Grapefruit Juice 1 Litre,https://www.tesco.com/groceries/en-GB/shop/drinks/all?department=Juices%20%26%20Smoothies&viewAll=department&page=,£1.00,£0.10/100ml,,,/groceries/en-GB/products/259336269,https://digitalcontent.api.tesco.com/v2/media/ghs/9d774040-1cc6-4ba9-bb37-5fe0480dcb25/764397f0-ad08-4347-a8ae-df857cfe113e_1723886228.jpeg?h=225&w=225,
309202202,Innocent Kids Smoothie Apple & Blackcurrant 10X150ml,https://www.tesco.com/groceries/en-GB/shop/drinks/all?department=Juices%20%26%20Smoothies&viewAll=department&page=,£6.50,£0.43/100ml,,,/groceries/en-GB/products/309202202,https://digitalcontent.api.tesco.com/v2/media/ghs/646b1a9e-78a2-49b5-a779-2e34319e6b33/d617c2ba-3759-43a7-98d3-66045fcd9333.jpeg?h=225&w=225,
305529997,Innocent Tropical Defence Super Smoothie 750Ml,https://www.tesco.com/groceries/en-GB/shop/drinks/all?department=Juices%20%26%20Smoothies&viewAll=department&page=,£4.30,£0.57/100ml,,,/groceries/en-GB/products/305529997,https://digitalcontent.api.tesco.com/v2/media/ghs/ae480b2f-2d19-4f11-ab98-6da6ebecdb36/0bac24b9-067c-490a-8961-5073b7e2910e.jpeg?h=225&w=225,
305521078,Innocent Invigorate Super Smoothie 750Ml,https://www.tesco.com/groceries/en-GB/shop/drinks/all?department=Juices%20%26%20Smoothies&viewAll=department&page=,£4.30,£0.57/100ml,,,/groceries/en-GB/products/305521078,https://digitalcontent.api.tesco.com/v2/media/ghs/d112d789-d016-4881-bb94-0a913fdd5abe/675c4459-f820-4a76-9085-5bcdcd2c51af.jpeg?h=225&w=225,
276683488,Innocent Apple And Mango Juice 1.35 Litre,https://www.tesco.com/groceries/en-GB/shop/drinks/all?department=Juices%20%26%20Smoothies&viewAll=department&page=,£3.90,£0.29/100ml,,,/groceries/en-GB/products/276683488,https://digitalcontent.api.tesco.com/v2/media/ghs/0bc5cccd-0034-4496-a98d-992e3ce9d50e/f1876424-e800-41aa-b4ef-66117ffed835.jpeg?h=225&w=225,
254668811,Ocean Spray Cranberry Classic Juice Drink 4 X 1 Litre,https://www.tesco.com/groceries/en-GB/shop/drinks/all?department=Juices%20%26%20Smoothies&viewAll=department&page=,£5.60,£0.14/100ml,,,/groceries/en-GB/products/254668811,https://digitalcontent.api.tesco.com/v2/media/ghs/7a1f2f27-b081-4f6a-b319-355bbe7e2dd9/56b2623a-e0ff-460d-8605-d642dec20e09_1334385110.jpeg?h=225&w=225,
253983583,Ocean Spray Cranberry Classic Light Juice Drink 4 X 1 Litre,https://www.tesco.com/groceries/en-GB/shop/drinks/all?department=Juices%20%26%20Smoothies&viewAll=department&page=,£5.60,£0.14/100ml,,,/groceries/en-GB/products/253983583,https://digitalcontent.api.tesco.com/v2/media/ghs/22e429a1-1a98-45c7-95ac-95bd579dac86/cc438c22-6128-4113-83d0-b7b0539bb959_944597237.jpeg?h=225&w=225,
288178014,Innocent Apple & Berry Juice 1.35L,https://www.tesco.com/groceries/en-GB/shop/drinks/all?department=Juices%20%26%20Smoothies&viewAll=department&page=,£3.90,£0.29/100ml,,,/groceries/en-GB/products/288178014,https://digitalcontent.api.tesco.com/v2/media/ghs/ed4710a4-8c02-450c-8992-a17e2034df6e/d386272c-6e84-4877-8403-7bf6976e58e1.jpeg?h=225&w=225,
260079497,Big Tom Tomato Juice 750Ml,https://www.tesco.com/groceries/en-GB/shop/drinks/all?department=Juices%20%26%20Smoothies&viewAll=department&page=,£2.85,£0.38/100ml,,,/groceries/en-GB/products/260079497,https://digitalcontent.api.tesco.com/v2/media/ghs/178167b6-761c-4d6e-b090-7067c03847a7/d87650f5-f497-43ae-b90e-fc36e190b6a2_1361757242.jpeg?h=225&w=225,
302283997,Happy Monkey Strawberry & Banana Smoothie 10 X 180Ml,https://www.tesco.com/groceries/en-GB/shop/drinks/all?department=Juices%20%26%20Smoothies&viewAll=department&page=,£5.00,£0.28/100ml,,,/groceries/en-GB/products/302283997,https://digitalcontent.api.tesco.com/v2/media/ghs/6d735cea-052f-4bd2-af94-aa825d72ed21/cb5f1b6a-bde4-4c15-9d1e-e003d62ef65c_442207749.jpeg?h=225&w=225,
298025889,Benefit 100% Prune Juice 1Litre,https://www.tesco.com/groceries/en-GB/shop/drinks/all?department=Juices%20%26%20Smoothies&viewAll=department&page=,£3.40,£0.34/100ml,,,/groceries/en-GB/products/298025889,https://digitalcontent.api.tesco.com/v2/media/ghs/a0a72fec-2def-47fb-92f3-f1e1c62eb85f/57e53135-4630-4da4-a082-2d45b4faa5f9_1563360413.jpeg?h=225&w=225,
252930803,Sunsweet Prune Juice 1 Litre,https://www.tesco.com/groceries/en-GB/shop/drinks/all?department=Juices%20%26%20Smoothies&viewAll=department&page=,£4.00,£0.40/100ml,,,/groceries/en-GB/products/252930803,https://digitalcontent.api.tesco.com/v2/media/ghs/0fafd033-93ce-40b8-afc8-f8661509737c/295b74dd-4fab-4cf2-ae90-04d8f41d34e4_178057395.jpeg?h=225&w=225,
278083043,Cawston Press Brilliant Beetroot Juice 1L,https://www.tesco.com/groceries/en-GB/shop/drinks/all?department=Juices%20%26%20Smoothies&viewAll=department&page=,£2.70,£0.27/100ml,,,/groceries/en-GB/products/278083043,https://digitalcontent.api.tesco.com/v2/media/ghs/60ccead4-7c29-4a0b-9264-a12562acaeb5/7d6b578e-ad7d-4f6f-a29c-c7bd5c4f8b3a_2005673103.jpeg?h=225&w=225,
287438170,Tropicana Orange Juice Smooth 300Ml,https://www.tesco.com/groceries/en-GB/shop/drinks/all?department=Juices%20%26%20Smoothies&viewAll=department&page=,£1.65,£0.55/100ml,"£3.40 Meal Deal Clubcard Price £3.90 Meal Deal Regular Price - Selected Drink, Snack, Wrap, Sandwich, Roll, Pasty Or Salad",,/groceries/en-GB/products/287438170,https://digitalcontent.api.tesco.com/v2/media/ghs/cda7a9db-b0ed-4c21-987e-eb8030f2f0ed/f343caef-5448-4b15-8fc7-c5ea790aaecc.jpeg?h=225&w=225,
263879352,Cawston Press Apple & Ginger Juice 1L,https://www.tesco.com/groceries/en-GB/shop/drinks/all?department=Juices%20%26%20Smoothies&viewAll=department&page=,£2.50,£0.25/100ml,,,/groceries/en-GB/products/263879352,https://digitalcontent.api.tesco.com/v2/media/ghs/159d6c26-abaa-4d09-b39b-65520d255a90/a5bf9130-c2a0-40f3-aa2c-50be1661e2c9_861708726.jpeg?h=225&w=225,
305524599,Innocent Kids Pineapple Apple & Carrot 4X150ml,https://www.tesco.com/groceries/en-GB/shop/drinks/all?department=Juices%20%26%20Smoothies&viewAll=department&page=,£3.30,£0.55/100ml,£2.50 Clubcard Price,,/groceries/en-GB/products/305524599,https://digitalcontent.api.tesco.com/v2/media/ghs/0ab2ec2d-68bd-4af1-8ed7-bd9b106d2430/b451ea85-cdcb-4e47-909b-576de9d96c06.jpeg?h=225&w=225,
305530240,Innocent Kids Apple Juice 4X150ml,https://www.tesco.com/groceries/en-GB/shop/drinks/all?department=Juices%20%26%20Smoothies&viewAll=department&page=,£3.50,£0.58/100ml,£2.50 Clubcard Price,,/groceries/en-GB/products/305530240,https://digitalcontent.api.tesco.com/v2/media/ghs/61116757-649b-46bc-807d-fff60872b9da/81605355-5b0c-4f0e-b702-9380ff486559.jpeg?h=225&w=225,
311795026,Tropicana Orange & Mango Juice 1.7 Litres,https://www.tesco.com/groceries/en-GB/shop/drinks/all?department=Juices%20%26%20Smoothies&viewAll=department&page=,£4.40,£0.26/100ml,£3.00 Clubcard Price,,/groceries/en-GB/products/311795026,https://digitalcontent.api.tesco.com/v2/media/ghs/17da819b-6f04-4256-9aae-0665732e041f/2f895e1c-4d80-41e4-8427-aea5270dc234.jpeg?h=225&w=225,
270928457,Innocent Pineapple Banana & Coconut Smoothie 750Ml,https://www.tesco.com/groceries/en-GB/shop/drinks/all?department=Juices%20%26%20Smoothies&viewAll=department&page=,£3.30,£0.44/100ml,£2.50 Clubcard Price,,/groceries/en-GB/products/270928457,https://digitalcontent.api.tesco.com/v2/media/ghs/cca28b5a-29a0-4ce0-a3dd-255d65f27009/79eeab0c-e19c-4126-8631-c452ae39940c.jpeg?h=225&w=225,
308113706,Innocent Blueberries Peach & Apple Smoothie 750 Ml,https://www.tesco.com/groceries/en-GB/shop/drinks/all?department=Juices%20%26%20Smoothies&viewAll=department&page=,£3.30,£0.44/100ml,£2.50 Clubcard Price,,/groceries/en-GB/products/308113706,https://digitalcontent.api.tesco.com/v2/media/ghs/112fce32-3634-44c6-894b-054e4982150c/fbeb16f8-e1ae-46e5-bc35-c9e463cd4e7b.jpeg?h=225&w=225,
275216744,Beet It Juice 1L,https://www.tesco.com/groceries/en-GB/shop/drinks/all?department=Juices%20%26%20Smoothies&viewAll=department&page=,£2.80,£0.28/100ml,,,/groceries/en-GB/products/275216744,https://digitalcontent.api.tesco.com/v2/media/ghs/92652b73-7178-4b99-8bbe-ef2de6ed9fe9/93495b60-8e24-4e77-b73a-395b0fff189d_1638226347.jpeg?h=225&w=225,
308110449,Innocent Strawberry Pineapple & Apples Smoothie 750Ml,https://www.tesco.com/groceries/en-GB/shop/drinks/all?department=Juices%20%26%20Smoothies&viewAll=department&page=,£3.30,£0.44/100ml,£2.50 Clubcard Price,,/groceries/en-GB/products/308110449,https://digitalcontent.api.tesco.com/v2/media/ghs/626f3eaf-38c6-43d7-b7b8-ec55bc149340/65497ddb-48ef-48f7-bfea-999de01f94ae.jpeg?h=225&w=225,
289685190,Naked Blue Machine Smoothie 750Ml,https://www.tesco.com/groceries/en-GB/shop/drinks/all?department=Juices%20%26%20Smoothies&viewAll=department&page=,£4.00,£0.53/100ml,£2.00 Clubcard Price,,/groceries/en-GB/products/289685190,https://digitalcontent.api.tesco.com/v2/media/ghs/1d5e33e0-6429-4af0-8651-6d315ab291c0/c4ed6d89-d268-4b1f-86ae-373b1af15882_1758751564.jpeg?h=225&w=225,
311796814,Tropicana Orange Juice With Extra Juicy Bits 1.7L,https://www.tesco.com/groceries/en-GB/shop/drinks/all?department=Juices%20%26%20Smoothies&viewAll=department&page=,£4.40,£0.26/100ml,£3.00 Clubcard Price,,/groceries/en-GB/products/311796814,https://digitalcontent.api.tesco.com/v2/media/ghs/dde26502-9c29-475b-b74e-906f2b262e01/d143cfa3-827d-4976-93e0-d1abdc93d4c9.jpeg?h=225&w=225,
311216707,Tropicana Orange Extra Juicy Bits 900Ml,https://www.tesco.com/groceries/en-GB/shop/drinks/all?department=Juices%20%26%20Smoothies&viewAll=department&page=,£2.75,£0.31/100ml,,,/groceries/en-GB/products/311216707,https://digitalcontent.api.tesco.com/v2/media/ghs/1b0524ed-b1a4-4fd1-867b-6c6d1e522f52/5286bc67-8fa8-4661-b784-b2b189970759.jpeg?h=225&w=225,
312700000,Princes Passionfruit Martini Skinny Mixers Non Alcoholic 1L,https://www.tesco.com/groceries/en-GB/shop/drinks/all?department=Juices%20%26%20Smoothies&viewAll=department&page=,£2.50,£0.25/100ml,,New,/groceries/en-GB/products/312700000,https://digitalcontent.api.tesco.com/v2/media/ghs/c74cd30a-2d67-44a3-a5f7-d802645c7cbe/00353a5b-12e0-4462-937d-3a355a4ce722_1814766840.jpeg?h=225&w=225,
312855867,Princes Skinny Mixers Strawberry Mojito 1L,https://www.tesco.com/groceries/en-GB/shop/drinks/all?department=Juices%20%26%20Smoothies&viewAll=department&page=,£2.50,£0.25/100ml,,New,/groceries/en-GB/products/312855867,https://digitalcontent.api.tesco.com/v2/media/ghs/4822b185-8524-4866-8ad4-1276c1c047f7/c08ad5a9-f1c0-400d-954e-7eaaeb283524_2122389977.jpeg?h=225&w=225,
268219251,Innocent Apple Juice 900Ml,https://www.tesco.com/groceries/en-GB/shop/drinks/all?department=Juices%20%26%20Smoothies&viewAll=department&page=,£3.00,£0.33/100ml,Any 2 for £3.50 Clubcard Price - Innocent Orange Juice Or Apple Juice 900ml,,/groceries/en-GB/products/268219251,https://digitalcontent.api.tesco.com/v2/media/ghs/532b42a9-e387-4c46-9a27-58ec861ee5e7/9a1323c0-78d0-4393-a8c3-cd5b41c66ea5.jpeg?h=225&w=225,
258455325,Ribena Ready To Drink Blackcurrant 1 Litre,https://www.tesco.com/groceries/en-GB/shop/drinks/all?department=Juices%20%26%20Smoothies&viewAll=department&page=,£1.25,£0.12/100ml,,,/groceries/en-GB/products/258455325,https://digitalcontent.api.tesco.com/v2/media/ghs/bd496be3-f98e-4be4-a035-3dc72c21fc86/c5a3bd1e-854c-4679-9de2-5be31b30fde7_676102362.jpeg?h=225&w=225,
312563150,Princes Botanicals Apple Mango & Cardamom 1L,https://www.tesco.com/groceries/en-GB/shop/drinks/all?department=Juices%20%26%20Smoothies&viewAll=department&page=,£2.50,£0.25/100ml,£2.25 Clubcard Price,,/groceries/en-GB/products/312563150,https://digitalcontent.api.tesco.com/v2/media/ghs/ac275b66-0d6c-40f7-a536-95fbb99de938/156d8686-499a-4941-8207-719f95e98ded_1271676393.jpeg?h=225&w=225,
254390067,Rubicon Passion Fruit Juice Drink 1Ltr,https://www.tesco.com/groceries/en-GB/shop/drinks/all?department=Juices%20%26%20Smoothies&viewAll=department&page=,£1.50,£0.15/100ml,,,/groceries/en-GB/products/254390067,https://digitalcontent.api.tesco.com/v2/media/ghs/2fb8f383-0a24-4703-b9fc-8eb80c8c68bf/45c25e82-10b2-4aa1-b241-c1c33dd9e9ab_1138372108.jpeg?h=225&w=225,
310170370,Tropicana Sensations Pink Grapefruit Juice 850Ml,https://www.tesco.com/groceries/en-GB/shop/drinks/all?department=Juices%20%26%20Smoothies&viewAll=department&page=,£2.75,£0.32/100ml,£2.00 Clubcard Price,,/groceries/en-GB/products/310170370,https://digitalcontent.api.tesco.com/v2/media/ghs/635ee648-5d47-40eb-80d1-0ce86aad8c46/19801358-f2e4-4ade-866e-5b7433209f21.jpeg?h=225&w=225,
305970185,Tesco Pomegranate Crush Fruit Smoothie 750Ml,https://www.tesco.com/groceries/en-GB/shop/drinks/all?department=Juices%20%26%20Smoothies&viewAll=department&page=,£1.60,£0.21/100ml,,,/groceries/en-GB/products/305970185,https://digitalcontent.api.tesco.com/v2/media/ghs/281d5f21-5c18-4854-827c-c89abca8ef5f/0fca9808-8488-4f4c-854c-829d39fee3a6_566536401.jpeg?h=225&w=225,
255658833,Ribena Blackcurrant Bottle 500Ml,https://www.tesco.com/groceries/en-GB/shop/drinks/all?department=Juices%20%26%20Smoothies&viewAll=department&page=,£1.45,£0.29/100ml,"£3.40 Meal Deal Clubcard Price £3.90 Meal Deal Regular Price - Selected Drink, Snack, Wrap, Sandwich, Roll, Pasty Or Salad",,/groceries/en-GB/products/255658833,https://digitalcontent.api.tesco.com/v2/media/ghs/81ff3970-c3ee-4c69-8f47-06b5d1a42739/e5409fe0-eb3d-4b98-b54e-468277dc3326_1324717598.jpeg?h=225&w=225,
253845148,Innocent Strawberries & Bananas 250Ml,https://www.tesco.com/groceries/en-GB/shop/drinks/all?department=Juices%20%26%20Smoothies&viewAll=department&page=,£2.00,£0.80/100ml,"£3.40 Meal Deal Clubcard Price £3.90 Meal Deal Regular Price - Selected Drink, Snack, Wrap, Sandwich, Roll, Pasty Or Salad",,/groceries/en-GB/products/253845148,https://digitalcontent.api.tesco.com/v2/media/ghs/735f6a5e-9c1b-4097-9e56-68faa436c9eb/2c763652-1255-4999-8f4b-a82bf747692b.jpeg?h=225&w=225,
312856420,Princes Botanicals Apple & Pineapple Lemongrass 1L,https://www.tesco.com/groceries/en-GB/shop/drinks/all?department=Juices%20%26%20Smoothies&viewAll=department&page=,£2.50,£0.25/100ml,£2.25 Clubcard Price,,/groceries/en-GB/products/312856420,https://digitalcontent.api.tesco.com/v2/media/ghs/15797730-cb10-4157-b7b4-25abf38d57cf/cf537c4d-a5ea-49b9-9ccb-4c2e9aa95d56_1786403983.jpeg?h=225&w=225,
256538277,Ribena Blackcurrant Really Light 500Ml Bottle,https://www.tesco.com/groceries/en-GB/shop/drinks/all?department=Juices%20%26%20Smoothies&viewAll=department&page=,£1.45,£0.29/100ml,"£3.40 Meal Deal Clubcard Price £3.90 Meal Deal Regular Price - Selected Drink, Snack, Wrap, Sandwich, Roll, Pasty Or Salad",,/groceries/en-GB/products/256538277,https://digitalcontent.api.tesco.com/v2/media/ghs/f3925e65-6a84-4e76-bafa-4894ef48da02/584dd56d-3c10-40ef-8547-6c1b07b59e78_1199836736.jpeg?h=225&w=225,
267378368,Tesco Finest Orange Juice Smooth 1L,https://www.tesco.com/groceries/en-GB/shop/drinks/all?department=Juices%20%26%20Smoothies&viewAll=department&page=,£2.90,£0.29/100ml,,,/groceries/en-GB/products/267378368,https://digitalcontent.api.tesco.com/v2/media/ghs/91ffcdb5-8541-49ea-85fd-c474c8c89d7c/3caa21fe-aed9-4d62-b597-71fd801960d9.jpeg?h=225&w=225,
277975101,Juice Burst Orange 500Ml,https://www.tesco.com/groceries/en-GB/shop/drinks/all?department=Juices%20%26%20Smoothies&viewAll=department&page=,£1.50,£0.30/100ml,"£3.40 Meal Deal Clubcard Price £3.90 Meal Deal Regular Price - Selected Drink, Snack, Wrap, Sandwich, Roll, Pasty Or Salad",,/groceries/en-GB/products/277975101,https://digitalcontent.api.tesco.com/v2/media/ghs/b306f11e-d92a-44ed-880b-22f820ce5178/ff4f4a6b-e496-4d8d-8a54-22dbd7311c1f_1775891695.jpeg?h=225&w=225,
261625437,Rubicon Mango Exotic Juice Drink 288Ml,https://www.tesco.com/groceries/en-GB/shop/drinks/all?department=Juices%20%26%20Smoothies&viewAll=department&page=,£0.60,£0.21/100ml,,,/groceries/en-GB/products/261625437,https://digitalcontent.api.tesco.com/v2/media/ghs/00e900df-6951-4bf0-96f1-deedcfaeb587/63fbdfa1-ad7a-4878-ace8-71b319433967_1329952222.jpeg?h=225&w=225,
260027755,Tesco Blueberry Juice Drink 1L,https://www.tesco.com/groceries/en-GB/shop/drinks/all?department=Juices%20%26%20Smoothies&viewAll=department&page=,£1.00,£0.10/100ml,,,/groceries/en-GB/products/260027755,https://digitalcontent.api.tesco.com/v2/media/ghs/7e103ac2-e268-4a88-9197-f29981c0e9e7/9a2a7259-3079-40d2-9d03-5db5e23e7367_419571785.jpeg?h=225&w=225,
306801166,"Tesco Apple, Lemon & Ginger Juice 1L",https://www.tesco.com/groceries/en-GB/shop/drinks/all?department=Juices%20%26%20Smoothies&viewAll=department&page=,£1.45,£0.14/100ml,,,/groceries/en-GB/products/306801166,https://digitalcontent.api.tesco.com/v2/media/ghs/cb54e832-de0c-494e-b597-805e5aba63e1/d4715c6c-96d4-4e1e-998a-9f13375fc318_2106761130.jpeg?h=225&w=225,
264468556,Sunny Delight Florida Style Orange Juice Drink 1 L,https://www.tesco.com/groceries/en-GB/shop/drinks/all?department=Juices%20%26%20Smoothies&viewAll=department&page=,£1.05,£0.10/100ml,,,/groceries/en-GB/products/264468556,https://digitalcontent.api.tesco.com/v2/media/ghs/e1ebeb5c-38a3-4ebd-b2bd-6f9aab152714/322c844b-1934-40b1-8537-04bfbe11bbf4_1920803982.jpeg?h=225&w=225,
305518993,Innocent Energise Super Smoothie 300Ml,https://www.tesco.com/groceries/en-GB/shop/drinks/all?department=Juices%20%26%20Smoothies&viewAll=department&page=,£2.36,£0.79/100ml,"£3.40 Meal Deal Clubcard Price £3.90 Meal Deal Regular Price - Selected Drink, Snack, Wrap, Sandwich, Roll, Pasty Or Salad",,/groceries/en-GB/products/305518993,https://digitalcontent.api.tesco.com/v2/media/ghs/f4251ce1-9f6c-49b9-aa31-257c9f9e5393/f1e34d39-e9c7-4df9-8e08-83d658b0752f.jpeg?h=225&w=225,
311692349,Copella Orange Smooth Juice 900Ml,https://www.tesco.com/groceries/en-GB/shop/drinks/all?department=Juices%20%26%20Smoothies&viewAll=department&page=,£2.00,£0.22/100ml,£1.50 Clubcard Price,,/groceries/en-GB/products/311692349,https://digitalcontent.api.tesco.com/v2/media/ghs/4f854969-cc8d-4874-be2a-cbeb8a3fcabd/802fc47f-d5eb-459e-8abd-3eb2b8f02116.jpeg?h=225&w=225,
300473447,Growers Harvest Tropical Juice Drink 2L,https://www.tesco.com/groceries/en-GB/shop/drinks/all?department=Juices%20%26%20Smoothies&viewAll=department&page=,£1.15,£0.06/100ml,Aldi Price Match,,/groceries/en-GB/products/300473447,https://digitalcontent.api.tesco.com/v2/media/ghs/455d626c-0d90-4a12-97ca-9dd4c1567510/eab7671b-cc2b-48e5-a6ee-75c617a37e2e_896269709.jpeg?h=225&w=225,
264685493,Cherrygood Cherry Juice Drink 1 Litre,https://www.tesco.com/groceries/en-GB/shop/drinks/all?department=Juices%20%26%20Smoothies&viewAll=department&page=,£1.85,£0.18/100ml,£1.15 Clubcard Price,,/groceries/en-GB/products/264685493,https://digitalcontent.api.tesco.com/v2/media/ghs/2b9a7037-e1d0-4f38-bb60-17aa805649b3/snapshotimagehandler_764181789.jpeg?h=225&w=225,
306657434,Don Simon Lemon & Strawberry Juice Drink 1.5 Litres,https://www.tesco.com/groceries/en-GB/shop/drinks/all?department=Juices%20%26%20Smoothies&viewAll=department&page=,£1.00,£0.07/100ml,,,/groceries/en-GB/products/306657434,https://digitalcontent.api.tesco.com/v2/media/ghs/031f5b28-a347-48d1-acd6-2290f3f22ded/4397584d-c97f-46c2-bf3f-87c97c254745_2028657614.jpeg?h=225&w=225,
305524708,Innocent Blue Spark Super Smoothie 750Ml,https://www.tesco.com/groceries/en-GB/shop/drinks/all?department=Juices%20%26%20Smoothies&viewAll=department&page=,£4.30,£0.57/100ml,,,/groceries/en-GB/products/305524708,https://digitalcontent.api.tesco.com/v2/media/ghs/ed7a1b51-5d11-431a-a19b-ea9bef21fdfa/bdef5d2c-1e53-4992-a918-51aa133ca851.jpeg?h=225&w=225,
305518970,Innocent Berry Protein Super Smoothie 750Ml,https://www.tesco.com/groceries/en-GB/shop/drinks/all?department=Juices%20%26%20Smoothies&viewAll=department&page=,£4.30,£0.57/100ml,,,/groceries/en-GB/products/305518970,https://digitalcontent.api.tesco.com/v2/media/ghs/9f96bd27-1ad4-4a9d-8bdd-2f68c7d14feb/f0ef9d89-9cd8-488b-a656-3a1de896a65a.jpeg?h=225&w=225,
277820452,Vita Coco 100% Natural Coconut Water 4 X 330Ml,https://www.tesco.com/groceries/en-GB/shop/drinks/all?department=Juices%20%26%20Smoothies&viewAll=department&page=,£5.00,£0.38/100ml,,,/groceries/en-GB/products/277820452,https://digitalcontent.api.tesco.com/v2/media/ghs/b396f39b-fdf0-41c3-9215-082a6f7c76f0/3718446a-da19-412a-b05e-964cba8841c5_390212806.jpeg?h=225&w=225,
305522745,Innocent Recharge Super Smoothie 750Ml,https://www.tesco.com/groceries/en-GB/shop/drinks/all?department=Juices%20%26%20Smoothies&viewAll=department&page=,£4.30,£0.57/100ml,,,/groceries/en-GB/products/305522745,https://digitalcontent.api.tesco.com/v2/media/ghs/3aab9509-10ff-4e6d-859b-c702f971400b/541bc0f1-2c85-4a86-960b-f4d56b3d5d1e.jpeg?h=225&w=225,
303448116,Vita Pressed Coco Coconut Water 1L,https://www.tesco.com/groceries/en-GB/shop/drinks/all?department=Juices%20%26%20Smoothies&viewAll=department&page=,£4.00,£0.40/100ml,,,/groceries/en-GB/products/303448116,https://digitalcontent.api.tesco.com/v2/media/ghs/e367b46e-9da4-4aa0-9c87-e8e199de0cb2/640195ec-00b6-4618-a1f0-35ccd2b68d9d_1692687639.jpeg?h=225&w=225,
288178112,Innocent Coconut Water 1L,https://www.tesco.com/groceries/en-GB/shop/drinks/all?department=Juices%20%26%20Smoothies&viewAll=department&page=,£4.00,£0.40/100ml,,,/groceries/en-GB/products/288178112,https://digitalcontent.api.tesco.com/v2/media/ghs/4044262c-1cfb-4e29-b357-bd83c9eabc60/71073bff-4c80-4c5a-b294-9206bfdd1577_1081071766.jpeg?h=225&w=225,
311266647,Tropicana Fuel For Thought Fruit Juice Drink 750Ml,https://www.tesco.com/groceries/en-GB/shop/drinks/all?department=Juices%20%26%20Smoothies&viewAll=department&page=,£3.00,£0.40/100ml,,,/groceries/en-GB/products/311266647,https://digitalcontent.api.tesco.com/v2/media/ghs/1cda87d9-eb42-42dc-aa4f-760a34d45396/b175a9d5-df0c-4679-b12c-452c603141af.jpeg?h=225&w=225,
307741199,Innocent Guava Pineapple & Apple Smoothie 750 Ml,https://www.tesco.com/groceries/en-GB/shop/drinks/all?department=Juices%20%26%20Smoothies&viewAll=department&page=,£3.30,£0.44/100ml,£2.50 Clubcard Price,,/groceries/en-GB/products/307741199,https://digitalcontent.api.tesco.com/v2/media/ghs/74f532de-b2dd-43fc-9b38-007e45669ff2/5d376527-daf5-49b4-ad7c-40b6c09b9e84.jpeg?h=225&w=225,
306651439,Tesco Finest Pressed Pink Lady Apple Juice 1L,https://www.tesco.com/groceries/en-GB/shop/drinks/all?department=Juices%20%26%20Smoothies&viewAll=department&page=,£2.60,£0.26/100ml,,,/groceries/en-GB/products/306651439,https://digitalcontent.api.tesco.com/v2/media/ghs/14c35736-45ca-4205-b487-4f72bce8b6c8/c84fe5a0-e363-48b9-9fac-d33eb9e941bf.jpeg?h=225&w=225,
287439094,Tropicana Orange & Mango Juice 300Ml,https://www.tesco.com/groceries/en-GB/shop/drinks/all?department=Juices%20%26%20Smoothies&viewAll=department&page=,£1.65,£0.55/100ml,"£3.40 Meal Deal Clubcard Price £3.90 Meal Deal Regular Price - Selected Drink, Snack, Wrap, Sandwich, Roll, Pasty Or Salad",,/groceries/en-GB/products/287439094,https://digitalcontent.api.tesco.com/v2/media/ghs/6778eda5-7325-4471-9a07-0952192908c0/6c74227e-d512-47f8-b618-66ebef7cbb75.jpeg?h=225&w=225,
287438135,Tropicana Original Orange Juice 300Ml,https://www.tesco.com/groceries/en-GB/shop/drinks/all?department=Juices%20%26%20Smoothies&viewAll=department&page=,£1.65,£0.55/100ml,"£3.40 Meal Deal Clubcard Price £3.90 Meal Deal Regular Price - Selected Drink, Snack, Wrap, Sandwich, Roll, Pasty Or Salad",,/groceries/en-GB/products/287438135,https://digitalcontent.api.tesco.com/v2/media/ghs/2711f4ad-87ac-4860-b216-41c41fbd9392/c73167c1-7b9f-4314-b9c1-7ab7fa2500da.jpeg?h=225&w=225,
263879438,Cawston Press Apple & Rhubarb Juice 1Ltr,https://www.tesco.com/groceries/en-GB/shop/drinks/all?department=Juices%20%26%20Smoothies&viewAll=department&page=,£2.50,£0.25/100ml,,,/groceries/en-GB/products/263879438,https://digitalcontent.api.tesco.com/v2/media/ghs/be549ff9-8735-4a9b-82ab-cf13e51563fe/6cdb3502-952b-4d11-b621-a1ea504c2a93_1304837491.jpeg?h=225&w=225,
307133373,Tropicana Plus Berry Boost Juice Drink 750Ml,https://www.tesco.com/groceries/en-GB/shop/drinks/all?department=Juices%20%26%20Smoothies&viewAll=department&page=,£3.00,£0.40/100ml,,,/groceries/en-GB/products/307133373,https://digitalcontent.api.tesco.com/v2/media/ghs/eb838237-b3cb-47af-916d-5f36358f8043/56433a26-8552-4e12-8f69-a2c5fcef87a2.jpeg?h=225&w=225,
311444546,Tropicana Sensations Passion Fruit Punch Fruit Juice 850Ml,https://www.tesco.com/groceries/en-GB/shop/drinks/all?department=Juices%20%26%20Smoothies&viewAll=department&page=,£2.75,£0.32/100ml,£2.00 Clubcard Price,,/groceries/en-GB/products/311444546,https://digitalcontent.api.tesco.com/v2/media/ghs/746af04a-f417-48da-b57e-ecf50c7e2445/5e9ad6bd-7920-4068-b410-cec8a50992d3.jpeg?h=225&w=225,
307148540,Tropicana Plus Vitamin Victory Juice 750Ml,https://www.tesco.com/groceries/en-GB/shop/drinks/all?department=Juices%20%26%20Smoothies&viewAll=department&page=,£3.00,£0.40/100ml,,,/groceries/en-GB/products/307148540,https://digitalcontent.api.tesco.com/v2/media/ghs/5bc6b373-2a90-48c6-922b-249da74fae94/d8c51bd0-8061-469a-92ba-0cea96466fb7.jpeg?h=225&w=225,
287004009,Tropicana Multivitamins Fruit Juice 850Ml,https://www.tesco.com/groceries/en-GB/shop/drinks/all?department=Juices%20%26%20Smoothies&viewAll=department&page=,£2.75,£0.32/100ml,£2.00 Clubcard Price,,/groceries/en-GB/products/287004009,https://digitalcontent.api.tesco.com/v2/media/ghs/fdfe1cba-fb15-4a5d-996f-a441dc55d55c/1a447701-6e52-44f9-975d-0d5b698b54b7.jpeg?h=225&w=225,
311797637,Tropicana Sensations Raspberry & Mango Fruit Juice 850Ml,https://www.tesco.com/groceries/en-GB/shop/drinks/all?department=Juices%20%26%20Smoothies&viewAll=department&page=,£2.75,£0.32/100ml,£2.00 Clubcard Price,,/groceries/en-GB/products/311797637,https://digitalcontent.api.tesco.com/v2/media/ghs/43674d6a-bc5d-47ce-8213-c46c92ec9439/4e52ae1c-37db-461e-baa5-8249b8948a22.jpeg?h=225&w=225,
311252583,James White British Carrot Juice 1 Litre,https://www.tesco.com/groceries/en-GB/shop/drinks/all?department=Juices%20%26%20Smoothies&viewAll=department&page=,£2.70,£0.27/100ml,,,/groceries/en-GB/products/311252583,https://digitalcontent.api.tesco.com/v2/media/ghs/a7cc9f60-c274-4124-878e-a0e12e202506/15d18886-6d04-4a1b-8cdc-b8bff6887c33_1049302072.jpeg?h=225&w=225,
305835225,Naked Tropical Zing Smoothie 750Ml,https://www.tesco.com/groceries/en-GB/shop/drinks/all?department=Juices%20%26%20Smoothies&viewAll=department&page=,£3.30,£0.44/100ml,,,/groceries/en-GB/products/305835225,https://digitalcontent.api.tesco.com/v2/media/ghs/3e46a83c-a667-407c-8ffc-f262d6d82622/d4e54158-eab1-476c-94e6-ee5e0bd7900d.jpeg?h=225&w=225,
304384270,Ocean Spray Cranberry & Apple Juice Drink 1L,https://www.tesco.com/groceries/en-GB/shop/drinks/all?department=Juices%20%26%20Smoothies&viewAll=department&page=,£1.75,£0.18/100ml,,,/groceries/en-GB/products/304384270,https://digitalcontent.api.tesco.com/v2/media/ghs/667a4de3-e1a1-4257-b82c-e359c493d187/4916e9cb-acb6-40f2-8b62-5e22a10b4be0_118079955.jpeg?h=225&w=225,
256008156,Ocean Spray Cranberry Juice Original 1 Litre,https://www.tesco.com/groceries/en-GB/shop/drinks/all?department=Juices%20%26%20Smoothies&viewAll=department&page=,£2.30,£0.23/100ml,,,/groceries/en-GB/products/256008156,https://digitalcontent.api.tesco.com/v2/media/ghs/fd76e996-0a2e-4659-b24f-bcd2f4c5fdde/213a774f-e001-4711-9bef-d7297be47819_1621748562.jpeg?h=225&w=225,
291066540,Naked Red Machine Smoothie 750Ml,https://www.tesco.com/groceries/en-GB/shop/drinks/all?department=Juices%20%26%20Smoothies&viewAll=department&page=,£4.00,£0.53/100ml,£2.00 Clubcard Price,,/groceries/en-GB/products/291066540,https://digitalcontent.api.tesco.com/v2/media/ghs/8e8d1733-826b-4bbb-aa6a-729ca91bd66f/bca1dcdf-ee3a-43f6-ba95-f623496fcfef.jpeg?h=225&w=225,
274623051,Vita Coco 100% Natural Coconut Water 500Ml,https://www.tesco.com/groceries/en-GB/shop/drinks/all?department=Juices%20%26%20Smoothies&viewAll=department&page=,£2.49,£0.50/100ml,"£3.40 Meal Deal Clubcard Price £3.90 Meal Deal Regular Price - Selected Drink, Snack, Wrap, Sandwich, Roll, Pasty Or Salad",,/groceries/en-GB/products/274623051,https://digitalcontent.api.tesco.com/v2/media/ghs/e6911c79-36ad-40dc-9a36-59ab8563837f/95d20562-3f2b-45a0-9b4b-5a8590431c4b_759522811.jpeg?h=225&w=225,
308452984,Naked Rainbow Machine Smoothie 750Ml,https://www.tesco.com/groceries/en-GB/shop/drinks/all?department=Juices%20%26%20Smoothies&viewAll=department&page=,£4.00,£0.53/100ml,£2.00 Clubcard Price,,/groceries/en-GB/products/308452984,https://digitalcontent.api.tesco.com/v2/media/ghs/21f33b83-f109-415f-84c1-4b9f7fb5eff5/685a223f-217c-4fe9-8ec5-007c50b761ac.jpeg?h=225&w=225,
287438020,Copella Apple Juice 300Ml,https://www.tesco.com/groceries/en-GB/shop/drinks/all?department=Juices%20%26%20Smoothies&viewAll=department&page=,£1.19,£0.40/100ml,"£3.40 Meal Deal Clubcard Price £3.90 Meal Deal Regular Price - Selected Drink, Snack, Wrap, Sandwich, Roll, Pasty Or Salad",,/groceries/en-GB/products/287438020,https://digitalcontent.api.tesco.com/v2/media/ghs/6a95bee7-462b-4896-b7b7-a43f5f1dd281/2c63a8bc-60f8-4ec2-bbbc-0a344da85422.jpeg?h=225&w=225,
312230705,Innocent Revitalise Super Smoothie 300Ml,https://www.tesco.com/groceries/en-GB/shop/drinks/all?department=Juices%20%26%20Smoothies&viewAll=department&page=,£2.36,£0.79/100ml,"£3.40 Meal Deal Clubcard Price £3.90 Meal Deal Regular Price - Selected Drink, Snack, Wrap, Sandwich, Roll, Pasty Or Salad",,/groceries/en-GB/products/312230705,https://digitalcontent.api.tesco.com/v2/media/ghs/bcb1b099-8a28-4c8e-96f1-681eb9c4cd3e/d4edf5d2-e4a8-4f65-a41f-62ac7a4ed98e.jpeg?h=225&w=225,
265415651,Rubicon Guava Juice Drink 1 Litre,https://www.tesco.com/groceries/en-GB/shop/drinks/all?department=Juices%20%26%20Smoothies&viewAll=department&page=,£1.50,£0.15/100ml,,,/groceries/en-GB/products/265415651,https://digitalcontent.api.tesco.com/v2/media/ghs/75256836-c6b0-4c53-ad51-93fbe955fae7/585bcd45-f2ec-4c97-890c-831ae06ef502_989764379.jpeg?h=225&w=225,
266597882,Ocean Spray Blueberry Juice Drink 1 Litre,https://www.tesco.com/groceries/en-GB/shop/drinks/all?department=Juices%20%26%20Smoothies&viewAll=department&page=,£1.75,£0.18/100ml,,,/groceries/en-GB/products/266597882,https://digitalcontent.api.tesco.com/v2/media/ghs/0c58209b-4365-4d2b-ba0d-0bdb8a8091e2/9bc04c19-d7c9-427d-a5a4-75989b04ef8e_964554340.jpeg?h=225&w=225,
308089884,Innocent Berry Light Super Smoothie 750Ml,https://www.tesco.com/groceries/en-GB/shop/drinks/all?department=Juices%20%26%20Smoothies&viewAll=department&page=,£4.30,£0.57/100ml,,,/groceries/en-GB/products/308089884,https://digitalcontent.api.tesco.com/v2/media/ghs/1a1764cd-8f97-4257-8fd4-4ab9733ac0ee/755e8733-ccda-4d02-b248-c038f571630e.jpeg?h=225&w=225,
300112737,Tymbark Apple Watermelon Drink 2 Litre,https://www.tesco.com/groceries/en-GB/shop/drinks/all?department=Juices%20%26%20Smoothies&viewAll=department&page=,£1.85,£0.09/100ml,,,/groceries/en-GB/products/300112737,https://digitalcontent.api.tesco.com/v2/media/ghs/68af8cb2-62f1-45ef-81ef-9bfc2d2dab8e/9169aab8-bd80-453a-b3ba-cf434f70a36d_1930585475.jpeg?h=225&w=225,
251286340,Rubicon Lychee Juice Drink 1 Litre,https://www.tesco.com/groceries/en-GB/shop/drinks/all?department=Juices%20%26%20Smoothies&viewAll=department&page=,£1.50,£0.15/100ml,,,/groceries/en-GB/products/251286340,https://digitalcontent.api.tesco.com/v2/media/ghs/549d52a4-92bd-450d-972b-808d9fc0c3f9/d5c29996-35bc-4645-8b15-950f895058a3_318669414.jpeg?h=225&w=225,
287939251,Tropicana Multivitamins 300Ml,https://www.tesco.com/groceries/en-GB/shop/drinks/all?department=Juices%20%26%20Smoothies&viewAll=department&page=,£1.65,£0.55/100ml,"£3.40 Meal Deal Clubcard Price £3.90 Meal Deal Regular Price - Selected Drink, Snack, Wrap, Sandwich, Roll, Pasty Or Salad",,/groceries/en-GB/products/287939251,https://digitalcontent.api.tesco.com/v2/media/ghs/892982ca-b858-42e6-b663-eca777f8c7f0/1368544e-4720-445c-b625-3c2abd0a7df0.jpeg?h=225&w=225,
303415109,Innocent Bolt From Blue Juice 330Ml,https://www.tesco.com/groceries/en-GB/shop/drinks/all?department=Juices%20%26%20Smoothies&viewAll=department&page=,£2.15,£0.65/100ml,"£3.40 Meal Deal Clubcard Price £3.90 Meal Deal Regular Price - Selected Drink, Snack, Wrap, Sandwich, Roll, Pasty Or Salad",,/groceries/en-GB/products/303415109,https://digitalcontent.api.tesco.com/v2/media/ghs/df7fa3d3-c694-4a18-86e7-42049c4eb7d2/4c0716f4-59ed-452a-8cc8-516a84b82ea8.jpeg?h=225&w=225,
298025584,Grace Say Aloe Original 980Ml,https://www.tesco.com/groceries/en-GB/shop/drinks/all?department=Juices%20%26%20Smoothies&viewAll=department&page=,£2.10,£0.22/100ml,,,/groceries/en-GB/products/298025584,https://digitalcontent.api.tesco.com/v2/media/ghs/caccbd6a-05ce-4da0-9204-65658ba7d8e7/95062698-4121-432e-9cb7-59cdc9429b94_107044252.jpeg?h=225&w=225,
305431759,Innocent Invigorate Super Smoothie 300Ml,https://www.tesco.com/groceries/en-GB/shop/drinks/all?department=Juices%20%26%20Smoothies&viewAll=department&page=,£2.36,£0.79/100ml,"£3.40 Meal Deal Clubcard Price £3.90 Meal Deal Regular Price - Selected Drink, Snack, Wrap, Sandwich, Roll, Pasty Or Salad",,/groceries/en-GB/products/305431759,https://digitalcontent.api.tesco.com/v2/media/ghs/3e7013f1-8f2e-4540-a895-d740b0a98316/3fc4de8f-4232-4b45-a18b-f7a1d5b7957f.jpeg?h=225&w=225,
253845275,Innocent Mangoes Passion Fruit 250Ml,https://www.tesco.com/groceries/en-GB/shop/drinks/all?department=Juices%20%26%20Smoothies&viewAll=department&page=,£2.00,£0.80/100ml,"£3.40 Meal Deal Clubcard Price £3.90 Meal Deal Regular Price - Selected Drink, Snack, Wrap, Sandwich, Roll, Pasty Or Salad",,/groceries/en-GB/products/253845275,https://digitalcontent.api.tesco.com/v2/media/ghs/d9103607-786e-4651-9dfe-a388ccaa579b/f5f6fbe4-b799-4850-a23c-7ead0dc84938.jpeg?h=225&w=225,
300457104,Rubicon Deluxe Guava 1L,https://www.tesco.com/groceries/en-GB/shop/drinks/all?department=Juices%20%26%20Smoothies&viewAll=department&page=,£1.70,£0.17/100ml,,,/groceries/en-GB/products/300457104,https://digitalcontent.api.tesco.com/v2/media/ghs/c37b70ac-cd70-4777-8801-5b0d54f4fdc5/8b9a7815-82f9-4a78-8453-9f9a46560a81_625133920.jpeg?h=225&w=225,
305963067,Juice Burst Orange Juice 1L,https://www.tesco.com/groceries/en-GB/shop/drinks/all?department=Juices%20%26%20Smoothies&viewAll=department&page=,£1.45,£0.14/100ml,,,/groceries/en-GB/products/305963067,https://digitalcontent.api.tesco.com/v2/media/ghs/9c1ded24-e960-4ee2-9804-b399df295dec/84917b58-a3d8-43c8-8287-dc28f61fb09e_1212989659.jpeg?h=225&w=225,
306941276,Don Simon Lemon & Raspberry Juice Drink 1.5L,https://www.tesco.com/groceries/en-GB/shop/drinks/all?department=Juices%20%26%20Smoothies&viewAll=department&page=,£1.00,£0.07/100ml,,,/groceries/en-GB/products/306941276,https://digitalcontent.api.tesco.com/v2/media/ghs/1850005b-e178-4615-8007-9068c5e076cb/f3d52469-332e-4b90-8113-ac9c4f2cb811_478476566.jpeg?h=225&w=225,
253320280,Rubicon Lychee Exotic Juice Drink 288Ml,https://www.tesco.com/groceries/en-GB/shop/drinks/all?department=Juices%20%26%20Smoothies&viewAll=department&page=,£0.60,£0.21/100ml,,,/groceries/en-GB/products/253320280,https://digitalcontent.api.tesco.com/v2/media/ghs/da7e2740-703d-410e-b083-4d45917d6d1b/5299187a-0c25-4f17-89ee-786f05000078_1749198341.jpeg?h=225&w=225,
300420418,Kubus 100% Multivitamin Juice 300Ml,https://www.tesco.com/groceries/en-GB/shop/drinks/all?department=Juices%20%26%20Smoothies&viewAll=department&page=,£0.75,£0.25/100ml,60p Clubcard Price,,/groceries/en-GB/products/300420418,https://digitalcontent.api.tesco.com/v2/media/ghs/c4c84e61-6e15-458a-bcd9-82e2e1b14a4c/e5f65fa6-2978-4434-8c19-e4556888e571_1693869465.jpeg?h=225&w=225,
311953139,Juhayna Cocktail Fruit Drink 1 Litre,https://www.tesco.com/groceries/en-GB/shop/drinks/all?department=Juices%20%26%20Smoothies&viewAll=department&page=,£1.00,£0.10/100ml,,,/groceries/en-GB/products/311953139,https://digitalcontent.api.tesco.com/v2/media/ghs/58a08e89-f574-4db4-b86c-a96a5514d68f/a0c3caf6-139f-40f7-9cc9-695f75064a6b_1217206762.jpeg?h=225&w=225,
311442813,Juhayna Mango Fruit Drink 1 Litre,https://www.tesco.com/groceries/en-GB/shop/drinks/all?department=Juices%20%26%20Smoothies&viewAll=department&page=,£1.00,£0.10/100ml,,,/groceries/en-GB/products/311442813,https://digitalcontent.api.tesco.com/v2/media/ghs/0aa6acc1-5401-46c6-8418-45eeed81f01e/f071c629-c74c-4944-b047-e3cca558e341_37212392.jpeg?h=225&w=225,
308098739,Innocent Tropical Light Super Smoothie 750Ml,https://www.tesco.com/groceries/en-GB/shop/drinks/all?department=Juices%20%26%20Smoothies&viewAll=department&page=,£4.30,£0.57/100ml,,,/groceries/en-GB/products/308098739,https://digitalcontent.api.tesco.com/v2/media/ghs/1005ee2c-79fe-40a7-9778-6963556fadc9/c5fab5ee-70c1-4bc5-8ed1-80b7ced97c5b.jpeg?h=225&w=225,
309453054,Innocent Inner Winner Juice 750Ml,https://www.tesco.com/groceries/en-GB/shop/drinks/all?department=Juices%20%26%20Smoothies&viewAll=department&page=,£3.50,£0.47/100ml,,,/groceries/en-GB/products/309453054,https://digitalcontent.api.tesco.com/v2/media/ghs/4c7c283d-1462-4fa4-b668-4f5bcea28fe5/c9af0f74-3ce0-459f-9b4e-700a16ea17bd.jpeg?h=225&w=225,
263502522,Rubicon Mango Juice Drink 4 X 1Ltr,https://www.tesco.com/groceries/en-GB/shop/drinks/all?department=Juices%20%26%20Smoothies&viewAll=department&page=,£5.25,£0.13/100ml,,,/groceries/en-GB/products/263502522,https://digitalcontent.api.tesco.com/v2/media/ghs/c14fee90-fa54-4565-9958-064aa09c0652/8fb2e3ff-d992-4698-9107-fcb97c7d3aff_795586655.jpeg?h=225&w=225,
303415144,Innocent Citrus Shield Juice 750Ml,https://www.tesco.com/groceries/en-GB/shop/drinks/all?department=Juices%20%26%20Smoothies&viewAll=department&page=,£3.50,£0.47/100ml,,,/groceries/en-GB/products/303415144,https://digitalcontent.api.tesco.com/v2/media/ghs/e851e3a3-9f4c-413e-8824-b60575305264/c5e83098-41a6-412c-9322-cf396be559f5.jpeg?h=225&w=225,
303415121,Innocent Berry Set Go Juice 750Ml,https://www.tesco.com/groceries/en-GB/shop/drinks/all?department=Juices%20%26%20Smoothies&viewAll=department&page=,£3.50,£0.47/100ml,,,/groceries/en-GB/products/303415121,https://digitalcontent.api.tesco.com/v2/media/ghs/20375145-5ce8-473a-b391-aa750bfd4b91/de305d06-b6bd-4d6f-a2c7-f7a4c05dc2c8.jpeg?h=225&w=225,
303415189,Innocent Bolt From The Blue Juice 750Ml,https://www.tesco.com/groceries/en-GB/shop/drinks/all?department=Juices%20%26%20Smoothies&viewAll=department&page=,£3.50,£0.47/100ml,,,/groceries/en-GB/products/303415189,https://digitalcontent.api.tesco.com/v2/media/ghs/8a0e3799-86f0-40e3-9a77-218ccc3103ec/8f75bef6-aeae-4345-ba6d-4cefec577709.jpeg?h=225&w=225,
307137829,Tropicana Plus Viva Vitality Fruit Drink 750Ml,https://www.tesco.com/groceries/en-GB/shop/drinks/all?department=Juices%20%26%20Smoothies&viewAll=department&page=,£3.00,£0.40/100ml,,,/groceries/en-GB/products/307137829,https://digitalcontent.api.tesco.com/v2/media/ghs/502618df-7558-4da6-a1a5-aa7957ff8110/3dff637f-924b-4748-b72d-9e31fa299e61.jpeg?h=225&w=225,
305972199,Naked Strawberry Zing Smoothie 750Ml,https://www.tesco.com/groceries/en-GB/shop/drinks/all?department=Juices%20%26%20Smoothies&viewAll=department&page=,£3.30,£0.44/100ml,,,/groceries/en-GB/products/305972199,https://digitalcontent.api.tesco.com/v2/media/ghs/fe97e32b-a9a2-4371-aeb5-b3c1b8dd2a12/76f165ee-0714-42a1-b0cf-05afa151f469.jpeg?h=225&w=225,
305432828,Innocent Blue Spark Super Smoothie 300Ml,https://www.tesco.com/groceries/en-GB/shop/drinks/all?department=Juices%20%26%20Smoothies&viewAll=department&page=,£2.36,£0.79/100ml,"£3.40 Meal Deal Clubcard Price £3.90 Meal Deal Regular Price - Selected Drink, Snack, Wrap, Sandwich, Roll, Pasty Or Salad",,/groceries/en-GB/products/305432828,https://digitalcontent.api.tesco.com/v2/media/ghs/080249b9-2f23-4ade-991c-d629639c5e2a/679523c3-1183-407e-8877-6a457e9068c4.jpeg?h=225&w=225,
297753777,Naked Mango Juice Smoothie 750Ml,https://www.tesco.com/groceries/en-GB/shop/drinks/all?department=Juices%20%26%20Smoothies&viewAll=department&page=,£4.00,£0.53/100ml,£2.00 Clubcard Price,,/groceries/en-GB/products/297753777,https://digitalcontent.api.tesco.com/v2/media/ghs/16f67f57-9db5-4168-88be-0a3e9fd5d4fe/b165e8d8-3a31-42eb-8910-790fc039e36c.jpeg?h=225&w=225,
285644815,Crafted No Added Sugar Mango & Passion Fruit Juice 1 Litre,https://www.tesco.com/groceries/en-GB/shop/drinks/all?department=Juices%20%26%20Smoothies&viewAll=department&page=,£1.90,£0.19/100ml,,,/groceries/en-GB/products/285644815,https://digitalcontent.api.tesco.com/v2/media/ghs/5ebd194a-7d51-43d5-b019-57d3275dfba3/84f49550-3a23-4d84-8dc1-a5dc7459ff4f_1464030859.jpeg?h=225&w=225,
300457087,Rubicon Deluxe Mango 1L,https://www.tesco.com/groceries/en-GB/shop/drinks/all?department=Juices%20%26%20Smoothies&viewAll=department&page=,£1.70,£0.17/100ml,,,/groceries/en-GB/products/300457087,https://digitalcontent.api.tesco.com/v2/media/ghs/f32139d2-7f08-4e2c-8874-c1af5d04a691/48768cc7-6ab9-43f5-81f5-a5eea7e72493_202850356.jpeg?h=225&w=225,
312832189,Coco Cabana Coconut Water 320Ml,https://www.tesco.com/groceries/en-GB/shop/drinks/all?department=Juices%20%26%20Smoothies&viewAll=department&page=,£1.00,£0.31/100ml,,,/groceries/en-GB/products/312832189,https://digitalcontent.api.tesco.com/v2/media/ghs/099c9221-c274-48de-8934-317cea2c185a/3ddcdfe8-624c-45d9-99a2-d5942e0b8861_546743283.jpeg?h=225&w=225,
311669954,Juhayna Pineapple Fruit Drink 1 Litre,https://www.tesco.com/groceries/en-GB/shop/drinks/all?department=Juices%20%26%20Smoothies&viewAll=department&page=,£1.00,£0.10/100ml,,,/groceries/en-GB/products/311669954,https://digitalcontent.api.tesco.com/v2/media/ghs/dac53264-2333-4c55-8418-ffaeea3e9714/c53a69a5-f55a-4caa-8321-b0d107b7b38b_1485721911.jpeg?h=225&w=225,
311932660,Juhayna Orange Fruit Drink 1 Litre,https://www.tesco.com/groceries/en-GB/shop/drinks/all?department=Juices%20%26%20Smoothies&viewAll=department&page=,£1.00,£0.10/100ml,,,/groceries/en-GB/products/311932660,https://digitalcontent.api.tesco.com/v2/media/ghs/beafec12-3743-42bd-96be-d1e6479d61e1/c32e2482-ef85-4ecb-a969-4707b69e0858_938474006.jpeg?h=225&w=225,
282774907,Pepsi Max 24 X 330Ml,https://www.tesco.com/groceries/en-GB/shop/drinks/all?department=Fizzy%20%26%20Soft%20Drinks&viewAll=department&page=,£9.50,£0.12/100ml,£7.50 Clubcard Price,,/groceries/en-GB/products/282774907,https://digitalcontent.api.tesco.com/v2/media/ghs/baebee8f-8624-47c9-b059-00d17b642227/2db44994-bdee-49d7-aab6-8627f2e06e0d_902365747.jpeg?h=225&w=225,
273824391,Diet Coke 24 X 330 Ml Pack,https://www.tesco.com/groceries/en-GB/shop/drinks/all?department=Fizzy%20%26%20Soft%20Drinks&viewAll=department&page=,£10.00,£0.13/100ml,,,/groceries/en-GB/products/273824391,https://digitalcontent.api.tesco.com/v2/media/ghs/3268d924-7e3a-4c06-87a4-ae8ffc6843d7/fa9a395c-c874-4e6f-8f1a-65d32ce4188e_1467125332.jpeg?h=225&w=225,
281926402,Coca Cola Coke Zero 24X330ml,https://www.tesco.com/groceries/en-GB/shop/drinks/all?department=Fizzy%20%26%20Soft%20Drinks&viewAll=department&page=,£10.00,£0.13/100ml,,,/groceries/en-GB/products/281926402,https://digitalcontent.api.tesco.com/v2/media/ghs/2dbd640e-b6cc-464a-85b4-760807d58190/5710d718-8755-4a3c-a2bd-d2c9bf016c9b_1740386594.jpeg?h=225&w=225,
273867627,Coca Cola Regular 24 X 330 Ml Pack,https://www.tesco.com/groceries/en-GB/shop/drinks/all?department=Fizzy%20%26%20Soft%20Drinks&viewAll=department&page=,£12.49,£0.16/100ml,Aldi Price Match,,/groceries/en-GB/products/273867627,https://digitalcontent.api.tesco.com/v2/media/ghs/0ebdd83c-d6be-4a07-8845-7472c0aa0f74/2b5c7b5c-b502-4580-ad80-98ee6b518e5d_572931262.jpeg?h=225&w=225,
281474446,Diet Coke Fridgepack 10 X 330Ml,https://www.tesco.com/groceries/en-GB/shop/drinks/all?department=Fizzy%20%26%20Soft%20Drinks&viewAll=department&page=,£4.69,£0.14/100ml,Any 2 for £7 Clubcard Price - Selected Diet Coke Or Coca Cola 10x330ml,,/groceries/en-GB/products/281474446,https://digitalcontent.api.tesco.com/v2/media/ghs/d3b45371-f5bf-4423-b948-c57af949bea9/b25c0463-f066-4d40-8e66-65b18c0dff3c_1542530797.jpeg?h=225&w=225,
258056066,Pepsi Max Cola Bottle,https://www.tesco.com/groceries/en-GB/shop/drinks/all?department=Fizzy%20%26%20Soft%20Drinks&viewAll=department&page=,£2.00,£0.10/100ml,Any 2 for £3.50 Clubcard Price - Selected Pepsi Max Or Pepsi Diet 2l ,,/groceries/en-GB/products/258056066,https://digitalcontent.api.tesco.com/v2/media/ghs/0f8a0616-72f3-46c2-9ed5-e698055e3656/a4bc53a3-151f-41ab-8235-aa210aad3833_482590535.jpeg?h=225&w=225,
254857294,Diet Pepsi Cola 2 Litre Bottle,https://www.tesco.com/groceries/en-GB/shop/drinks/all?department=Fizzy%20%26%20Soft%20Drinks&viewAll=department&page=,£2.00,£0.10/100ml,Any 2 for £3.50 Clubcard Price - Selected Pepsi Max Or Pepsi Diet 2l ,,/groceries/en-GB/products/254857294,https://digitalcontent.api.tesco.com/v2/media/ghs/b4e459ca-56b0-4153-b632-7104f6c67648/b63014cf-061d-4d67-a99b-6712754e90e5_46599459.jpeg?h=225&w=225,
260527054,Coke Zero 10 X 330Ml,https://www.tesco.com/groceries/en-GB/shop/drinks/all?department=Fizzy%20%26%20Soft%20Drinks&viewAll=department&page=,£4.69,£0.14/100ml,Any 2 for £7 Clubcard Price - Selected Diet Coke Or Coca Cola 10x330ml,,/groceries/en-GB/products/260527054,https://digitalcontent.api.tesco.com/v2/media/ghs/671dd329-6102-4ec7-8b0b-fbc644dbdd18/3c180d57-c14a-463a-bcf9-4a46fd5ddb9c_374740790.jpeg?h=225&w=225,
303706641,Fanta Orange Zero 8X330ml,https://www.tesco.com/groceries/en-GB/shop/drinks/all?department=Fizzy%20%26%20Soft%20Drinks&viewAll=department&page=,£3.49,£0.13/100ml,Aldi Price Match,,/groceries/en-GB/products/303706641,https://digitalcontent.api.tesco.com/v2/media/ghs/07887c97-b1d0-4e24-9400-2bc10d6df23e/0d0d4986-1b31-47aa-a999-988b6e49eef7_2137354106.jpeg?h=225&w=225,
274172128,Pepsi Max Cherry 2L,https://www.tesco.com/groceries/en-GB/shop/drinks/all?department=Fizzy%20%26%20Soft%20Drinks&viewAll=department&page=,£2.00,£0.10/100ml,Any 2 for £3.50 Clubcard Price - Selected Pepsi Max Or Pepsi Diet 2l ,,/groceries/en-GB/products/274172128,https://digitalcontent.api.tesco.com/v2/media/ghs/8998bfda-b3d7-41b0-bff6-8eb67a1de694/77f0a1e7-1bf1-4be4-aee7-38f7a4d8a94d_444053021.jpeg?h=225&w=225,
299919487,Diet Coke Caffeine Free 2 Litre,https://www.tesco.com/groceries/en-GB/shop/drinks/all?department=Fizzy%20%26%20Soft%20Drinks&viewAll=department&page=,£1.99,£0.10/100ml,Any 2 for £3.50 Clubcard Price - Selected Diet Coke Or Zero Drinks 2 Litre,,/groceries/en-GB/products/299919487,https://digitalcontent.api.tesco.com/v2/media/ghs/0dd5c2fd-ea16-4d4e-b4a9-8fcf92983b0a/b465db88-604a-4e6d-8cf7-ac38a46ed399_309081362.jpeg?h=225&w=225,
266798828,Coca Cola Regular 8X330ml,https://www.tesco.com/groceries/en-GB/shop/drinks/all?department=Fizzy%20%26%20Soft%20Drinks&viewAll=department&page=,£4.79,£0.18/100ml,Aldi Price Match,,/groceries/en-GB/products/266798828,https://digitalcontent.api.tesco.com/v2/media/ghs/b4412359-5ead-4508-9511-3c3d6398e770/0b6b3914-e7a9-4f0e-b0c3-273dba0750f4_187500668.jpeg?h=225&w=225,
297132631,Diet Coke 2L,https://www.tesco.com/groceries/en-GB/shop/drinks/all?department=Fizzy%20%26%20Soft%20Drinks&viewAll=department&page=,£1.99,£0.10/100ml,Any 2 for £3.50 Clubcard Price - Selected Diet Coke Or Zero Drinks 2 Litre,,/groceries/en-GB/products/297132631,https://digitalcontent.api.tesco.com/v2/media/ghs/bfa9b9ba-5f54-4f62-b87e-cd2addd17f29/0d71805b-5cca-4252-bc5a-10b750b5b418_427742675.jpeg?h=225&w=225,
255606659,7 Up Diet / Free 6X330ml Pack,https://www.tesco.com/groceries/en-GB/shop/drinks/all?department=Fizzy%20%26%20Soft%20Drinks&viewAll=department&page=,£2.50,£0.13/100ml,,,/groceries/en-GB/products/255606659,https://digitalcontent.api.tesco.com/v2/media/ghs/d300e7a1-5520-44c6-971f-f3c92271ddcf/5b65d4a6-63fa-479f-b7e6-65dd9992336b_683376335.jpeg?h=225&w=225,
260507026,Coca Cola Zero 2 Litre,https://www.tesco.com/groceries/en-GB/shop/drinks/all?department=Fizzy%20%26%20Soft%20Drinks&viewAll=department&page=,£1.99,£0.10/100ml,Any 2 for £3.50 Clubcard Price - Selected Diet Coke Or Zero Drinks 2 Litre,,/groceries/en-GB/products/260507026,https://digitalcontent.api.tesco.com/v2/media/ghs/57e7c7fd-2218-4cab-9975-84e029133f02/513062c2-3892-4b35-a6f0-44f8324c339c_1830141470.jpeg?h=225&w=225,
282822189,Coca-Cola Coke 1.75L,https://www.tesco.com/groceries/en-GB/shop/drinks/all?department=Fizzy%20%26%20Soft%20Drinks&viewAll=department&page=,£2.25,£0.13/100ml,Aldi Price Match,,/groceries/en-GB/products/282822189,https://digitalcontent.api.tesco.com/v2/media/ghs/e22a88c2-38b0-418e-93d4-6a91e9c2289f/b1fef786-97c7-4f7e-926a-309aadcd11a4_1878434691.jpeg?h=225&w=225,
254940581,Fanta Orange Zero 2L,https://www.tesco.com/groceries/en-GB/shop/drinks/all?department=Fizzy%20%26%20Soft%20Drinks&viewAll=department&page=,£2.00,£0.10/100ml,Any 2 for £3 Clubcard Price - Selected Carbonated Drinks 2 Litre,,/groceries/en-GB/products/254940581,https://digitalcontent.api.tesco.com/v2/media/ghs/03b53148-69a6-457a-83df-c67528f831d7/14fcfe70-998f-4fff-80d2-e059499ea892_1904607900.jpeg?h=225&w=225,
256458008,Schweppes Lemonade 2Litre Bottle,https://www.tesco.com/groceries/en-GB/shop/drinks/all?department=Fizzy%20%26%20Soft%20Drinks&viewAll=department&page=,£1.35,£0.07/100ml,,,/groceries/en-GB/products/256458008,https://digitalcontent.api.tesco.com/v2/media/ghs/3014e96d-f6ea-4779-bcbf-b88a3bc53ab9/1a167191-3fbc-42a4-99c1-69ef08de62cb_1414626048.jpeg?h=225&w=225,
256457960,Schweppes Diet Lemonade 2 Litre Bottle,https://www.tesco.com/groceries/en-GB/shop/drinks/all?department=Fizzy%20%26%20Soft%20Drinks&viewAll=department&page=,£1.35,£0.07/100ml,,,/groceries/en-GB/products/256457960,https://digitalcontent.api.tesco.com/v2/media/ghs/60fb5068-c19b-4e02-aaf0-29c06742316e/dd0787fa-9ea4-4348-beb5-15f15a053260_1088630542.jpeg?h=225&w=225,
271983538,Tesco Orange Zero 2L,https://www.tesco.com/groceries/en-GB/shop/drinks/all?department=Fizzy%20%26%20Soft%20Drinks&viewAll=department&page=,£0.80,£0.04/100ml,,,/groceries/en-GB/products/271983538,https://digitalcontent.api.tesco.com/v2/media/ghs/39e53cfe-33ad-4fab-a53c-cd8838e35ad4/865a1e04-4781-4933-9eef-d9b0049da8f6_92864312.jpeg?h=225&w=225,
310169847,Tesco Diet Lemonade 330Ml,https://www.tesco.com/groceries/en-GB/shop/drinks/all?department=Fizzy%20%26%20Soft%20Drinks&viewAll=department&page=,£0.50,£0.15/100ml,Any 4 for £1 Clubcard Price - Selected Tesco Flavoured Carbonates 330ml,,/groceries/en-GB/products/310169847,https://digitalcontent.api.tesco.com/v2/media/ghs/b938b14c-3933-4b30-8d64-c95d8bfc2689/dd7fe8d7-7f4d-45a1-9ec5-132e3b097701_2054937785.jpeg?h=225&w=225,
310125966,Tesco Lemonade 330Ml,https://www.tesco.com/groceries/en-GB/shop/drinks/all?department=Fizzy%20%26%20Soft%20Drinks&viewAll=department&page=,£0.50,£0.15/100ml,Any 4 for £1 Clubcard Price - Selected Tesco Flavoured Carbonates 330ml,,/groceries/en-GB/products/310125966,https://digitalcontent.api.tesco.com/v2/media/ghs/d40f9d38-6a45-4a02-83ab-0ba07d869820/1402e1cb-93e6-4e0e-8d00-d55240a15a54_254373363.jpeg?h=225&w=225,
309748351,Tesco Orange Zero 330Ml,https://www.tesco.com/groceries/en-GB/shop/drinks/all?department=Fizzy%20%26%20Soft%20Drinks&viewAll=department&page=,£0.50,£0.15/100ml,Any 4 for £1 Clubcard Price - Selected Tesco Flavoured Carbonates 330ml,,/groceries/en-GB/products/309748351,https://digitalcontent.api.tesco.com/v2/media/ghs/6cfcb0cd-0f15-43ab-8d31-2939ee0f4467/59d10b94-8bd9-48f5-957c-32bc41b8ec97_504258436.jpeg?h=225&w=225,
310119317,Tesco Lemon & Lime Zero 330Ml,https://www.tesco.com/groceries/en-GB/shop/drinks/all?department=Fizzy%20%26%20Soft%20Drinks&viewAll=department&page=,£0.50,£0.15/100ml,Any 4 for £1 Clubcard Price - Selected Tesco Flavoured Carbonates 330ml,,/groceries/en-GB/products/310119317,https://digitalcontent.api.tesco.com/v2/media/ghs/89efc785-87f4-4e1b-aac0-aaee234b5ef8/57360779-d90b-450a-b56f-9e0b70cb8b8c_566172086.jpeg?h=225&w=225,
310107101,Tesco No Added Sugar Cream Soda 330Ml,https://www.tesco.com/groceries/en-GB/shop/drinks/all?department=Fizzy%20%26%20Soft%20Drinks&viewAll=department&page=,£0.50,£0.15/100ml,Any 4 for £1 Clubcard Price - Selected Tesco Flavoured Carbonates 330ml,,/groceries/en-GB/products/310107101,https://digitalcontent.api.tesco.com/v2/media/ghs/bce7505e-b155-472b-a890-04dd4fd6a76c/d1b45019-b34a-4b3d-9c8b-7dbfc395e94d_531728571.jpeg?h=225&w=225,
310171835,Tesco No Added Sugar Ginger Beer 330Ml,https://www.tesco.com/groceries/en-GB/shop/drinks/all?department=Fizzy%20%26%20Soft%20Drinks&viewAll=department&page=,£0.50,£0.15/100ml,Any 4 for £1 Clubcard Price - Selected Tesco Flavoured Carbonates 330ml,,/groceries/en-GB/products/310171835,https://digitalcontent.api.tesco.com/v2/media/ghs/4c7f9a12-06c4-4a74-9252-391cb1106ca4/cf06c725-cabb-443b-a8a1-ee6eabd9afc5_1001570887.jpeg?h=225&w=225,
310135453,Tesco No Added Sugar Cloudy Lemonade 330Ml,https://www.tesco.com/groceries/en-GB/shop/drinks/all?department=Fizzy%20%26%20Soft%20Drinks&viewAll=department&page=,£0.50,£0.15/100ml,Any 4 for £1 Clubcard Price - Selected Tesco Flavoured Carbonates 330ml,,/groceries/en-GB/products/310135453,https://digitalcontent.api.tesco.com/v2/media/ghs/b6b3cc42-1482-4846-a36d-67a28c7ad2bd/444da20f-7b42-46ed-8cec-9d45c05be05b_832444430.jpeg?h=225&w=225,
310095741,Tesco No Added Sugar Bitter Shandy 330Ml,https://www.tesco.com/groceries/en-GB/shop/drinks/all?department=Fizzy%20%26%20Soft%20Drinks&viewAll=department&page=,£0.50,£0.15/100ml,Any 4 for £1 Clubcard Price - Selected Tesco Flavoured Carbonates 330ml,,/groceries/en-GB/products/310095741,https://digitalcontent.api.tesco.com/v2/media/ghs/b897c76d-b665-4889-8359-60bee595ab7e/fc1c40f5-5120-4a94-a8c0-54c9c09407d5_712052444.jpeg?h=225&w=225,
250654868,Tesco Sparkling Diet Lemonade 2L,https://www.tesco.com/groceries/en-GB/shop/drinks/all?department=Fizzy%20%26%20Soft%20Drinks&viewAll=department&page=,£0.60,£0.03/100ml,,,/groceries/en-GB/products/250654868,https://digitalcontent.api.tesco.com/v2/media/ghs/3318fb68-375f-4733-b682-3ff152d83d43/aae98811-69cb-481c-838a-14a93001c422_1928626246.jpeg?h=225&w=225,
271050824,Tesco Xero Cola 2L,https://www.tesco.com/groceries/en-GB/shop/drinks/all?department=Fizzy%20%26%20Soft%20Drinks&viewAll=department&page=,£0.50,£0.02/100ml,,,/groceries/en-GB/products/271050824,https://digitalcontent.api.tesco.com/v2/media/ghs/052f78c2-dd11-4a59-ab8c-200b504b5a95/1e0b3b97-7e83-44c5-84cc-ce57cc4b6b65_831196209.jpeg?h=225&w=225,
310140694,Tesco No Added Sugar Pink Lemonade 330Ml,https://www.tesco.com/groceries/en-GB/shop/drinks/all?department=Fizzy%20%26%20Soft%20Drinks&viewAll=department&page=,£0.50,£0.15/100ml,Any 4 for £1 Clubcard Price - Selected Tesco Flavoured Carbonates 330ml,,/groceries/en-GB/products/310140694,https://digitalcontent.api.tesco.com/v2/media/ghs/968fa031-d443-4107-ab86-8904e4c44d09/68ef524d-ec91-433c-9608-967b60045e63_434209492.jpeg?h=225&w=225,
257731386,Tesco Diet Cola 2L Bottle,https://www.tesco.com/groceries/en-GB/shop/drinks/all?department=Fizzy%20%26%20Soft%20Drinks&viewAll=department&page=,£0.50,£0.02/100ml,,,/groceries/en-GB/products/257731386,https://digitalcontent.api.tesco.com/v2/media/ghs/b4e19fb6-bc08-450f-901e-03002d7c3cfb/d690df5a-f0ec-42ba-9f10-ad3764545b2b_1503276012.jpeg?h=225&w=225,
250617625,Tesco Sparkling Lemonade 2L Bottle,https://www.tesco.com/groceries/en-GB/shop/drinks/all?department=Fizzy%20%26%20Soft%20Drinks&viewAll=department&page=,£0.60,£0.03/100ml,,,/groceries/en-GB/products/250617625,https://digitalcontent.api.tesco.com/v2/media/ghs/9e9097ae-e465-412d-bea8-9f521a131a1b/f103a262-3923-4c58-b159-3fe4f22c12ee_283852737.jpeg?h=225&w=225,
275896497,Tesco Xero Cola Cherry 2 Litre,https://www.tesco.com/groceries/en-GB/shop/drinks/all?department=Fizzy%20%26%20Soft%20Drinks&viewAll=department&page=,£0.50,£0.02/100ml,,,/groceries/en-GB/products/275896497,https://digitalcontent.api.tesco.com/v2/media/ghs/a142e909-b48d-4b32-8ca7-ead95c2ee268/f2bd3d26-f660-44d5-8dff-9d3fd4cc9df6_931382960.jpeg?h=225&w=225,
305049810,Pepsi Max Cherry Cans 24 X 330Ml,https://www.tesco.com/groceries/en-GB/shop/drinks/all?department=Fizzy%20%26%20Soft%20Drinks&viewAll=department&page=,£9.50,£0.12/100ml,£7.50 Clubcard Price,,/groceries/en-GB/products/305049810,https://digitalcontent.api.tesco.com/v2/media/ghs/cd03cc38-86a7-4fc7-8e54-466e7adb41cc/70ed2eb0-f169-475d-8a5d-49bbf2cce46e_1335803984.jpeg?h=225&w=225,
308104660,Pepsi Max No Caffeine Cola 2Litre,https://www.tesco.com/groceries/en-GB/shop/drinks/all?department=Fizzy%20%26%20Soft%20Drinks&viewAll=department&page=,£2.00,£0.10/100ml,Any 2 for £3.50 Clubcard Price - Selected Pepsi Max Or Pepsi Diet 2l ,,/groceries/en-GB/products/308104660,https://digitalcontent.api.tesco.com/v2/media/ghs/39be6e1f-8a2f-4aeb-a5d3-b10ec7470a62/04b4c275-263b-4879-bb6e-b458912d6167_2007279758.jpeg?h=225&w=225,
254856548,Tango Orange 6X330ml Pack,https://www.tesco.com/groceries/en-GB/shop/drinks/all?department=Fizzy%20%26%20Soft%20Drinks&viewAll=department&page=,£2.50,£0.13/100ml,,,/groceries/en-GB/products/254856548,https://digitalcontent.api.tesco.com/v2/media/ghs/6706bc0f-e600-47b6-a9ba-2b770e29d27d/cd016756-824d-4340-8217-25641417d17a_1393677476.jpeg?h=225&w=225,
266829442,Pepsi Max 8X330ml,https://www.tesco.com/groceries/en-GB/shop/drinks/all?department=Fizzy%20%26%20Soft%20Drinks&viewAll=department&page=,£4.00,£0.15/100ml,,,/groceries/en-GB/products/266829442,https://digitalcontent.api.tesco.com/v2/media/ghs/4872efbe-aa73-463b-bb46-8b8bebbc17c8/0df27e6c-8dac-43a2-b4ee-e505c58b9b35_718690141.jpeg?h=225&w=225,
283150596,Pepsi Max Cherry 8 X 330Ml,https://www.tesco.com/groceries/en-GB/shop/drinks/all?department=Fizzy%20%26%20Soft%20Drinks&viewAll=department&page=,£4.00,£0.15/100ml,,,/groceries/en-GB/products/283150596,https://digitalcontent.api.tesco.com/v2/media/ghs/28705d62-f5a3-4807-9863-5cc8f7083832/e5cf9020-3f3d-4370-ad76-935c287163af_374347809.jpeg?h=225&w=225,
253398861,Lipton Ice Tea Peach Flavour 1.25L Bottle,https://www.tesco.com/groceries/en-GB/shop/drinks/all?department=Fizzy%20%26%20Soft%20Drinks&viewAll=department&page=,£1.80,£0.14/100ml,,,/groceries/en-GB/products/253398861,https://digitalcontent.api.tesco.com/v2/media/ghs/81dd844c-f15f-46b4-a541-e4ed3842725a/161a04e6-71d5-48cd-9efa-9700e92d96cd_1556647468.jpeg?h=225&w=225,
254857265,Pepsi Cola 2 Litre Bottle,https://www.tesco.com/groceries/en-GB/shop/drinks/all?department=Fizzy%20%26%20Soft%20Drinks&viewAll=department&page=,£2.45,£0.12/100ml,,,/groceries/en-GB/products/254857265,https://digitalcontent.api.tesco.com/v2/media/ghs/8d94ed6f-b30a-4c4c-a485-354eaa2f3a60/a80c0d35-3bbc-4cfc-9a3e-c72180a0e256_1819257116.jpeg?h=225&w=225,
293256329,Sprite No Sugar 8X330ml,https://www.tesco.com/groceries/en-GB/shop/drinks/all?department=Fizzy%20%26%20Soft%20Drinks&viewAll=department&page=,£2.75,£0.10/100ml,Aldi Price Match,,/groceries/en-GB/products/293256329,https://digitalcontent.api.tesco.com/v2/media/ghs/86699ffb-52aa-4c65-88b7-157399784fb0/09210bdb-8b4b-4ffc-93cd-13bd2bbc7a78_1776228883.jpeg?h=225&w=225,
308484859,Coca-Cola Zero Sugar Zero Caffeine 2 Litre,https://www.tesco.com/groceries/en-GB/shop/drinks/all?department=Fizzy%20%26%20Soft%20Drinks&viewAll=department&page=,£1.99,£0.10/100ml,Any 2 for £3.50 Clubcard Price - Selected Diet Coke Or Zero Drinks 2 Litre,,/groceries/en-GB/products/308484859,https://digitalcontent.api.tesco.com/v2/media/ghs/1d3a3bfb-6665-4c6f-8648-80eea959f52e/8c7ed1e8-dda9-454b-b7d5-ff590d9cfba2_662744762.jpeg?h=225&w=225,
250718120,7 Up Light Lemon & Lime 2 Litre Bottle,https://www.tesco.com/groceries/en-GB/shop/drinks/all?department=Fizzy%20%26%20Soft%20Drinks&viewAll=department&page=,£1.65,£0.08/100ml,,,/groceries/en-GB/products/250718120,https://digitalcontent.api.tesco.com/v2/media/ghs/a191b697-3eb4-4a66-b135-f78b04ef4b0a/3422692c-64c6-4219-9591-a3f93b565424_738770013.jpeg?h=225&w=225,
259059292,Dr Pepper 2 Litre Bottle,https://www.tesco.com/groceries/en-GB/shop/drinks/all?department=Fizzy%20%26%20Soft%20Drinks&viewAll=department&page=,£2.00,£0.10/100ml,Any 2 for £3 Clubcard Price - Selected Carbonated Drinks 2 Litre,,/groceries/en-GB/products/259059292,https://digitalcontent.api.tesco.com/v2/media/ghs/fafadf65-5995-4492-a19b-60b4c250f6d3/660e37f7-89f2-41b5-bff3-25b1169810b5_221498090.jpeg?h=225&w=225,
303836792,Pepsi Max 1.25L Bottle,https://www.tesco.com/groceries/en-GB/shop/drinks/all?department=Fizzy%20%26%20Soft%20Drinks&viewAll=department&page=,£1.50,£0.12/100ml,,,/groceries/en-GB/products/303836792,https://digitalcontent.api.tesco.com/v2/media/ghs/df0943e1-1c85-41b0-be64-06b376c360da/48acf4a6-2567-43ad-b227-977f680e5843_1574597232.jpeg?h=225&w=225,
254940419,Dr Pepper Zero 2L Bottle,https://www.tesco.com/groceries/en-GB/shop/drinks/all?department=Fizzy%20%26%20Soft%20Drinks&viewAll=department&page=,£2.00,£0.10/100ml,Any 2 for £3 Clubcard Price - Selected Carbonated Drinks 2 Litre,,/groceries/en-GB/products/254940419,https://digitalcontent.api.tesco.com/v2/media/ghs/d1a4ba80-63fd-4a94-877d-a9227c50b240/16ec7550-ecc6-465b-b9c0-fa1d60e242d2_1306274389.jpeg?h=225&w=225,
253127100,Fanta Fruit Twist 2 Ltrs,https://www.tesco.com/groceries/en-GB/shop/drinks/all?department=Fizzy%20%26%20Soft%20Drinks&viewAll=department&page=,£2.00,£0.10/100ml,Any 2 for £3 Clubcard Price - Selected Carbonated Drinks 2 Litre,,/groceries/en-GB/products/253127100,https://digitalcontent.api.tesco.com/v2/media/ghs/72160bd0-956b-40a8-8b01-87c73a027500/b4334f50-fb4c-4fd0-94d2-03c10cc2a762_410809775.jpeg?h=225&w=225,
252063090,Fanta Orange 2 Litre Bottle,https://www.tesco.com/groceries/en-GB/shop/drinks/all?department=Fizzy%20%26%20Soft%20Drinks&viewAll=department&page=,£2.00,£0.10/100ml,Any 2 for £3 Clubcard Price - Selected Carbonated Drinks 2 Litre,,/groceries/en-GB/products/252063090,https://digitalcontent.api.tesco.com/v2/media/ghs/2c458b56-01de-489b-a08d-e712f9d1e794/8ecf0ce1-1ead-4cfa-8c27-6a321fae4fdb_792611890.jpeg?h=225&w=225,
312850121,Ribena Sparkling Blackcurrant Zero Sugar 500Ml,https://www.tesco.com/groceries/en-GB/shop/drinks/all?department=Fizzy%20%26%20Soft%20Drinks&viewAll=department&page=,£1.45,£0.29/100ml,"£3.40 Meal Deal Clubcard Price £3.90 Meal Deal Regular Price - Selected Drink, Snack, Wrap, Sandwich, Roll, Pasty Or Salad",,/groceries/en-GB/products/312850121,https://digitalcontent.api.tesco.com/v2/media/ghs/001d367c-a80e-4993-8466-b9c1abb6ebbc/4e254c76-feb5-4ec4-9a77-8a60e7fb629f_1927627037.jpeg?h=225&w=225,
258519168,Old Jamaica Ginger Beer 330Ml,https://www.tesco.com/groceries/en-GB/shop/drinks/all?department=Fizzy%20%26%20Soft%20Drinks&viewAll=department&page=,£0.55,£0.17/100ml,,,/groceries/en-GB/products/258519168,https://digitalcontent.api.tesco.com/v2/media/ghs/dabfd24f-0bbe-49a0-970a-19cae4109287/eade92f9-b88c-44ec-8c8e-40adc015f89b_77124515.jpeg?h=225&w=225,
272043262,Tesco Lemon & Lime Zero 2L,https://www.tesco.com/groceries/en-GB/shop/drinks/all?department=Fizzy%20%26%20Soft%20Drinks&viewAll=department&page=,£0.80,£0.04/100ml,,,/groceries/en-GB/products/272043262,https://digitalcontent.api.tesco.com/v2/media/ghs/040ecf27-85e9-4c8d-92d8-4fb0fe6f30c6/ced26ca8-41b8-4074-95a4-18299d26c314_496375842.jpeg?h=225&w=225,
268029441,Tesco No Added Sugar Smooth Cream Soda 2L,https://www.tesco.com/groceries/en-GB/shop/drinks/all?department=Fizzy%20%26%20Soft%20Drinks&viewAll=department&page=,£0.80,£0.04/100ml,,,/groceries/en-GB/products/268029441,https://digitalcontent.api.tesco.com/v2/media/ghs/b8733451-b025-4eb3-a1f5-ddfdf960b0c5/97fd1b04-afae-48e4-a300-035a0f293d6f_765237152.jpeg?h=225&w=225,
250891080,Tesco No Added Sugar Fiery Ginger Beer 2L Bottle,https://www.tesco.com/groceries/en-GB/shop/drinks/all?department=Fizzy%20%26%20Soft%20Drinks&viewAll=department&page=,£0.80,£0.04/100ml,,,/groceries/en-GB/products/250891080,https://digitalcontent.api.tesco.com/v2/media/ghs/fb97bafe-4749-4062-826d-aae1b939d67e/c706ea9e-f74f-444a-a973-c08d7bb70118_2106214809.jpeg?h=225&w=225,
254857518,Tesco No Added Sugar Cloudy Lemonade 2L Bottle,https://www.tesco.com/groceries/en-GB/shop/drinks/all?department=Fizzy%20%26%20Soft%20Drinks&viewAll=department&page=,£0.80,£0.04/100ml,,,/groceries/en-GB/products/254857518,https://digitalcontent.api.tesco.com/v2/media/ghs/1faeaf2c-2ef7-4fc5-87c2-b43d5d03c73b/02c35fc8-f293-4534-a3c8-1bb7f2facad5_1223928140.jpeg?h=225&w=225,
275895734,Tesco Fizzio Zero 2 Litre,https://www.tesco.com/groceries/en-GB/shop/drinks/all?department=Fizzy%20%26%20Soft%20Drinks&viewAll=department&page=,£0.80,£0.04/100ml,,,/groceries/en-GB/products/275895734,https://digitalcontent.api.tesco.com/v2/media/ghs/20f1cf2a-ec6d-48af-9781-1b131594fdfd/61fa6337-d411-4401-8037-656577eaa7d2_1114645389.jpeg?h=225&w=225,
280364555,Tesco No Added Sugar Pink Lemonade 2L,https://www.tesco.com/groceries/en-GB/shop/drinks/all?department=Fizzy%20%26%20Soft%20Drinks&viewAll=department&page=,£0.80,£0.04/100ml,,,/groceries/en-GB/products/280364555,https://digitalcontent.api.tesco.com/v2/media/ghs/15113b35-e86d-4744-b930-6e55d5143647/d4202b01-d90b-4c7c-b651-df4f2682663b_869938755.jpeg?h=225&w=225,
281506894,Tesco Classic Diet Caffeine Free Cola 2 Litre,https://www.tesco.com/groceries/en-GB/shop/drinks/all?department=Fizzy%20%26%20Soft%20Drinks&viewAll=department&page=,£0.60,£0.03/100ml,,,/groceries/en-GB/products/281506894,https://digitalcontent.api.tesco.com/v2/media/ghs/bef72b6a-6e8d-45d1-ac99-7e2b664052af/4c3a3b60-f6a2-4228-9e9a-0b6b499646f0_434863919.jpeg?h=225&w=225,
275895642,Tesco Mango Zero 2 Litre,https://www.tesco.com/groceries/en-GB/shop/drinks/all?department=Fizzy%20%26%20Soft%20Drinks&viewAll=department&page=,£0.80,£0.04/100ml,,,/groceries/en-GB/products/275895642,https://digitalcontent.api.tesco.com/v2/media/ghs/e940facb-1920-4bd4-a5af-d36e2772fdc9/56967db9-8130-4c88-90a6-3bff7c8127aa_531557519.jpeg?h=225&w=225,
254551428,Tesco No Added Sugar Dandelion And Burdock 2L Bottle,https://www.tesco.com/groceries/en-GB/shop/drinks/all?department=Fizzy%20%26%20Soft%20Drinks&viewAll=department&page=,£0.80,£0.04/100ml,,,/groceries/en-GB/products/254551428,https://digitalcontent.api.tesco.com/v2/media/ghs/d8f6409e-b126-4073-a240-d9ae6b782f3a/ccc8a228-253f-4374-a618-13d3815c7f9e_1749017621.jpeg?h=225&w=225,
257730721,Tesco Cola 2L Bottle,https://www.tesco.com/groceries/en-GB/shop/drinks/all?department=Fizzy%20%26%20Soft%20Drinks&viewAll=department&page=,£0.60,£0.03/100ml,,,/groceries/en-GB/products/257730721,https://digitalcontent.api.tesco.com/v2/media/ghs/b48cc8e6-c749-48cb-94c6-3332abace39c/38199c98-f03f-43b8-9b53-4886c269c03b_929350479.jpeg?h=225&w=225,
258341546,Schweppes Lemonade 150Ml,https://www.tesco.com/groceries/en-GB/shop/drinks/all?department=Fizzy%20%26%20Soft%20Drinks&viewAll=department&page=,£0.55,£0.37/100ml,Any 5 for £2 Clubcard Price - Selected Drinks 150ml,,/groceries/en-GB/products/258341546,https://digitalcontent.api.tesco.com/v2/media/ghs/1580a268-8521-4202-9f16-b19660ffe391/0227c344-3d89-4271-a5ce-051d8554af1f_941355193.jpeg?h=225&w=225,
255457132,Pepsi Diet 24 X 330Ml,https://www.tesco.com/groceries/en-GB/shop/drinks/all?department=Fizzy%20%26%20Soft%20Drinks&viewAll=department&page=,£9.50,£0.12/100ml,£7.50 Clubcard Price,,/groceries/en-GB/products/255457132,https://digitalcontent.api.tesco.com/v2/media/ghs/e3c98da0-6e1d-40c2-b679-4c1cf13d99fa/17945068-6a89-4263-b751-9e54a94e34e1_1660991398.jpeg?h=225&w=225,
302280424,7Up Free 330Ml 24 Pack,https://www.tesco.com/groceries/en-GB/shop/drinks/all?department=Fizzy%20%26%20Soft%20Drinks&viewAll=department&page=,£8.50,£0.11/100ml,,,/groceries/en-GB/products/302280424,https://digitalcontent.api.tesco.com/v2/media/ghs/40d45bf8-f291-4be9-8c83-559a94d2f3d1/2f2b12e4-d956-48d0-98de-6d45da9bd7c0_721745244.jpeg?h=225&w=225,
305963735,Fanta Orange 18 X 330Ml,https://www.tesco.com/groceries/en-GB/shop/drinks/all?department=Fizzy%20%26%20Soft%20Drinks&viewAll=department&page=,£7.50,£0.13/100ml,,,/groceries/en-GB/products/305963735,https://digitalcontent.api.tesco.com/v2/media/ghs/a2aea189-c37f-45f2-9d10-7b4ae8871055/ad9c0426-25ae-40de-95b1-3cc73d67a54a_1974652928.jpeg?h=225&w=225,
307365530,Diet Coke Caffeine Free 24 X 330Ml,https://www.tesco.com/groceries/en-GB/shop/drinks/all?department=Fizzy%20%26%20Soft%20Drinks&viewAll=department&page=,£10.00,£0.13/100ml,,,/groceries/en-GB/products/307365530,https://digitalcontent.api.tesco.com/v2/media/ghs/1741dad9-c24a-48ad-a6eb-2a358b9d2311/1f7c56a1-72c5-4233-bcb6-dba90c3b96c7_231780133.jpeg?h=225&w=225,
305989906,Dr Pepper 18X330ml,https://www.tesco.com/groceries/en-GB/shop/drinks/all?department=Fizzy%20%26%20Soft%20Drinks&viewAll=department&page=,£7.50,£0.13/100ml,,,/groceries/en-GB/products/305989906,https://digitalcontent.api.tesco.com/v2/media/ghs/e6dc5e8a-65e2-4562-8842-084f8b8e3788/ff0dd8ea-8083-4027-ba27-7425b44cc08a_53783414.jpeg?h=225&w=225,
308081437,Pepsi Max No Caffeine Cola 8X330ml,https://www.tesco.com/groceries/en-GB/shop/drinks/all?department=Fizzy%20%26%20Soft%20Drinks&viewAll=department&page=,£4.00,£0.15/100ml,,,/groceries/en-GB/products/308081437,https://digitalcontent.api.tesco.com/v2/media/ghs/c3cf4596-7230-4aef-94ef-95ccd0d14ba8/d0b00c93-d9bc-460a-b628-c5e6fb48def3_970620485.jpeg?h=225&w=225,
298358126,J20 Orange & Passion Fruit 6 X 275Ml,https://www.tesco.com/groceries/en-GB/shop/drinks/all?department=Fizzy%20%26%20Soft%20Drinks&viewAll=department&page=,£6.25,£0.38/100ml,£4.00 Clubcard Price,,/groceries/en-GB/products/298358126,https://digitalcontent.api.tesco.com/v2/media/ghs/1c8656e5-d28a-4af2-8de5-ee60c0cffefe/684b0bab-3235-4df5-8d29-e66248c7e984_2114735617.jpeg?h=225&w=225,
280364970,Schweppes Lemonade 12X150ml,https://www.tesco.com/groceries/en-GB/shop/drinks/all?department=Fizzy%20%26%20Soft%20Drinks&viewAll=department&page=,£5.60,£0.31/100ml,£4.00 Clubcard Price,,/groceries/en-GB/products/280364970,https://digitalcontent.api.tesco.com/v2/media/ghs/c0e45126-57b6-496c-9b68-6c478586d014/a2b6d72a-0ec2-4247-9df9-8d94884e2a82_507319545.jpeg?h=225&w=225,
309185699,Pepsi Max Lime 2L,https://www.tesco.com/groceries/en-GB/shop/drinks/all?department=Fizzy%20%26%20Soft%20Drinks&viewAll=department&page=,£2.00,£0.10/100ml,Any 2 for £3.50 Clubcard Price - Selected Pepsi Max Or Pepsi Diet 2l ,,/groceries/en-GB/products/309185699,https://digitalcontent.api.tesco.com/v2/media/ghs/c01e98df-17aa-46e0-976a-0db343d74f64/d128d0b6-25cf-44eb-8d18-8ef12740981e_2098741623.jpeg?h=225&w=225,
310667324,San Pellegrino Sparkling Lemon Drink 6 X 330Ml,https://www.tesco.com/groceries/en-GB/shop/drinks/all?department=Fizzy%20%26%20Soft%20Drinks&viewAll=department&page=,£4.25,£0.22/100ml,£3.25 Clubcard Price,,/groceries/en-GB/products/310667324,https://digitalcontent.api.tesco.com/v2/media/ghs/978041c5-54e7-43a5-b9d4-dbdb450b462d/a4979401-aaf2-4017-9cc7-6b742184155e_1924863548.jpeg?h=225&w=225,
275522140,J20 Orange & Passion Fruit Cans 6 X 250Ml,https://www.tesco.com/groceries/en-GB/shop/drinks/all?department=Fizzy%20%26%20Soft%20Drinks&viewAll=department&page=,£3.50,£0.23/100ml,,,/groceries/en-GB/products/275522140,https://digitalcontent.api.tesco.com/v2/media/ghs/f995abb3-0e6b-4f8e-9326-91d4180f070a/c091e0c3-97bb-4154-b6e9-b1be18e61255_955046760.jpeg?h=225&w=225,
293995709,Irn Bru Xtra 8X330ml,https://www.tesco.com/groceries/en-GB/shop/drinks/all?department=Fizzy%20%26%20Soft%20Drinks&viewAll=department&page=,£3.00,£0.11/100ml,Any 2 for £5 Clubcard Price - Irn Bru Drink 8x330ml,,/groceries/en-GB/products/293995709,https://digitalcontent.api.tesco.com/v2/media/ghs/b150e3fa-0c34-4b5b-b8b2-33bb54c053c7/e756673b-978a-435f-be33-052274d919a7_1114600124.jpeg?h=225&w=225,
303904032,Pepsi Max Raspberry 2 Litres,https://www.tesco.com/groceries/en-GB/shop/drinks/all?department=Fizzy%20%26%20Soft%20Drinks&viewAll=department&page=,£2.00,£0.10/100ml,Any 2 for £3.50 Clubcard Price - Selected Pepsi Max Or Pepsi Diet 2l ,,/groceries/en-GB/products/303904032,https://digitalcontent.api.tesco.com/v2/media/ghs/cd66a0d1-99bc-45bc-805d-0a5deaf787e5/914a4697-3dc4-4948-b245-4a197c2d7b26_1567286813.jpeg?h=225&w=225,
257716382,Coca Cola 12 X 150Ml,https://www.tesco.com/groceries/en-GB/shop/drinks/all?department=Fizzy%20%26%20Soft%20Drinks&viewAll=department&page=,£6.10,£0.34/100ml,£4.50 Clubcard Price,,/groceries/en-GB/products/257716382,https://digitalcontent.api.tesco.com/v2/media/ghs/bbd8e8d2-7271-44c2-858a-1b1c8c4844bd/be290633-0024-41c9-9d57-5b8b351195e4_417957592.jpeg?h=225&w=225,
309190577,Coca Cola Zero Sugar Cherry 10X330ml,https://www.tesco.com/groceries/en-GB/shop/drinks/all?department=Fizzy%20%26%20Soft%20Drinks&viewAll=department&page=,£4.69,£0.14/100ml,Any 2 for £7 Clubcard Price - Selected Diet Coke Or Coca Cola 10x330ml,,/groceries/en-GB/products/309190577,https://digitalcontent.api.tesco.com/v2/media/ghs/2b5bb0e5-6c02-4954-8a15-db54943f47d4/27ec2ce8-4329-414f-943a-0c4722d9269a_860103551.jpeg?h=225&w=225,
303706606,Dr Pepper 8X330ml ..,https://www.tesco.com/groceries/en-GB/shop/drinks/all?department=Fizzy%20%26%20Soft%20Drinks&viewAll=department&page=,£3.49,£0.13/100ml,Aldi Price Match,,/groceries/en-GB/products/303706606,https://digitalcontent.api.tesco.com/v2/media/ghs/22ea0c51-e417-42bb-a2cf-415726065655/7176e448-08fe-45f2-9dd0-5604f1b9df79_991708734.jpeg?h=225&w=225,
253398763,Lipton Ice Tea Lemon Flavour 1.25L Bottle,https://www.tesco.com/groceries/en-GB/shop/drinks/all?department=Fizzy%20%26%20Soft%20Drinks&viewAll=department&page=,£1.80,£0.14/100ml,,,/groceries/en-GB/products/253398763,https://digitalcontent.api.tesco.com/v2/media/ghs/8d52b9fa-edab-4480-950a-3865d0eae021/06581bbf-8f29-41be-a991-4fdc08734207_1566763107.jpeg?h=225&w=225,
252047812,Coca Cola 1.25 Litre,https://www.tesco.com/groceries/en-GB/shop/drinks/all?department=Fizzy%20%26%20Soft%20Drinks&viewAll=department&page=,£2.00,£0.16/100ml,,,/groceries/en-GB/products/252047812,https://digitalcontent.api.tesco.com/v2/media/ghs/a4aa13cb-c13c-44eb-9818-eb51e417d743/05ad6577-8344-4b11-a248-2b9141886161_1284127892.jpeg?h=225&w=225,
308082845,Tango Dark Berry Sugar Free 6X330ml,https://www.tesco.com/groceries/en-GB/shop/drinks/all?department=Fizzy%20%26%20Soft%20Drinks&viewAll=department&page=,£2.50,£0.13/100ml,,,/groceries/en-GB/products/308082845,https://digitalcontent.api.tesco.com/v2/media/ghs/61244d83-d260-4d96-96ee-056405d357b8/4fd2eca1-c93e-48c9-a022-dc9201ab8a36_1732572538.jpeg?h=225&w=225,
261425645,Coke Zero 1.25Ltr,https://www.tesco.com/groceries/en-GB/shop/drinks/all?department=Fizzy%20%26%20Soft%20Drinks&viewAll=department&page=,£1.60,£0.13/100ml,,,/groceries/en-GB/products/261425645,https://digitalcontent.api.tesco.com/v2/media/ghs/54c2f8f5-a22d-456b-a33c-acddc6649568/d0cdc710-7bac-4f4a-82e8-ed799cb07995_841036265.jpeg?h=225&w=225,
310132807,Vimto Zero Carbonated Fruit Juice 6X330ml,https://www.tesco.com/groceries/en-GB/shop/drinks/all?department=Fizzy%20%26%20Soft%20Drinks&viewAll=department&page=,£2.50,£0.13/100ml,,,/groceries/en-GB/products/310132807,https://digitalcontent.api.tesco.com/v2/media/ghs/b8856f86-e3e9-409e-a0fd-b0b9d1089a52/8ecaf1da-3766-4054-94f5-c2d59bcedc16_322021964.jpeg?h=225&w=225,
301400602,Tesco Diet Cola 12X330ml,https://www.tesco.com/groceries/en-GB/shop/drinks/all?department=Fizzy%20%26%20Soft%20Drinks&viewAll=department&page=,£2.90,£0.07/100ml,,,/groceries/en-GB/products/301400602,https://digitalcontent.api.tesco.com/v2/media/ghs/8e7e57a6-a77b-4403-a2bb-ba8e7f3bda62/f8bfe3d1-7a46-439f-be57-35399f0be7a8_1889949250.jpeg?h=225&w=225,
266829309,Pepsi Regular 8X330ml,https://www.tesco.com/groceries/en-GB/shop/drinks/all?department=Fizzy%20%26%20Soft%20Drinks&viewAll=department&page=,£4.25,£0.16/100ml,,,/groceries/en-GB/products/266829309,https://digitalcontent.api.tesco.com/v2/media/ghs/6084eb6d-fbe2-424e-84cc-41159d5413ee/23aeefd5-a0d7-4b3f-a14e-a5fe48328a40_961400010.jpeg?h=225&w=225,
256942268,Oasis Summer Fruits 500Ml,https://www.tesco.com/groceries/en-GB/shop/drinks/all?department=Fizzy%20%26%20Soft%20Drinks&viewAll=department&page=,£1.55,£0.31/100ml,"£3.40 Meal Deal Clubcard Price £3.90 Meal Deal Regular Price - Selected Drink, Snack, Wrap, Sandwich, Roll, Pasty Or Salad",,/groceries/en-GB/products/256942268,https://digitalcontent.api.tesco.com/v2/media/ghs/760c247e-5fbe-4b5b-b16d-e06fb70022c9/17ce2089-9a80-49d0-8c86-3f75e55e342a_1722806722.jpeg?h=225&w=225,
293995681,Irn Bru Xtra 2Ltr,https://www.tesco.com/groceries/en-GB/shop/drinks/all?department=Fizzy%20%26%20Soft%20Drinks&viewAll=department&page=,£1.50,£0.08/100ml,Aldi Price Match,,/groceries/en-GB/products/293995681,https://digitalcontent.api.tesco.com/v2/media/ghs/89394a95-b814-4a0a-ab69-ba635cd017c0/6c79faa2-d934-42c5-a0bc-c3920c304e34_1018909838.jpeg?h=225&w=225,
254857870,Tango Orange Drink 2 Litre Bottle,https://www.tesco.com/groceries/en-GB/shop/drinks/all?department=Fizzy%20%26%20Soft%20Drinks&viewAll=department&page=,£1.30,£0.06/100ml,,,/groceries/en-GB/products/254857870,https://digitalcontent.api.tesco.com/v2/media/ghs/99827085-d90a-4970-abe9-3feba7661aab/94a993f0-b6ac-46a9-82b6-a647fc8bcbc8_1168635555.jpeg?h=225&w=225,
252065387,Fanta Lemon 2 Litre,https://www.tesco.com/groceries/en-GB/shop/drinks/all?department=Fizzy%20%26%20Soft%20Drinks&viewAll=department&page=,£2.00,£0.10/100ml,Any 2 for £3 Clubcard Price - Selected Carbonated Drinks 2 Litre,,/groceries/en-GB/products/252065387,https://digitalcontent.api.tesco.com/v2/media/ghs/3ddbe322-a72d-4c66-b080-a0b10f514f7e/c49c8fc2-f53a-4841-9f2e-f83a1691ce77_520930162.jpeg?h=225&w=225,
311271675,Tango Apple Sugar Free Soft Drink 2 Litres,https://www.tesco.com/groceries/en-GB/shop/drinks/all?department=Fizzy%20%26%20Soft%20Drinks&viewAll=department&page=,£1.30,£0.06/100ml,,,/groceries/en-GB/products/311271675,https://digitalcontent.api.tesco.com/v2/media/ghs/bfe6ea98-b214-4bef-a4c6-4aea7081606f/bd455d88-8d01-40cd-a9fe-1db95d5e0630_627747319.jpeg?h=225&w=225,
254857829,Barr Irn Bru 2 Litre Bottle,https://www.tesco.com/groceries/en-GB/shop/drinks/all?department=Fizzy%20%26%20Soft%20Drinks&viewAll=department&page=,£1.50,£0.08/100ml,Aldi Price Match,,/groceries/en-GB/products/254857829,https://digitalcontent.api.tesco.com/v2/media/ghs/bc49faf4-9bfb-4ef0-b34f-dafad54c659a/d8c4eb38-2472-455f-a881-3e66c22eead5_562969802.jpeg?h=225&w=225,
252047858,Diet Coca Cola 1.25 Litres,https://www.tesco.com/groceries/en-GB/shop/drinks/all?department=Fizzy%20%26%20Soft%20Drinks&viewAll=department&page=,£1.60,£0.13/100ml,,,/groceries/en-GB/products/252047858,https://digitalcontent.api.tesco.com/v2/media/ghs/89cf8632-7bad-4a0a-a605-a10b0a2c8139/5bab3b14-4532-48be-97fd-05efe7a5465a_448988890.jpeg?h=225&w=225,
258458339,Diet Coke 500Ml,https://www.tesco.com/groceries/en-GB/shop/drinks/all?department=Fizzy%20%26%20Soft%20Drinks&viewAll=department&page=,£1.59,£0.32/100ml,"£3.40 Meal Deal Clubcard Price £3.90 Meal Deal Regular Price - Selected Drink, Snack, Wrap, Sandwich, Roll, Pasty Or Salad",,/groceries/en-GB/products/258458339,https://digitalcontent.api.tesco.com/v2/media/ghs/7eafb1f3-9b53-4b3e-a2ac-acf7e39397e1/9946d3f5-9f25-47d7-aa8f-acf321e6cc46_1628262307.jpeg?h=225&w=225,
258458190,Coca Cola Regular 500Ml,https://www.tesco.com/groceries/en-GB/shop/drinks/all?department=Fizzy%20%26%20Soft%20Drinks&viewAll=department&page=,£1.75,£0.35/100ml,"£3.40 Meal Deal Clubcard Price £3.90 Meal Deal Regular Price - Selected Drink, Snack, Wrap, Sandwich, Roll, Pasty Or Salad",,/groceries/en-GB/products/258458190,https://digitalcontent.api.tesco.com/v2/media/ghs/e88d822b-180f-49c3-b4a5-1695e71ad263/f83a659b-8b3f-44b7-a509-ffb114b246f2_300777326.jpeg?h=225&w=225,
258062692,Diet Coke 150Ml,https://www.tesco.com/groceries/en-GB/shop/drinks/all?department=Fizzy%20%26%20Soft%20Drinks&viewAll=department&page=,£0.55,£0.37/100ml,Any 5 for £2 Clubcard Price - Selected Drinks 150ml,,/groceries/en-GB/products/258062692,https://digitalcontent.api.tesco.com/v2/media/ghs/27bfc744-f0e9-4bc2-a56d-080dfeba376b/5f304a1c-795f-45cd-8374-098f73600e35_2124487542.jpeg?h=225&w=225,
298163391,Coca Cola Zero Sugar 150Ml,https://www.tesco.com/groceries/en-GB/shop/drinks/all?department=Fizzy%20%26%20Soft%20Drinks&viewAll=department&page=,£0.55,£0.37/100ml,Any 5 for £2 Clubcard Price - Selected Drinks 150ml,,/groceries/en-GB/products/298163391,https://digitalcontent.api.tesco.com/v2/media/ghs/65b8d712-e814-425c-9658-fe9d551b168c/23bc76c7-79f5-45b8-b494-30280099ac08_977054335.jpeg?h=225&w=225,
286116253,Fanta Orange Can 150Ml,https://www.tesco.com/groceries/en-GB/shop/drinks/all?department=Fizzy%20%26%20Soft%20Drinks&viewAll=department&page=,£0.55,£0.37/100ml,Any 5 for £2 Clubcard Price - Selected Drinks 150ml,,/groceries/en-GB/products/286116253,https://digitalcontent.api.tesco.com/v2/media/ghs/6345aae7-b15f-4045-8729-6dae3c47ac2c/9cc67191-e231-488f-88fd-95525f5ed30b_180846921.jpeg?h=225&w=225,
253422159,Sprite Can 150Ml,https://www.tesco.com/groceries/en-GB/shop/drinks/all?department=Fizzy%20%26%20Soft%20Drinks&viewAll=department&page=,£0.55,£0.37/100ml,Any 5 for £2 Clubcard Price - Selected Drinks 150ml,,/groceries/en-GB/products/253422159,https://digitalcontent.api.tesco.com/v2/media/ghs/2583ee99-a143-405b-a0b0-b8248877bb6b/d28c6389-b7fa-42a5-bfdc-0bbe25df2ef6_778770028.jpeg?h=225&w=225,
255000189,Sprite Regular 2 Litre Bottle,https://www.tesco.com/groceries/en-GB/shop/drinks/all?department=Fizzy%20%26%20Soft%20Drinks&viewAll=department&page=,£1.25,£0.06/100ml,,,/groceries/en-GB/products/255000189,https://digitalcontent.api.tesco.com/v2/media/ghs/20886893-9657-4631-aaab-ddb8f46edecf/974af318-c178-4b91-b883-3a2873b79389_1965462103.jpeg?h=225&w=225,
282774867,Pepsi Regular 24 X 330Ml,https://www.tesco.com/groceries/en-GB/shop/drinks/all?department=Fizzy%20%26%20Soft%20Drinks&viewAll=department&page=,£11.30,£0.14/100ml,,,/groceries/en-GB/products/282774867,https://digitalcontent.api.tesco.com/v2/media/ghs/b6ffff6a-192e-45c8-9003-7733ecc3b0c3/5bfdbcfd-d32a-441a-9436-af83992b8646_2137537991.jpeg?h=225&w=225,
298358063,J20 Apple & Raspberry 275Ml X 6,https://www.tesco.com/groceries/en-GB/shop/drinks/all?department=Fizzy%20%26%20Soft%20Drinks&viewAll=department&page=,£6.25,£0.38/100ml,£4.00 Clubcard Price,,/groceries/en-GB/products/298358063,https://digitalcontent.api.tesco.com/v2/media/ghs/c48c2b74-48de-48c1-8d7d-a27d5d69c5c7/21b2b3ba-29f7-4ae3-9fcb-bb211fca2dd3_1272809378.jpeg?h=225&w=225,
303706629,Fanta Fruit Twist Zero 8X330ml,https://www.tesco.com/groceries/en-GB/shop/drinks/all?department=Fizzy%20%26%20Soft%20Drinks&viewAll=department&page=,£3.49,£0.13/100ml,,,/groceries/en-GB/products/303706629,https://digitalcontent.api.tesco.com/v2/media/ghs/177d25aa-7d01-41eb-bf8f-b3ef62182e99/34f5c144-f275-4863-b490-e2ee7f35f635_779275128.jpeg?h=225&w=225,
307343683,Diet Coke Caffeine Free 10 X 330Ml,https://www.tesco.com/groceries/en-GB/shop/drinks/all?department=Fizzy%20%26%20Soft%20Drinks&viewAll=department&page=,£4.69,£0.14/100ml,,,/groceries/en-GB/products/307343683,https://digitalcontent.api.tesco.com/v2/media/ghs/1e7fbcf4-631e-40e2-870d-dc7727a00784/6d6a9db9-833b-45c9-98c6-f6d93c04ed41_1207365272.jpeg?h=225&w=225,
266829079,Pepsi Diet 8X330 Ml,https://www.tesco.com/groceries/en-GB/shop/drinks/all?department=Fizzy%20%26%20Soft%20Drinks&viewAll=department&page=,£4.00,£0.15/100ml,,,/groceries/en-GB/products/266829079,https://digitalcontent.api.tesco.com/v2/media/ghs/1eb3ac5d-69af-48b0-a2f3-de53167827ec/a0fd0a83-e67e-4508-aee2-00af86bd36d8_1824183803.jpeg?h=225&w=225,
310666930,San Pellegrino Sparkling Orange Drink 6 X 330Ml,https://www.tesco.com/groceries/en-GB/shop/drinks/all?department=Fizzy%20%26%20Soft%20Drinks&viewAll=department&page=,£4.25,£0.22/100ml,£3.25 Clubcard Price,,/groceries/en-GB/products/310666930,https://digitalcontent.api.tesco.com/v2/media/ghs/620aa384-33ef-490f-ac70-0b6993ce9738/b2b80fab-0fcd-4dc6-aa09-bbf28e13c432_1153939013.jpeg?h=225&w=225,
291334217,Sprite 8X 330Ml,https://www.tesco.com/groceries/en-GB/shop/drinks/all?department=Fizzy%20%26%20Soft%20Drinks&viewAll=department&page=,£2.99,£0.11/100ml,Aldi Price Match,,/groceries/en-GB/products/291334217,https://digitalcontent.api.tesco.com/v2/media/ghs/508cc3fe-a5ff-4a8c-a506-b1da10c32729/ba23c949-48f6-4607-ad59-bb896252a8ee_458393013.jpeg?h=225&w=225,
275522226,J20 Apple & Raspberry Cans 6 X 250Ml,https://www.tesco.com/groceries/en-GB/shop/drinks/all?department=Fizzy%20%26%20Soft%20Drinks&viewAll=department&page=,£3.50,£0.23/100ml,,,/groceries/en-GB/products/275522226,https://digitalcontent.api.tesco.com/v2/media/ghs/41f65844-97cf-4414-be48-56725cd0e51a/ea219817-cbf1-4808-a541-fc217a61716f_1243663607.jpeg?h=225&w=225,
272639024,Barr Irn-Bru Soft Drink 8 X 330Ml,https://www.tesco.com/groceries/en-GB/shop/drinks/all?department=Fizzy%20%26%20Soft%20Drinks&viewAll=department&page=,£3.00,£0.11/100ml,Any 2 for £5 Clubcard Price - Irn Bru Drink 8x330ml,,/groceries/en-GB/products/272639024,https://digitalcontent.api.tesco.com/v2/media/ghs/cd72897b-dc12-43da-8dbf-da6168f20fe2/1bed76c8-5a43-444d-9c25-67e1eaf066b6_66946078.jpeg?h=225&w=225,
257716514,Diet Coke 12 X 150Ml,https://www.tesco.com/groceries/en-GB/shop/drinks/all?department=Fizzy%20%26%20Soft%20Drinks&viewAll=department&page=,£5.60,£0.31/100ml,£4.00 Clubcard Price,,/groceries/en-GB/products/257716514,https://digitalcontent.api.tesco.com/v2/media/ghs/f1ee1ced-dd51-443a-a780-b5141c6c2181/8d4c9d81-1a30-4a3a-ad49-f51c53d4eef3_962817347.jpeg?h=225&w=225,
291334380,Fanta Orange 8X 330Ml,https://www.tesco.com/groceries/en-GB/shop/drinks/all?department=Fizzy%20%26%20Soft%20Drinks&viewAll=department&page=,£3.49,£0.13/100ml,Aldi Price Match,,/groceries/en-GB/products/291334380,https://digitalcontent.api.tesco.com/v2/media/ghs/d4277b2e-cac6-47ba-8b1c-c66c89eff1fb/328c732f-6d56-4147-accf-840defd819df_1635946769.jpeg?h=225&w=225,
282822342,Coca-Cola Coke Cherry 1.75L,https://www.tesco.com/groceries/en-GB/shop/drinks/all?department=Fizzy%20%26%20Soft%20Drinks&viewAll=department&page=,£2.25,£0.13/100ml,,,/groceries/en-GB/products/282822342,https://digitalcontent.api.tesco.com/v2/media/ghs/1e331eab-944c-44ad-bb8b-1645d4061a0e/11e5e964-a8b2-43ad-acc2-f56a82b828ba_107527160.jpeg?h=225&w=225,
301400648,Tesco Classic Cola 12X330ml,https://www.tesco.com/groceries/en-GB/shop/drinks/all?department=Fizzy%20%26%20Soft%20Drinks&viewAll=department&page=,£2.90,£0.07/100ml,,,/groceries/en-GB/products/301400648,https://digitalcontent.api.tesco.com/v2/media/ghs/f7ca1d9d-2447-4af4-93c1-36344211033c/7dfd4087-1ce0-4ffb-a347-a2dc6de65459_1077585332.jpeg?h=225&w=225,
254857962,Sparkling Vimto 2 Litre Bottle,https://www.tesco.com/groceries/en-GB/shop/drinks/all?department=Fizzy%20%26%20Soft%20Drinks&viewAll=department&page=,£1.50,£0.08/100ml,£1.25 Clubcard Price,,/groceries/en-GB/products/254857962,https://digitalcontent.api.tesco.com/v2/media/ghs/73a11461-0f52-47c1-85e8-1fce41be4a16/55d37c14-9f9f-4222-a0a5-128a63d3c711_813063699.jpeg?h=225&w=225,
256867175,Dr Pepper 500Ml,https://www.tesco.com/groceries/en-GB/shop/drinks/all?department=Fizzy%20%26%20Soft%20Drinks&viewAll=department&page=,£1.60,£0.32/100ml,"£3.40 Meal Deal Clubcard Price £3.90 Meal Deal Regular Price - Selected Drink, Snack, Wrap, Sandwich, Roll, Pasty Or Salad",,/groceries/en-GB/products/256867175,https://digitalcontent.api.tesco.com/v2/media/ghs/d5db612b-46fe-4a74-a778-15908734d367/487287c2-4371-4057-9448-3972207798b1_1525494245.jpeg?h=225&w=225,
303836819,Pepsi Max Cherry 1.25L Bottle,https://www.tesco.com/groceries/en-GB/shop/drinks/all?department=Fizzy%20%26%20Soft%20Drinks&viewAll=department&page=,£1.50,£0.12/100ml,,,/groceries/en-GB/products/303836819,https://digitalcontent.api.tesco.com/v2/media/ghs/2fd4826b-a326-4909-a42b-ceb48dbd95ab/6fb9465d-f62a-4e51-a2b8-74135888442e_40351366.jpeg?h=225&w=225,
251496258,Pepsi Max Slam Bottle,https://www.tesco.com/groceries/en-GB/shop/drinks/all?department=Fizzy%20%26%20Soft%20Drinks&viewAll=department&page=,£1.45,£0.29/100ml,"£3.40 Meal Deal Clubcard Price £3.90 Meal Deal Regular Price - Selected Drink, Snack, Wrap, Sandwich, Roll, Pasty Or Salad",,/groceries/en-GB/products/251496258,https://digitalcontent.api.tesco.com/v2/media/ghs/7b0c9281-f3f6-41ce-b0d0-513ffce737cf/2afe0f1d-786e-4520-8d7a-b608ec7f92c8_80708364.jpeg?h=225&w=225,
310696600,Tango Sugar Free Berry Peachy 2L,https://www.tesco.com/groceries/en-GB/shop/drinks/all?department=Fizzy%20%26%20Soft%20Drinks&viewAll=department&page=,£1.30,£0.06/100ml,,,/groceries/en-GB/products/310696600,https://digitalcontent.api.tesco.com/v2/media/ghs/d7fb0580-62a3-48c4-a4e7-903b9a9675a9/fd711ad4-68f9-4cf9-a435-7e4e3522a3c2_165792692.jpeg?h=225&w=225,
308091598,Tango Sugar Free Dark Berry Soft Drink 2 Litre,https://www.tesco.com/groceries/en-GB/shop/drinks/all?department=Fizzy%20%26%20Soft%20Drinks&viewAll=department&page=,£1.30,£0.06/100ml,,,/groceries/en-GB/products/308091598,https://digitalcontent.api.tesco.com/v2/media/ghs/27f31970-c6d9-4989-a0a2-ea0dcace122e/28c45f95-b3ef-4576-8ec1-48832193f02a_3958837.jpeg?h=225&w=225,
254866507,Rubicon Sparkling Mango Juice Drink 330Ml,https://www.tesco.com/groceries/en-GB/shop/drinks/all?department=Fizzy%20%26%20Soft%20Drinks&viewAll=department&page=,£0.50,£0.15/100ml,,,/groceries/en-GB/products/254866507,https://digitalcontent.api.tesco.com/v2/media/ghs/b6aed83f-9aa0-4fd4-baf5-76699efef164/9e7577da-2d3d-45ec-ad0d-70df00367d8e_1811257946.jpeg?h=225&w=225,
258062628,Coca Cola Regular 150Ml,https://www.tesco.com/groceries/en-GB/shop/drinks/all?department=Fizzy%20%26%20Soft%20Drinks&viewAll=department&page=,£0.55,£0.37/100ml,,,/groceries/en-GB/products/258062628,https://digitalcontent.api.tesco.com/v2/media/ghs/223d9062-2ee8-4256-8175-d76bb580d76a/5a4f0630-a860-4560-9726-85df5a3d87ef_866188793.jpeg?h=225&w=225,
253421978,Dr Pepper Can 150 Ml,https://www.tesco.com/groceries/en-GB/shop/drinks/all?department=Fizzy%20%26%20Soft%20Drinks&viewAll=department&page=,£0.55,£0.37/100ml,Any 5 for £2 Clubcard Price - Selected Drinks 150ml,,/groceries/en-GB/products/253421978,https://digitalcontent.api.tesco.com/v2/media/ghs/f5a7a434-d21d-482b-9dfd-7b290a338bca/b613144f-75ee-4888-a64b-8286904aeb9a_1395827524.jpeg?h=225&w=225,
254858097,Lilt 2 Litre Bottle,https://www.tesco.com/groceries/en-GB/shop/drinks/all?department=Fizzy%20%26%20Soft%20Drinks&viewAll=department&page=,£1.25,£0.06/100ml,,,/groceries/en-GB/products/254858097,https://digitalcontent.api.tesco.com/v2/media/ghs/8581a9e7-859b-41e3-952e-1882023916b9/341ca994-d901-4bd2-9e50-69caf317225c_1915044673.jpeg?h=225&w=225,
308090039,R.Whites Premium Lemonade 24 X 330Ml,https://www.tesco.com/groceries/en-GB/shop/drinks/all?department=Fizzy%20%26%20Soft%20Drinks&viewAll=department&page=,£8.00,£0.10/100ml,,,/groceries/en-GB/products/308090039,https://digitalcontent.api.tesco.com/v2/media/ghs/fc44ec72-93e8-4613-91f6-40457a0ac6a7/e29b9ef7-8bb1-4e3f-91e0-a874bd4cc37b_450343929.jpeg?h=225&w=225,
309186669,Pepsi Max Lime Cola 24X330ml,https://www.tesco.com/groceries/en-GB/shop/drinks/all?department=Fizzy%20%26%20Soft%20Drinks&viewAll=department&page=,£9.50,£0.12/100ml,£7.50 Clubcard Price,,/groceries/en-GB/products/309186669,https://digitalcontent.api.tesco.com/v2/media/ghs/39d395d9-acf3-432e-9576-e867f4c5cbb2/a6d938dc-28dd-4d13-8703-0d68033f68d5_1956726742.jpeg?h=225&w=225,
313007819,Tango Apple Sugar Free 24 X 330Ml,https://www.tesco.com/groceries/en-GB/shop/drinks/all?department=Fizzy%20%26%20Soft%20Drinks&viewAll=department&page=,£8.50,£0.11/100ml,,,/groceries/en-GB/products/313007819,https://digitalcontent.api.tesco.com/v2/media/ghs/60a7def8-1e9b-4e3b-b171-b9c10635683b/5b24e279-4e4e-460c-872f-60af8637372b_1291141333.jpeg?h=225&w=225,
298358086,J20 Glitterberry 6X275ml,https://www.tesco.com/groceries/en-GB/shop/drinks/all?department=Fizzy%20%26%20Soft%20Drinks&viewAll=department&page=,£6.25,£0.38/100ml,£4.00 Clubcard Price,,/groceries/en-GB/products/298358086,https://digitalcontent.api.tesco.com/v2/media/ghs/d49af9a9-a1bf-4f60-87ea-e73d7d3d096f/1f491586-545e-4f6c-bee7-b25cd1dbab0e_2082619716.jpeg?h=225&w=225,
303880686,Pepsi Max Raspberry 330Ml 8Pk,https://www.tesco.com/groceries/en-GB/shop/drinks/all?department=Fizzy%20%26%20Soft%20Drinks&viewAll=department&page=,£4.00,£0.15/100ml,,,/groceries/en-GB/products/303880686,https://digitalcontent.api.tesco.com/v2/media/ghs/fb6430fa-79d5-4a98-a35c-c7fe1a3bcebf/7945a836-3d42-4052-aa3f-465fee2e80ee_407331159.jpeg?h=225&w=225,
305975525,Tango Orange Original 24 X 330Ml,https://www.tesco.com/groceries/en-GB/shop/drinks/all?department=Fizzy%20%26%20Soft%20Drinks&viewAll=department&page=,£8.50,£0.11/100ml,,,/groceries/en-GB/products/305975525,https://digitalcontent.api.tesco.com/v2/media/ghs/c409b292-83a3-43f5-80e0-da7f79ebf3b8/4a9816ed-f11c-445d-87d6-83a4bd1a4be1_1964778196.jpeg?h=225&w=225,
298358149,J20 Apple & Mango 6X275ml,https://www.tesco.com/groceries/en-GB/shop/drinks/all?department=Fizzy%20%26%20Soft%20Drinks&viewAll=department&page=,£6.25,£0.38/100ml,£4.00 Clubcard Price,,/groceries/en-GB/products/298358149,https://digitalcontent.api.tesco.com/v2/media/ghs/1d25770e-87e8-4fe3-b6a2-ccb4cba864ba/38111d3f-f6cb-4c55-b6ac-ffce4eddf81b_241253921.jpeg?h=225&w=225,
309195474,Pepsi Max Lime Cola 8X330ml,https://www.tesco.com/groceries/en-GB/shop/drinks/all?department=Fizzy%20%26%20Soft%20Drinks&viewAll=department&page=,£4.00,£0.15/100ml,,,/groceries/en-GB/products/309195474,https://digitalcontent.api.tesco.com/v2/media/ghs/2605437b-fe35-421b-bbbf-eb2d2f5be7b6/40add0cd-991a-46ab-bb41-1d4768d78eea_1984135705.jpeg?h=225&w=225,
299913891,Fever Tree Light Sicilian Lemonade 500Ml,https://www.tesco.com/groceries/en-GB/shop/drinks/all?department=Fizzy%20%26%20Soft%20Drinks&viewAll=department&page=,£1.95,£0.39/100ml,,,/groceries/en-GB/products/299913891,https://digitalcontent.api.tesco.com/v2/media/ghs/fbb18341-28a3-4af3-919a-86122cb7da6e/a7a54fcf-6eb2-47d4-8325-0258eeb06359_836339962.jpeg?h=225&w=225,
280878448,Coca Cola Zero Cherry 2Ltr,https://www.tesco.com/groceries/en-GB/shop/drinks/all?department=Fizzy%20%26%20Soft%20Drinks&viewAll=department&page=,£1.99,£0.10/100ml,,,/groceries/en-GB/products/280878448,https://digitalcontent.api.tesco.com/v2/media/ghs/ccb23035-cb58-4dd9-bf03-a2b91dccdbdd/eb95e342-19fa-4391-85e7-4a65cb38a85e_1066414614.jpeg?h=225&w=225,
256942988,Oasis Citrus Punch 500Ml (N),https://www.tesco.com/groceries/en-GB/shop/drinks/all?department=Fizzy%20%26%20Soft%20Drinks&viewAll=department&page=,£1.55,£0.31/100ml,"£3.40 Meal Deal Clubcard Price £3.90 Meal Deal Regular Price - Selected Drink, Snack, Wrap, Sandwich, Roll, Pasty Or Salad",,/groceries/en-GB/products/256942988,https://digitalcontent.api.tesco.com/v2/media/ghs/38404e87-5b85-4708-892e-daa06d84e010/566e6bb6-71c9-4958-998f-3ef6ea87b54d_979477722.jpeg?h=225&w=225,
305944931,Coca Cola Zero Sugar Vanilla 2L,https://www.tesco.com/groceries/en-GB/shop/drinks/all?department=Fizzy%20%26%20Soft%20Drinks&viewAll=department&page=,£1.99,£0.10/100ml,,,/groceries/en-GB/products/305944931,https://digitalcontent.api.tesco.com/v2/media/ghs/38527c18-8807-437f-a512-0ac8e69a1e7e/40c2d6ef-96be-4104-94ae-5ad84f85c493_1520188991.jpeg?h=225&w=225,
255658833,Ribena Blackcurrant Bottle 500Ml,https://www.tesco.com/groceries/en-GB/shop/drinks/all?department=Fizzy%20%26%20Soft%20Drinks&viewAll=department&page=,£1.45,£0.29/100ml,"£3.40 Meal Deal Clubcard Price £3.90 Meal Deal Regular Price - Selected Drink, Snack, Wrap, Sandwich, Roll, Pasty Or Salad",,/groceries/en-GB/products/255658833,https://digitalcontent.api.tesco.com/v2/media/ghs/81ff3970-c3ee-4c69-8f47-06b5d1a42739/e5409fe0-eb3d-4b98-b54e-468277dc3326_1324717598.jpeg?h=225&w=225,
257000589,Oasis Summer Fruit 1.5Ltr (N),https://www.tesco.com/groceries/en-GB/shop/drinks/all?department=Fizzy%20%26%20Soft%20Drinks&viewAll=department&page=,,,,,/groceries/en-GB/products/257000589,https://digitalcontent.api.tesco.com/v2/media/ghs/eb0dd590-6afe-42b5-9d2b-182acae88553/210119ec-53d6-4ca5-a749-428044bba623_1324571295.jpeg?h=225&w=225,This product's currently out of stock
252061921,Fanta Orange 500Ml,https://www.tesco.com/groceries/en-GB/shop/drinks/all?department=Fizzy%20%26%20Soft%20Drinks&viewAll=department&page=,£1.60,£0.32/100ml,"£3.40 Meal Deal Clubcard Price £3.90 Meal Deal Regular Price - Selected Drink, Snack, Wrap, Sandwich, Roll, Pasty Or Salad",,/groceries/en-GB/products/252061921,https://digitalcontent.api.tesco.com/v2/media/ghs/427ad7f1-c707-456b-a0c4-3541d073f245/a2382ad0-c839-469d-852b-18c15dff2958_139433076.jpeg?h=225&w=225,
251516616,7 Up Free 500Ml,https://www.tesco.com/groceries/en-GB/shop/drinks/all?department=Fizzy%20%26%20Soft%20Drinks&viewAll=department&page=,£1.45,£0.29/100ml,"£3.40 Meal Deal Clubcard Price £3.90 Meal Deal Regular Price - Selected Drink, Snack, Wrap, Sandwich, Roll, Pasty Or Salad",,/groceries/en-GB/products/251516616,https://digitalcontent.api.tesco.com/v2/media/ghs/c3d6ce75-86ad-4476-bde2-63771e228414/96a082f5-2160-4f3c-928e-e2e2707a8d6f_195609228.jpeg?h=225&w=225,
265633012,Lipton Ice Tea Peach 500Ml,https://www.tesco.com/groceries/en-GB/shop/drinks/all?department=Fizzy%20%26%20Soft%20Drinks&viewAll=department&page=,£1.45,£0.29/100ml,"£3.40 Meal Deal Clubcard Price £3.90 Meal Deal Regular Price - Selected Drink, Snack, Wrap, Sandwich, Roll, Pasty Or Salad",,/groceries/en-GB/products/265633012,https://digitalcontent.api.tesco.com/v2/media/ghs/f3925e65-6a84-4e76-bafa-4894ef48da02/584dd56d-3c10-40ef-8547-6c1b07b59e78_1199836736.jpeg?h=225&w=225,
256538277,Ribena Blackcurrant Really Light 500Ml Bottle,https://www.tesco.com/groceries/en-GB/shop/drinks/all?department=Fizzy%20%26%20Soft%20Drinks&viewAll=department&page=,£1.45,£0.29/100ml,"£3.40 Meal Deal Clubcard Price £3.90 Meal Deal Regular Price - Selected Drink, Snack, Wrap, Sandwich, Roll, Pasty Or Salad",,/groceries/en-GB/products/256538277,https://digitalcontent.api.tesco.com/v2/media/ghs/683cd27c-640b-48f6-a41c-09c1d7b2425a/ea928b86-a618-4fc9-9775-7b9bd46a8a5e_1426687764.jpeg?h=225&w=225,
310105593,Fanta Zero Sugar Strawberry & Kiwi Drink 2L,https://www.tesco.com/groceries/en-GB/shop/drinks/all?department=Fizzy%20%26%20Soft%20Drinks&viewAll=department&page=,£2.00,£0.10/100ml,Any 2 for £3 Clubcard Price - Selected Carbonated Drinks 2 Litre,,/groceries/en-GB/products/310105593,https://digitalcontent.api.tesco.com/v2/media/ghs/74e0bc51-1b87-44a4-a6ad-21faf9569566/807acd0c-3fff-4a49-9964-70888ba77ae2_1230232495.jpeg?h=225&w=225,
260506661,Coke Zero 500 Ml,https://www.tesco.com/groceries/en-GB/shop/drinks/all?department=Fizzy%20%26%20Soft%20Drinks&viewAll=department&page=,£1.59,£0.32/100ml,"£3.40 Meal Deal Clubcard Price £3.90 Meal Deal Regular Price - Selected Drink, Snack, Wrap, Sandwich, Roll, Pasty Or Salad",,/groceries/en-GB/products/260506661,https://digitalcontent.api.tesco.com/v2/media/ghs/5720eb2b-edb9-4e1e-9ebf-b196414995ae/56290deb-b1d6-456c-9671-7ba9be53c510_481549647.jpeg?h=225&w=225,
297132752,Coca Cola Classic 250Ml,https://www.tesco.com/groceries/en-GB/shop/drinks/all?department=Fizzy%20%26%20Soft%20Drinks&viewAll=department&page=,£0.95,£0.38/100ml,"£3.40 Meal Deal Clubcard Price £3.90 Meal Deal Regular Price - Selected Drink, Snack, Wrap, Sandwich, Roll, Pasty Or Salad",,/groceries/en-GB/products/297132752,https://digitalcontent.api.tesco.com/v2/media/ghs/0618f151-aef4-4a85-8b37-f705d0a1a7b6/6a63fdb2-ed9c-436b-ae4b-74e26ae2baed_452029958.jpeg?h=225&w=225,
255339785,Fanta Orange Zero 500Ml,https://www.tesco.com/groceries/en-GB/shop/drinks/all?department=Fizzy%20%26%20Soft%20Drinks&viewAll=department&page=,£1.60,£0.32/100ml,"£3.40 Meal Deal Clubcard Price £3.90 Meal Deal Regular Price - Selected Drink, Snack, Wrap, Sandwich, Roll, Pasty Or Salad",,/groceries/en-GB/products/255339785,,
297132838,Pepsi Max Cherry 500Ml,https://www.tesco.com/groceries/en-GB/shop/drinks/all?department=Fizzy%20%26%20Soft%20Drinks&viewAll=department&page=,£1.45,£0.29/100ml,"£3.40 Meal Deal Clubcard Price £3.90 Meal Deal Regular Price - Selected Drink, Snack, Wrap, Sandwich, Roll, Pasty Or Salad",,/groceries/en-GB/products/297132838,https://digitalcontent.api.tesco.com/v2/media/ghs/8f49f960-ff96-4789-980b-b790db9ac957/01639825-b98e-41dd-89a9-7ae37d5eea58_1929543867.jpeg?h=225&w=225,
309196916,Pepsi Max Lime 1.25L,https://www.tesco.com/groceries/en-GB/shop/drinks/all?department=Fizzy%20%26%20Soft%20Drinks&viewAll=department&page=,£1.50,£0.12/100ml,,,/groceries/en-GB/products/309196916,https://digitalcontent.api.tesco.com/v2/media/ghs/225b68f5-051f-484f-a36d-317ae63e336d/20d14d88-6594-4286-b79f-9345d1ba0aa4_372690647.jpeg?h=225&w=225,
304797651,Pepsi Max Raspberry 1.25 Litre,https://www.tesco.com/groceries/en-GB/shop/drinks/all?department=Fizzy%20%26%20Soft%20Drinks&viewAll=department&page=,£1.50,£0.12/100ml,,,/groceries/en-GB/products/304797651,https://digitalcontent.api.tesco.com/v2/media/ghs/e8b2d2de-ea11-4fc8-9a08-eebedfbd8ed4/d6362f35-e402-42c1-8a7f-86c2066dada5_616141812.jpeg?h=225&w=225,
254855774,Diet Coke 330Ml,https://www.tesco.com/groceries/en-GB/shop/drinks/all?department=Fizzy%20%26%20Soft%20Drinks&viewAll=department&page=,£0.69,£0.21/100ml,"£3.40 Meal Deal Clubcard Price £3.90 Meal Deal Regular Price - Selected Drink, Snack, Wrap, Sandwich, Roll, Pasty Or Salad",,/groceries/en-GB/products/254855774,https://digitalcontent.api.tesco.com/v2/media/ghs/d729258e-ad99-48ab-bc93-2154415b9780/68ba14d9-6932-4d3a-8c21-a58c98026dbe_731087742.jpeg?h=225&w=225,
299919648,Diet Coke Pack 6X250ml,https://www.tesco.com/groceries/en-GB/shop/drinks/all?department=Fizzy%20%26%20Soft%20Drinks&viewAll=department&page=,£3.50,£0.23/100ml,"Tesco Finest* Meal Deal for £12 Clubcard Price - Buy 1 Main, 1 Side, 1 Dessert & A Drink",,/groceries/en-GB/products/299919648,https://digitalcontent.api.tesco.com/v2/media/ghs/42002ac9-3557-4a12-905a-640f6f7826d7/612d884c-1f2b-4b84-a5ea-4d3698719273_537831990.jpeg?h=225&w=225,
300063823,Bundaberg Ginger Beer 4 X 375Ml,https://www.tesco.com/groceries/en-GB/shop/drinks/all?department=Fizzy%20%26%20Soft%20Drinks&viewAll=department&page=,£5.40,£0.36/100ml,,,/groceries/en-GB/products/300063823,https://digitalcontent.api.tesco.com/v2/media/ghs/7d9f2b81-e1ad-4fdd-9efb-1437b65ba994/35312a9e-979f-48df-960f-07e1cae235fb_1218306856.jpeg?h=225&w=225,
312984348,Tango Berry Peachy Sugar Free 24X330ml,https://www.tesco.com/groceries/en-GB/shop/drinks/all?department=Fizzy%20%26%20Soft%20Drinks&viewAll=department&page=,£8.50,£0.11/100ml,,,/groceries/en-GB/products/312984348,https://digitalcontent.api.tesco.com/v2/media/ghs/cb4c1e35-18fb-49f5-ba24-f266e63902f7/2cf4a717-4818-4e4a-baf3-dfc3fba961a3_897349952.jpeg?h=225&w=225,
309785790,Tango Dark Berry Soft Drink Sugar Free 24 X 330Ml,https://www.tesco.com/groceries/en-GB/shop/drinks/all?department=Fizzy%20%26%20Soft%20Drinks&viewAll=department&page=,£8.50,£0.11/100ml,,,/groceries/en-GB/products/309785790,https://digitalcontent.api.tesco.com/v2/media/ghs/0ca5d01d-61e3-4631-9555-1cb47aaf8bcf/bb055807-f83a-4c51-8c61-21906116a05f_245093426.jpeg?h=225&w=225,
313004293,Fanta Fruit Twist 18 X 330Ml,https://www.tesco.com/groceries/en-GB/shop/drinks/all?department=Fizzy%20%26%20Soft%20Drinks&viewAll=department&page=,£7.50,£0.13/100ml,£6.00 Clubcard Price,,/groceries/en-GB/products/313004293,https://digitalcontent.api.tesco.com/v2/media/ghs/06952fa2-a027-4540-85bd-ca7f82e0a22a/e87adbcb-ef8f-4c4a-ad9d-5a25046cefc8_1414353565.jpeg?h=225&w=225,
298025440,Coke 4 X 250Ml,https://www.tesco.com/groceries/en-GB/shop/drinks/all?department=Fizzy%20%26%20Soft%20Drinks&viewAll=department&page=,£4.10,£0.41/100ml,,,/groceries/en-GB/products/298025440,https://digitalcontent.api.tesco.com/v2/media/ghs/16f5ede9-e52d-43e6-a853-a9d11691a95b/b2f35c2d-0160-4f72-a733-970427be197c_775134933.jpeg?h=225&w=225,
312829712,Sprite Lemon-Lime Drink 18X330ml,https://www.tesco.com/groceries/en-GB/shop/drinks/all?department=Fizzy%20%26%20Soft%20Drinks&viewAll=department&page=,£7.50,£0.13/100ml,£6.00 Clubcard Price,,/groceries/en-GB/products/312829712,https://digitalcontent.api.tesco.com/v2/media/ghs/dbdb0468-9067-4a80-b81d-d4dde752ed7e/107a04e8-a002-40e2-8960-58a839b59357_1358188361.jpeg?h=225&w=225,
301269417,Rubicon Sparkling Mango Drink 18 X 330Ml,https://www.tesco.com/groceries/en-GB/shop/drinks/all?department=Fizzy%20%26%20Soft%20Drinks&viewAll=department&page=,£6.50,£0.11/100ml,,,/groceries/en-GB/products/301269417,https://digitalcontent.api.tesco.com/v2/media/ghs/3d1610c2-173c-450e-83fb-928531502b5e/8d5e297f-c0b8-4286-a681-c5bdb124f875_814549489.jpeg?h=225&w=225,
266599154,Fentimans Traditional Rose Lemonade 750Ml,https://www.tesco.com/groceries/en-GB/shop/drinks/all?department=Fizzy%20%26%20Soft%20Drinks&viewAll=department&page=,£3.20,£0.43/100ml,£2.20 Clubcard Price,,/groceries/en-GB/products/266599154,https://digitalcontent.api.tesco.com/v2/media/ghs/b3c58e78-8383-466c-b0d3-9e38eb3faa39/d8ff0519-7b3e-443b-89bd-efa558c96422_586194465.jpeg?h=225&w=225,
307155024,Fever Tree Refreshingly Light Rose Lemonade 500Ml,https://www.tesco.com/groceries/en-GB/shop/drinks/all?department=Fizzy%20%26%20Soft%20Drinks&viewAll=department&page=,£1.95,£0.39/100ml,,,/groceries/en-GB/products/307155024,https://digitalcontent.api.tesco.com/v2/media/ghs/a707a143-9953-4f8c-9cc2-a6fd6bf9c377/c6352628-4fa4-463b-8fa4-a6ef7c9efc1e_1645806844.jpeg?h=225&w=225,
306946530,Fanta Raspberry Zero 2 Litres,https://www.tesco.com/groceries/en-GB/shop/drinks/all?department=Fizzy%20%26%20Soft%20Drinks&viewAll=department&page=,£2.00,£0.10/100ml,Any 2 for £3 Clubcard Price - Selected Carbonated Drinks 2 Litre,,/groceries/en-GB/products/306946530,https://digitalcontent.api.tesco.com/v2/media/ghs/2288071e-c3a1-41f9-80b8-ded17010ad25/b4262e00-63fc-4674-8ebb-b0c145a09fe9_1195015006.jpeg?h=225&w=225,
251616826,Diet Coke Caffeine Free 500Ml,https://www.tesco.com/groceries/en-GB/shop/drinks/all?department=Fizzy%20%26%20Soft%20Drinks&viewAll=department&page=,£1.59,£0.32/100ml,"£3.40 Meal Deal Clubcard Price £3.90 Meal Deal Regular Price - Selected Drink, Snack, Wrap, Sandwich, Roll, Pasty Or Salad",,/groceries/en-GB/products/251616826,https://digitalcontent.api.tesco.com/v2/media/ghs/c5f8f777-09b4-4157-acea-985e2aba0305/1f142538-9705-4a3d-acea-025b625d19bd_141663680.jpeg?h=225&w=225,
307154895,Pepsi Regular 1.25Ltr,https://www.tesco.com/groceries/en-GB/shop/drinks/all?department=Fizzy%20%26%20Soft%20Drinks&viewAll=department&page=,£1.65,£0.13/100ml,,,/groceries/en-GB/products/307154895,https://digitalcontent.api.tesco.com/v2/media/ghs/1f4f296a-96f1-4ba4-b832-d0660efb76c8/ec44f332-7642-4546-a3eb-a92a7d663efe_388221044.jpeg?h=225&w=225,
252062033,Fanta Lemon 500Ml,https://www.tesco.com/groceries/en-GB/shop/drinks/all?department=Fizzy%20%26%20Soft%20Drinks&viewAll=department&page=,£1.60,£0.32/100ml,"£3.40 Meal Deal Clubcard Price £3.90 Meal Deal Regular Price - Selected Drink, Snack, Wrap, Sandwich, Roll, Pasty Or Salad",,/groceries/en-GB/products/252062033,https://digitalcontent.api.tesco.com/v2/media/ghs/74eb6e24-12fa-4cc8-bf01-e97974dbe0c8/7c3a3fc7-07e7-4c41-af08-ce32ba733abc_1230334745.jpeg?h=225&w=225,
250607009,Oasis Summer Fruits Light 500Ml,https://www.tesco.com/groceries/en-GB/shop/drinks/all?department=Fizzy%20%26%20Soft%20Drinks&viewAll=department&page=,£1.55,£0.31/100ml,"£3.40 Meal Deal Clubcard Price £3.90 Meal Deal Regular Price - Selected Drink, Snack, Wrap, Sandwich, Roll, Pasty Or Salad",,/groceries/en-GB/products/250607009,https://digitalcontent.api.tesco.com/v2/media/ghs/e90e8800-0670-4ed0-8e17-60219663644e/52c33b3a-247d-4a9e-aec9-9176571e529f_1170477070.jpeg?h=225&w=225,
253144396,Fanta Fruit Twist 500 Ml,https://www.tesco.com/groceries/en-GB/shop/drinks/all?department=Fizzy%20%26%20Soft%20Drinks&viewAll=department&page=,£1.60,£0.32/100ml,"£3.40 Meal Deal Clubcard Price £3.90 Meal Deal Regular Price - Selected Drink, Snack, Wrap, Sandwich, Roll, Pasty Or Salad",,/groceries/en-GB/products/253144396,https://digitalcontent.api.tesco.com/v2/media/ghs/8c07df06-8bbd-471e-852a-bcccc42bf964/d90c5f8b-7bb1-46fd-9740-edb81e0b16de_1768279561.jpeg?h=225&w=225,
263709140,Dr Pepper Zero 500Ml,https://www.tesco.com/groceries/en-GB/shop/drinks/all?department=Fizzy%20%26%20Soft%20Drinks&viewAll=department&page=,£1.60,£0.32/100ml,"£3.40 Meal Deal Clubcard Price £3.90 Meal Deal Regular Price - Selected Drink, Snack, Wrap, Sandwich, Roll, Pasty Or Salad",,/groceries/en-GB/products/263709140,https://digitalcontent.api.tesco.com/v2/media/ghs/f75c66f4-2bf0-4832-b7c8-9764db2656b6/0a0b225b-7a15-41ee-b1c9-fca38f5efc88_1998308601.jpeg?h=225&w=225,
298504449,Coca Cola Vanilla Zero 500Ml,https://www.tesco.com/groceries/en-GB/shop/drinks/all?department=Fizzy%20%26%20Soft%20Drinks&viewAll=department&page=,£1.59,£0.32/100ml,"£3.40 Meal Deal Clubcard Price £3.90 Meal Deal Regular Price - Selected Drink, Snack, Wrap, Sandwich, Roll, Pasty Or Salad",,/groceries/en-GB/products/298504449,https://digitalcontent.api.tesco.com/v2/media/ghs/5e93ee61-1b00-44f0-84ba-0145df9ec886/b039c138-f358-4e44-88e0-d2a4c0480575_192761577.jpeg?h=225&w=225,
265633041,Lipton Ice Tea Lemon 500Ml,https://www.tesco.com/groceries/en-GB/shop/drinks/all?department=Fizzy%20%26%20Soft%20Drinks&viewAll=department&page=,£1.45,£0.29/100ml,"£3.40 Meal Deal Clubcard Price £3.90 Meal Deal Regular Price - Selected Drink, Snack, Wrap, Sandwich, Roll, Pasty Or Salad",,/groceries/en-GB/products/265633041,https://digitalcontent.api.tesco.com/v2/media/ghs/86ede36d-057b-431f-a813-01dbbec9d790/519ae76e-f146-44ed-b21e-1c7092c08145_535823046.jpeg?h=225&w=225,
251806135,Sprite Regular 500Ml,https://www.tesco.com/groceries/en-GB/shop/drinks/all?department=Fizzy%20%26%20Soft%20Drinks&viewAll=department&page=,£1.50,£0.30/100ml,"£3.40 Meal Deal Clubcard Price £3.90 Meal Deal Regular Price - Selected Drink, Snack, Wrap, Sandwich, Roll, Pasty Or Salad",,/groceries/en-GB/products/251806135,https://digitalcontent.api.tesco.com/v2/media/ghs/b4cf2fd0-9dac-40b4-ba1b-3949a0521f33/eee59d6f-8120-4c33-9a9f-3cf442def969_2062129499.jpeg?h=225&w=225,
310688132,Fanta Zero Sugar Strawberry & Kiwi 8X330ml,https://www.tesco.com/groceries/en-GB/shop/drinks/all?department=Fizzy%20%26%20Soft%20Drinks&viewAll=department&page=,£3.49,£0.13/100ml,,,/groceries/en-GB/products/310688132,https://digitalcontent.api.tesco.com/v2/media/ghs/3d1e2a07-94d6-41ec-a0a9-ce3b00b8f636/91689c5b-d8ce-4367-b876-6465c6f865df_1696145121.jpeg?h=225&w=225,
306950046,Diet Coke Sublime Lime 2 Litres,https://www.tesco.com/groceries/en-GB/shop/drinks/all?department=Fizzy%20%26%20Soft%20Drinks&viewAll=department&page=,£1.99,£0.10/100ml,,,/groceries/en-GB/products/306950046,https://digitalcontent.api.tesco.com/v2/media/ghs/698f09eb-6ead-44ca-9469-dbea419efc1e/19567141-875c-4507-8cd6-a72aba65baad_1122933651.jpeg?h=225&w=225,
262080192,Vimto Still 500Ml,https://www.tesco.com/groceries/en-GB/shop/drinks/all?department=Fizzy%20%26%20Soft%20Drinks&viewAll=department&page=,£1.15,£0.23/100ml,"£3.40 Meal Deal Clubcard Price £3.90 Meal Deal Regular Price - Selected Drink, Snack, Wrap, Sandwich, Roll, Pasty Or Salad",,/groceries/en-GB/products/262080192,https://digitalcontent.api.tesco.com/v2/media/ghs/9d05ca2e-3490-4972-98fb-caa77097f838/ba334c76-afe6-452b-8b5e-7bcf9c726784_273801924.jpeg?h=225&w=225,
259160983,Barr Irn Bru 500Ml,https://www.tesco.com/groceries/en-GB/shop/drinks/all?department=Fizzy%20%26%20Soft%20Drinks&viewAll=department&page=,£0.99,£0.20/100ml,"£3.40 Meal Deal Clubcard Price £3.90 Meal Deal Regular Price - Selected Drink, Snack, Wrap, Sandwich, Roll, Pasty Or Salad",,/groceries/en-GB/products/259160983,https://digitalcontent.api.tesco.com/v2/media/ghs/71ee9e1e-9a78-4c7d-99c2-2691c6d806be/c55dd41e-068d-4c49-99cf-a28b39105e38_2027598657.jpeg?h=225&w=225,
309467562,Robinsons No Added Sugar Ready To Drink Blackberry & Blueberry 500Ml,https://www.tesco.com/groceries/en-GB/shop/drinks/all?department=Fizzy%20%26%20Soft%20Drinks&viewAll=department&page=,£1.15,£0.23/100ml,"£3.40 Meal Deal Clubcard Price £3.90 Meal Deal Regular Price - Selected Drink, Snack, Wrap, Sandwich, Roll, Pasty Or Salad",,/groceries/en-GB/products/309467562,https://digitalcontent.api.tesco.com/v2/media/ghs/f732c6b0-ab58-4340-9be3-2838d74aac97/8d1ffc88-48f2-4819-b942-dc048be17e6d_75261677.jpeg?h=225&w=225,
309200469,Coco-Cola Zero Sugar 6X250ml,https://www.tesco.com/groceries/en-GB/shop/drinks/all?department=Fizzy%20%26%20Soft%20Drinks&viewAll=department&page=,£3.20,£0.21/100ml,,,/groceries/en-GB/products/309200469,https://digitalcontent.api.tesco.com/v2/media/ghs/708789fd-3e41-4981-b94b-707be73f52a1/5aa80027-0638-49b4-ad98-142f5a43209f_2095027458.jpeg?h=225&w=225,
308856149,Diet Coke 6 X 250Ml,https://www.tesco.com/groceries/en-GB/shop/drinks/all?department=Fizzy%20%26%20Soft%20Drinks&viewAll=department&page=,£3.20,£0.21/100ml,,,/groceries/en-GB/products/308856149,https://digitalcontent.api.tesco.com/v2/media/ghs/04b2727e-4dc3-4cd3-bfb8-46dae19d1e0e/5405f0f3-4ba7-402c-a817-68e37ca335ea_12678380.jpeg?h=225&w=225,
310668467,7Up Free Cherry Flavoured Drink 24X330ml,https://www.tesco.com/groceries/en-GB/shop/drinks/all?department=Fizzy%20%26%20Soft%20Drinks&viewAll=department&page=,£8.50,£0.11/100ml,,,/groceries/en-GB/products/310668467,https://digitalcontent.api.tesco.com/v2/media/ghs/21cb009a-2d52-4dd6-8ba1-32dd7b134d1a/f7bc5b71-bc46-4a2c-beb3-32a3306cfa68_2029474915.jpeg?h=225&w=225,
309207174,Tango Apple 330Ml X 24,https://www.tesco.com/groceries/en-GB/shop/drinks/all?department=Fizzy%20%26%20Soft%20Drinks&viewAll=department&page=,£8.50,£0.11/100ml,,,/groceries/en-GB/products/309207174,https://digitalcontent.api.tesco.com/v2/media/ghs/9c6035ab-4e27-4fca-a7f1-a1f1e3421051/f7fece85-28a6-4003-9e9a-b207a5b6115e_1925662891.jpeg?h=225&w=225,
298026623,Cawston Press Elderflower Lemonade 4X330ml,https://www.tesco.com/groceries/en-GB/shop/drinks/all?department=Fizzy%20%26%20Soft%20Drinks&viewAll=department&page=,£4.20,£0.32/100ml,,,/groceries/en-GB/products/298026623,https://digitalcontent.api.tesco.com/v2/media/ghs/395cf3da-cb0d-4e1f-acfe-d94991f2d163/101959ea-e301-40f9-b09d-4582fe140c3c_1200157225.jpeg?h=225&w=225,
310685377,Barr American Cream Soda 24X330ml,https://www.tesco.com/groceries/en-GB/shop/drinks/all?department=Fizzy%20%26%20Soft%20Drinks&viewAll=department&page=,£7.00,£0.09/100ml,,,/groceries/en-GB/products/310685377,https://digitalcontent.api.tesco.com/v2/media/ghs/5ba9eecb-a752-4df4-b4c2-0198a1097f7a/611d6729-858c-4834-ae7d-8fd9d1cc9f40_237423022.jpeg?h=225&w=225,
311420269,Barr Cherryade 24 X 300Ml,https://www.tesco.com/groceries/en-GB/shop/drinks/all?department=Fizzy%20%26%20Soft%20Drinks&viewAll=department&page=,£7.00,£0.09/100ml,,,/groceries/en-GB/products/311420269,https://digitalcontent.api.tesco.com/v2/media/ghs/5eb25ad8-f443-4d2b-9c72-5e2d0ada9fa8/cd679d62-504b-47e3-835e-31bade555984_474642738.jpeg?h=225&w=225,
281466214,Rubicon Mango 6X330ml,https://www.tesco.com/groceries/en-GB/shop/drinks/all?department=Fizzy%20%26%20Soft%20Drinks&viewAll=department&page=,£3.90,£0.20/100ml,,,/groceries/en-GB/products/281466214,https://digitalcontent.api.tesco.com/v2/media/ghs/faae7493-bb41-45f2-97cb-6dd64634df14/983ff3d0-51b1-4d6c-890f-636883bee45e_1278931351.jpeg?h=225&w=225,
281466266,Rubicon Passion 6X330ml,https://www.tesco.com/groceries/en-GB/shop/drinks/all?department=Fizzy%20%26%20Soft%20Drinks&viewAll=department&page=,£3.90,£0.20/100ml,,,/groceries/en-GB/products/281466266,https://digitalcontent.api.tesco.com/v2/media/ghs/de164541-e908-4538-97fb-28661b581022/a36d7d81-11c2-4cd2-97b8-cfecb9ebc66d_919078615.jpeg?h=225&w=225,
289545425,Orangina 420Ml,https://www.tesco.com/groceries/en-GB/shop/drinks/all?department=Fizzy%20%26%20Soft%20Drinks&viewAll=department&page=,£1.60,£0.38/100ml,"£3.40 Meal Deal Clubcard Price £3.90 Meal Deal Regular Price - Selected Drink, Snack, Wrap, Sandwich, Roll, Pasty Or Salad",,/groceries/en-GB/products/289545425,https://digitalcontent.api.tesco.com/v2/media/ghs/57e7119b-f5ea-45cc-99e4-26a08be2b1ec/09489edd-de48-4d3d-b7d8-d517cd18300f_1511865503.jpeg?h=225&w=225,
292215645,Lucozade Energy Zero Pink Lemonade 500Ml,https://www.tesco.com/groceries/en-GB/shop/drinks/all?department=Fizzy%20%26%20Soft%20Drinks&viewAll=department&page=,£1.60,£0.32/100ml,"£3.40 Meal Deal Clubcard Price £3.90 Meal Deal Regular Price - Selected Drink, Snack, Wrap, Sandwich, Roll, Pasty Or Salad",,/groceries/en-GB/products/292215645,https://digitalcontent.api.tesco.com/v2/media/ghs/67368713-0814-4022-9ff2-d468c8df29b2/3e9be865-9560-4b92-87d2-241f88852342_952594156.jpeg?h=225&w=225,
292389520,Coca Cola Zero Cherry 500Ml,https://www.tesco.com/groceries/en-GB/shop/drinks/all?department=Fizzy%20%26%20Soft%20Drinks&viewAll=department&page=,£1.59,£0.32/100ml,"£3.40 Meal Deal Clubcard Price £3.90 Meal Deal Regular Price - Selected Drink, Snack, Wrap, Sandwich, Roll, Pasty Or Salad",,/groceries/en-GB/products/292389520,https://digitalcontent.api.tesco.com/v2/media/ghs/81185a57-f1b8-49a9-8560-fdedece9d204/44cc74fa-51bc-425c-9496-adf280aeebca_697787410.jpeg?h=225&w=225,
310681364,What The Fanta Zero Sugar 500Ml,https://www.tesco.com/groceries/en-GB/shop/drinks/all?department=Fizzy%20%26%20Soft%20Drinks&viewAll=department&page=,£1.60,£0.32/100ml,"£3.40 Meal Deal Clubcard Price £3.90 Meal Deal Regular Price - Selected Drink, Snack, Wrap, Sandwich, Roll, Pasty Or Salad",,/groceries/en-GB/products/310681364,https://digitalcontent.api.tesco.com/v2/media/ghs/b5129920-db19-4271-9acb-c23d9301e99b/59fce838-7d2e-46d1-9bc7-ef52cedd7238_1051089770.jpeg?h=225&w=225,
251496293,Tango Orange 500Ml,https://www.tesco.com/groceries/en-GB/shop/drinks/all?department=Fizzy%20%26%20Soft%20Drinks&viewAll=department&page=,£1.45,£0.29/100ml,"£3.40 Meal Deal Clubcard Price £3.90 Meal Deal Regular Price - Selected Drink, Snack, Wrap, Sandwich, Roll, Pasty Or Salad",,/groceries/en-GB/products/251496293,https://digitalcontent.api.tesco.com/v2/media/ghs/72718e75-14ea-4da1-9cff-9d1ca6900925/ab9c334c-bade-4527-8b9d-17460db77482_499085091.jpeg?h=225&w=225,
310662681,Fanta Zero Sugar Strawberry & Kiwi 500Ml,https://www.tesco.com/groceries/en-GB/shop/drinks/all?department=Fizzy%20%26%20Soft%20Drinks&viewAll=department&page=,£1.60,£0.32/100ml,"£3.40 Meal Deal Clubcard Price £3.90 Meal Deal Regular Price - Selected Drink, Snack, Wrap, Sandwich, Roll, Pasty Or Salad",,/groceries/en-GB/products/310662681,https://digitalcontent.api.tesco.com/v2/media/ghs/feec9148-0b23-49e4-910f-ef28e5cb2467/9b6760de-1afd-4859-8086-8bd64897cb03_1105687078.jpeg?h=225&w=225,
303226575,Pepsi Max Raspberry 500Ml,https://www.tesco.com/groceries/en-GB/shop/drinks/all?department=Fizzy%20%26%20Soft%20Drinks&viewAll=department&page=,£1.45,£0.29/100ml,"£3.40 Meal Deal Clubcard Price £3.90 Meal Deal Regular Price - Selected Drink, Snack, Wrap, Sandwich, Roll, Pasty Or Salad",,/groceries/en-GB/products/303226575,https://digitalcontent.api.tesco.com/v2/media/ghs/02e13fac-008c-4695-836f-b273675e5343/0666cfca-2a77-4f33-9b34-ebbe9144759d_733838004.jpeg?h=225&w=225,
310688938,Tango Berry Peachy Sugar Free 500Ml,https://www.tesco.com/groceries/en-GB/shop/drinks/all?department=Fizzy%20%26%20Soft%20Drinks&viewAll=department&page=,£1.45,£0.29/100ml,"£3.40 Meal Deal Clubcard Price £3.90 Meal Deal Regular Price - Selected Drink, Snack, Wrap, Sandwich, Roll, Pasty Or Salad",,/groceries/en-GB/products/310688938,https://digitalcontent.api.tesco.com/v2/media/ghs/18cba2d2-abd1-4471-bfc9-e20b599f4bdd/e2b92e9f-8c9e-4041-bfef-a9e21a2181a4_1523886631.jpeg?h=225&w=225,
253217725,Pepsi Regular 500Ml,https://www.tesco.com/groceries/en-GB/shop/drinks/all?department=Fizzy%20%26%20Soft%20Drinks&viewAll=department&page=,£1.65,£0.33/100ml,"£3.40 Meal Deal Clubcard Price £3.90 Meal Deal Regular Price - Selected Drink, Snack, Wrap, Sandwich, Roll, Pasty Or Salad",,/groceries/en-GB/products/253217725,https://digitalcontent.api.tesco.com/v2/media/ghs/a88c35cc-f087-4b94-9ac5-be340de1d50b/e83a6cbf-2cb3-4530-a346-269da9b0f4b7_1790914034.jpeg?h=225&w=225,
311441048,Pepsi Max Lime 500Ml,https://www.tesco.com/groceries/en-GB/shop/drinks/all?department=Fizzy%20%26%20Soft%20Drinks&viewAll=department&page=,£1.45,£0.29/100ml,"£3.40 Meal Deal Clubcard Price £3.90 Meal Deal Regular Price - Selected Drink, Snack, Wrap, Sandwich, Roll, Pasty Or Salad",,/groceries/en-GB/products/311441048,https://digitalcontent.api.tesco.com/v2/media/ghs/9e110a7c-7a4f-4e71-b8be-70be4ea51ef0/0efa7240-7976-4938-b668-301b07be91be_1712584776.jpeg?h=225&w=225,
275454836,Rubicon Sparklng Passion Juice Drink 2 Litre,https://www.tesco.com/groceries/en-GB/shop/drinks/all?department=Fizzy%20%26%20Soft%20Drinks&viewAll=department&page=,£1.70,£0.08/100ml,,,/groceries/en-GB/products/275454836,https://digitalcontent.api.tesco.com/v2/media/ghs/7cad8600-986a-49af-b489-b59fd82942e1/7a8c19b7-32f8-4966-bf2d-de1041d85824_1266564872.jpeg?h=225&w=225,
280609512,Rubicon Sparkling Lychee Drink 2 Litre,https://www.tesco.com/groceries/en-GB/shop/drinks/all?department=Fizzy%20%26%20Soft%20Drinks&viewAll=department&page=,£1.70,£0.08/100ml,,,/groceries/en-GB/products/280609512,https://digitalcontent.api.tesco.com/v2/media/ghs/f126cb61-1d63-4565-a6c9-36298c9802b3/6a8aad4b-0edb-4f88-a108-73ff1052a8bd_807370958.jpeg?h=225&w=225,
298025503,Coke Zero 4X250ml,https://www.tesco.com/groceries/en-GB/shop/drinks/all?department=Fizzy%20%26%20Soft%20Drinks&viewAll=department&page=,£3.80,£0.38/100ml,,,/groceries/en-GB/products/298025503,https://digitalcontent.api.tesco.com/v2/media/ghs/5dc5f7eb-3b75-4401-a376-2520f762acc5/5a6126aa-4e39-46fa-9fc8-ce46afd2a386_564111914.jpeg?h=225&w=225,
275290355,Rubicon Sparkling Mango Juice Drink 2Ltr,https://www.tesco.com/groceries/en-GB/shop/drinks/all?department=Fizzy%20%26%20Soft%20Drinks&viewAll=department&page=,£1.70,£0.08/100ml,,,/groceries/en-GB/products/275290355,https://digitalcontent.api.tesco.com/v2/media/ghs/c34e20bb-fdea-4854-bae1-46a10c66b7c9/44ca18cb-a07d-4ed1-be00-4b823002666d_113717376.jpeg?h=225&w=225,
302288329,Rubicon Sparkling Zero Added Sugar Mango 2 Litre,https://www.tesco.com/groceries/en-GB/shop/drinks/all?department=Fizzy%20%26%20Soft%20Drinks&viewAll=department&page=,£1.70,£0.08/100ml,,,/groceries/en-GB/products/302288329,https://digitalcontent.api.tesco.com/v2/media/ghs/fe30b589-f904-4dfc-8cc3-8190acc26f5f/0cf520c3-1ca4-46e6-9d13-af2406a2aff0_428556076.jpeg?h=225&w=225,
299918989,Coca-Cola Cherry 1 Litre,https://www.tesco.com/groceries/en-GB/shop/drinks/all?department=Fizzy%20%26%20Soft%20Drinks&viewAll=department&page=,£1.65,£0.16/100ml,,,/groceries/en-GB/products/299918989,https://digitalcontent.api.tesco.com/v2/media/ghs/1a035b89-614d-43cc-9db3-91893fa48ca7/32e4a0a7-2c4a-4e25-9f3c-a978d125ee23_1801867437.jpeg?h=225&w=225,
310113018,San Pellegrino Sparkling Orange Drink 330Ml,https://www.tesco.com/groceries/en-GB/shop/drinks/all?department=Fizzy%20%26%20Soft%20Drinks&viewAll=department&page=,£1.10,£0.33/100ml,"£3.40 Meal Deal Clubcard Price £3.90 Meal Deal Regular Price - Selected Drink, Snack, Wrap, Sandwich, Roll, Pasty Or Salad",,/groceries/en-GB/products/310113018,https://digitalcontent.api.tesco.com/v2/media/ghs/6f9de138-68b8-4c2a-9c16-f25a9b6da969/ff596579-3889-48b3-9573-ba8b72b016c3_1934737171.jpeg?h=225&w=225,
310689730,San Pellegrino Sparkling Lemon Drink 330Ml,https://www.tesco.com/groceries/en-GB/shop/drinks/all?department=Fizzy%20%26%20Soft%20Drinks&viewAll=department&page=,£1.10,£0.33/100ml,"£3.40 Meal Deal Clubcard Price £3.90 Meal Deal Regular Price - Selected Drink, Snack, Wrap, Sandwich, Roll, Pasty Or Salad",,/groceries/en-GB/products/310689730,https://digitalcontent.api.tesco.com/v2/media/ghs/a6c6b5b0-c203-4d5a-ac7e-97e0c7eb392b/35d1f5ce-a457-4060-bab0-4077d4f8eb42_772887761.jpeg?h=225&w=225,
305432552,Diet Coke Sublime Lime 500Ml,https://www.tesco.com/groceries/en-GB/shop/drinks/all?department=Fizzy%20%26%20Soft%20Drinks&viewAll=department&page=,£1.20,£0.24/100ml,"£3.40 Meal Deal Clubcard Price £3.90 Meal Deal Regular Price - Selected Drink, Snack, Wrap, Sandwich, Roll, Pasty Or Salad",,/groceries/en-GB/products/305432552,https://digitalcontent.api.tesco.com/v2/media/ghs/a0fe74d0-5d6e-4ebc-bb8a-a96dc0d6e6ef/da973145-de10-48d5-b78a-5735826080ad_1192302665.jpeg?h=225&w=225,
298025388,Diet Coke 4X250ml,https://www.tesco.com/groceries/en-GB/shop/drinks/all?department=Fizzy%20%26%20Soft%20Drinks&viewAll=department&page=,£3.80,£0.38/100ml,,,/groceries/en-GB/products/298025388,https://digitalcontent.api.tesco.com/v2/media/ghs/11609f1b-c054-4fad-8ec5-aac1c01f20fe/7183d7b2-e393-46be-b37a-270379def166_233263832.jpeg?h=225&w=225,
259910442,Highland Spring Still Water 6 X 1.5L,https://www.tesco.com/groceries/en-GB/shop/drinks/all?department=Water&viewAll=department&page=,£4.00,£0.04/100ml,,,/groceries/en-GB/products/259910442,https://digitalcontent.api.tesco.com/v2/media/ghs/2620186c-dffa-4a8f-bf85-8039cbdccb47/44468059-9bb7-4960-bd57-c743befacaa6_525595899.jpeg?h=225&w=225,
306657722,Tesco Elmhurst English Still Water 6 X 2 Litre,https://www.tesco.com/groceries/en-GB/shop/drinks/all?department=Water&viewAll=department&page=,£2.40,£0.02/100ml,,,/groceries/en-GB/products/306657722,https://digitalcontent.api.tesco.com/v2/media/ghs/13658483-4764-4367-a289-0b06fbacbf9b/475f2a2e-8232-4b0c-915e-402ae63bd7a4_1571595214.jpeg?h=225&w=225,
253385692,Buxton Natural Mineral Water Still 6 X 1.5Ltr,https://www.tesco.com/groceries/en-GB/shop/drinks/all?department=Water&viewAll=department&page=,£3.15,£0.04/100ml,,,/groceries/en-GB/products/253385692,https://digitalcontent.api.tesco.com/v2/media/ghs/a40524eb-b6af-47d6-bb08-00fff58ee9cc/b61954f4-e9f5-4024-acb5-3016e114c41a_1168656798.jpeg?h=225&w=225,
258879002,Highland Spring Still Bottled Water 12 X 500Ml,https://www.tesco.com/groceries/en-GB/shop/drinks/all?department=Water&viewAll=department&page=,£3.50,£0.06/100ml,,,/groceries/en-GB/products/258879002,https://digitalcontent.api.tesco.com/v2/media/ghs/f2ff52d7-5057-410c-91ad-75beb1ae2315/5d5e436b-250e-422a-b3f5-95b980119ee9_664099651.jpeg?h=225&w=225,
300742890,Ice Valley Spring Water Still 24X500ml,https://www.tesco.com/groceries/en-GB/shop/drinks/all?department=Water&viewAll=department&page=,£3.50,£0.03/100ml,,,/groceries/en-GB/products/300742890,https://digitalcontent.api.tesco.com/v2/media/ghs/d77939d1-ce83-4b54-a85c-d71ae2c033c3/85c924c3-1bf4-41ac-b2d4-c96bff78b0e4_542071886.jpeg?h=225&w=225,
258016892,Tesco Ashbeck 5Ltr,https://www.tesco.com/groceries/en-GB/shop/drinks/all?department=Water&viewAll=department&page=,,,,,/groceries/en-GB/products/258016892,https://digitalcontent.api.tesco.com/v2/media/ghs/5f439d6c-0a87-4794-8e94-7e019e703ce0/7d4427bd-3ba7-47c0-80d3-bec5d274098e_1009570356.jpeg?h=225&w=225,This product's currently out of stock
259738623,Nestle Pure Life Water 12X500ml,https://www.tesco.com/groceries/en-GB/shop/drinks/all?department=Water&viewAll=department&page=,£2.15,£0.04/100ml,,,/groceries/en-GB/products/259738623,https://digitalcontent.api.tesco.com/v2/media/ghs/ec3e1d3a-878c-4d22-a26b-b3b3acb6b3b2/snapshotimagehandler_1809147116.jpeg?h=225&w=225,
252389954,Tesco Sparkling Water 6X500ml,https://www.tesco.com/groceries/en-GB/shop/drinks/all?department=Water&viewAll=department&page=,£1.55,£0.05/100ml,,,/groceries/en-GB/products/252389954,https://digitalcontent.api.tesco.com/v2/media/ghs/67fa3034-4afd-4cbd-82ad-a774e5f231ab/8f68bd12-eb13-44f1-a7e0-9286f2c81575_576975524.jpeg?h=225&w=225,
310142179,Tesco Elmhurst Natural Mineral Still Water 12X500ml,https://www.tesco.com/groceries/en-GB/shop/drinks/all?department=Water&viewAll=department&page=,£1.90,£0.03/100ml,,,/groceries/en-GB/products/310142179,https://digitalcontent.api.tesco.com/v2/media/ghs/c82748d1-22ab-4578-849a-850248596d82/snapshotimagehandler_1074223717.jpeg?h=225&w=225,
258016425,Tesco Ashbeck 2Ltr,https://www.tesco.com/groceries/en-GB/shop/drinks/all?department=Water&viewAll=department&page=,£0.70,£0.04/100ml,,,/groceries/en-GB/products/258016425,https://digitalcontent.api.tesco.com/v2/media/ghs/22552a94-9d4a-48dd-bd18-a96dee400dba/dff333b0-deee-482f-be92-066951832fbd_1421505426.jpeg?h=225&w=225,
256917071,Volvic Touch Of Fruit Strawberry Sugar Free 1.5 Litre,https://www.tesco.com/groceries/en-GB/shop/drinks/all?department=Water&viewAll=department&page=,£1.25,£0.08/100ml,£1.00 Clubcard Price,,/groceries/en-GB/products/256917071,https://digitalcontent.api.tesco.com/v2/media/ghs/fdf3e95d-9f30-450c-b474-9a15a589ca6f/eec3c5ea-2b88-48cf-8e77-343a4441b21e_1343808090.jpeg?h=225&w=225,
311786400,Evian Sparkling Natural Mineral Water 1L,https://www.tesco.com/groceries/en-GB/shop/drinks/all?department=Water&viewAll=department&page=,£1.60,£0.16/100ml,,New,/groceries/en-GB/products/311786400,https://digitalcontent.api.tesco.com/v2/media/ghs-mktg/b0b04216-fa73-466d-a9d7-c9fcfa1ce9b3/no-image.jpeg,
310138847,Tesco Elmhurst English Natural Mineral Sparkling Water 2L,https://www.tesco.com/groceries/en-GB/shop/drinks/all?department=Water&viewAll=department&page=,£0.70,£0.04/100ml,,,/groceries/en-GB/products/310138847,https://digitalcontent.api.tesco.com/v2/media/ghs/9de61063-6c5c-491a-a1c9-4e9e039d6ecb/ec563879-eb3b-4a36-bbbe-da4a88c139d9_1281585400.jpeg?h=225&w=225,
256604971,Tesco Sparkling Water Lemon & Lime 1 Litre,https://www.tesco.com/groceries/en-GB/shop/drinks/all?department=Water&viewAll=department&page=,£0.60,£0.06/100ml,,,/groceries/en-GB/products/256604971,https://digitalcontent.api.tesco.com/v2/media/ghs/4b4a79df-97bb-412a-a24e-8e59eb0c2f82/3a2910a9-c937-4cab-94eb-7129f8906d8a_155429703.jpeg?h=225&w=225,
277144152,Tesco Strawberry Still Flavoured Water 1Ltr,https://www.tesco.com/groceries/en-GB/shop/drinks/all?department=Water&viewAll=department&page=,£0.60,£0.06/100ml,,,/groceries/en-GB/products/277144152,https://digitalcontent.api.tesco.com/v2/media/ghs/b95737ac-70a7-4563-9005-609d5da99d91/c25ae5a9-d5ca-48f1-ad22-915a3fbaa687_1086945806.jpeg?h=225&w=225,
252895619,Tesco Sparkling Water Apple & Raspberry 1L,https://www.tesco.com/groceries/en-GB/shop/drinks/all?department=Water&viewAll=department&page=,£0.60,£0.06/100ml,,,/groceries/en-GB/products/252895619,https://digitalcontent.api.tesco.com/v2/media/ghs/bbdc17a4-cc0e-4fae-99e3-0765a2ab6b70/f2222942-9c27-479b-b6fd-6ada0248e25b_1701874763.jpeg?h=225&w=225,
258833736,Tesco Sparkling Water White Grape & Blackberry 1 Litre,https://www.tesco.com/groceries/en-GB/shop/drinks/all?department=Water&viewAll=department&page=,£0.60,£0.06/100ml,,,/groceries/en-GB/products/258833736,https://digitalcontent.api.tesco.com/v2/media/ghs/fcea8557-87e6-4374-8e72-1a2355f01b5d/e5bb8270-23a5-4196-bc6c-335f5138e318_389794922.jpeg?h=225&w=225,
301233097,Tesco Still Pear & Plum Flavoured Water 1L,https://www.tesco.com/groceries/en-GB/shop/drinks/all?department=Water&viewAll=department&page=,£0.60,£0.06/100ml,,,/groceries/en-GB/products/301233097,https://digitalcontent.api.tesco.com/v2/media/ghs/eec2e5f1-67eb-4e6d-8106-1e01903824de/b1767f71-1296-4d26-8d5f-69a1dd455ca1_167977649.jpeg?h=225&w=225,
312364040,Tesco Summer Fruits Still Flavoured Water 1L,https://www.tesco.com/groceries/en-GB/shop/drinks/all?department=Water&viewAll=department&page=,£0.60,£0.06/100ml,,New,/groceries/en-GB/products/312364040,https://digitalcontent.api.tesco.com/v2/media/ghs/b72d44c4-1e24-42ca-9a2a-57128dd5e912/5da36e9d-7efd-4b95-8108-39f474265d64_175630222.jpeg?h=225&w=225,
284738142,Tesco Apple & Elderflower Sparkling Water 1 Litre,https://www.tesco.com/groceries/en-GB/shop/drinks/all?department=Water&viewAll=department&page=,£0.60,£0.06/100ml,,,/groceries/en-GB/products/284738142,https://digitalcontent.api.tesco.com/v2/media/ghs/b501582a-0aba-4a1e-a2b1-cd364a1d2f69/5d6430f8-23e4-4074-af1d-ab9807875293_165587633.jpeg?h=225&w=225,
277144273,Tesco Orange & Peach Still Flavoured Water 1Ltr,https://www.tesco.com/groceries/en-GB/shop/drinks/all?department=Water&viewAll=department&page=,£0.60,£0.06/100ml,,,/groceries/en-GB/products/277144273,https://digitalcontent.api.tesco.com/v2/media/ghs/36c5e32a-6144-420f-b546-912b20d59039/1e9e681a-9804-424a-8b18-83acfa1845c7_162715446.jpeg?h=225&w=225,
271858025,Tesco Sparkling Water Summer Fruits Fruits 1 Litre,https://www.tesco.com/groceries/en-GB/shop/drinks/all?department=Water&viewAll=department&page=,£0.60,£0.06/100ml,,,/groceries/en-GB/products/271858025,https://digitalcontent.api.tesco.com/v2/media/ghs/918ddffb-58e5-47eb-955c-bc1d59d1adea/041b31bf-6dd3-4684-b99e-3be44c1c300f_1453853654.jpeg?h=225&w=225,
284738292,Tesco Peach & Passion Fruit Sparkling Water 1L,https://www.tesco.com/groceries/en-GB/shop/drinks/all?department=Water&viewAll=department&page=,£0.60,£0.06/100ml,,,/groceries/en-GB/products/284738292,https://digitalcontent.api.tesco.com/v2/media/ghs/2883aae3-6b84-44e5-b7a5-5642fcd01647/0bb3acc1-3b79-4d84-a813-4b1ee13d9401_1478673391.jpeg?h=225&w=225,
309478537,Tesco Elmhurst Natural Mineral Sparkling Water 4X2ltr,https://www.tesco.com/groceries/en-GB/shop/drinks/all?department=Water&viewAll=department&page=,£1.55,£0.02/100ml,,,/groceries/en-GB/products/309478537,,
254485998,San Pellegrino Sparkling Water 6 X 1 Litre,https://www.tesco.com/groceries/en-GB/shop/drinks/all?department=Water&viewAll=department&page=,£6.00,£0.10/100ml,,,/groceries/en-GB/products/254485998,https://digitalcontent.api.tesco.com/v2/media/ghs/3501eede-7931-4aeb-bd9e-5fb1daacf5bc/7ee889eb-5d21-4410-97be-201bae1621f2_1339248062.jpeg?h=225&w=225,
257342472,Evian Natural Mineral Water 6X1.5Ltr,https://www.tesco.com/groceries/en-GB/shop/drinks/all?department=Water&viewAll=department&page=,£5.00,£0.06/100ml,,,/groceries/en-GB/products/257342472,https://digitalcontent.api.tesco.com/v2/media/ghs/5e7491f1-a55c-4759-b35f-c42c04e1098d/709def0a-fa08-4013-b6b7-0bbd9d0c930b_347160726.jpeg?h=225&w=225,
294645750,Highland Spring Sparkling Water 6 X 1L,https://www.tesco.com/groceries/en-GB/shop/drinks/all?department=Water&viewAll=department&page=,£4.00,£0.07/100ml,,,/groceries/en-GB/products/294645750,https://digitalcontent.api.tesco.com/v2/media/ghs/c58eb44d-e624-4aba-b76c-7f4e1a536549/a7cc0c04-401f-451e-8d27-b7509a0cc939_2048926038.jpeg?h=225&w=225,
309456229,Aqua Pura Still Natural Mineral Water 12X500ml,https://www.tesco.com/groceries/en-GB/shop/drinks/all?department=Water&viewAll=department&page=,£3.00,£0.05/100ml,,,/groceries/en-GB/products/309456229,https://digitalcontent.api.tesco.com/v2/media/ghs/804b9e6c-004f-4b64-b993-c25dbc282be8/96998da6-4793-4055-b120-701c11ca45c9_1291601788.jpeg?h=225&w=225,
301940158,Highland Spring Sparkling Water 8X500ml,https://www.tesco.com/groceries/en-GB/shop/drinks/all?department=Water&viewAll=department&page=,£3.00,£0.08/100ml,,,/groceries/en-GB/products/301940158,https://digitalcontent.api.tesco.com/v2/media/ghs/188138dc-beba-4d7a-af39-77acf00b3294/2ed42694-37fe-4b79-a94c-420d5fc03156_1632164771.jpeg?h=225&w=225,
250041998,Highland Still Spring Water 12 X 330Ml,https://www.tesco.com/groceries/en-GB/shop/drinks/all?department=Water&viewAll=department&page=,£3.25,£0.08/100ml,,,/groceries/en-GB/products/250041998,https://digitalcontent.api.tesco.com/v2/media/ghs/a32ed539-d40a-444f-a9eb-79697d762249/8ae61c44-2c39-40e7-aef0-6c7285dd80d4_2065900290.jpeg?h=225&w=225,
254855434,Volvic Natural Mineral Water 1.5L,https://www.tesco.com/groceries/en-GB/shop/drinks/all?department=Water&viewAll=department&page=,£0.95,£0.06/100ml,,,/groceries/en-GB/products/254855434,https://digitalcontent.api.tesco.com/v2/media/ghs/3b9bfe13-d7e5-4028-8e73-d42d066d4a4c/e4209045-01ab-4095-be5d-f3ab06c3b904_264577520.jpeg?h=225&w=225,
260169834,Buxton Sparkling Mineral Water 8 X 500Ml,https://www.tesco.com/groceries/en-GB/shop/drinks/all?department=Water&viewAll=department&page=,£2.50,£0.06/100ml,,,/groceries/en-GB/products/260169834,https://digitalcontent.api.tesco.com/v2/media/ghs/7048f7d9-9cb6-4728-97c8-5388eaf49bc0/01af46d3-57c1-40db-a075-924f080e101e_542536367.jpeg?h=225&w=225,
282719963,Buxton Sparkling 6X1litre,https://www.tesco.com/groceries/en-GB/shop/drinks/all?department=Water&viewAll=department&page=,£3.00,£0.05/100ml,,,/groceries/en-GB/products/282719963,https://digitalcontent.api.tesco.com/v2/media/ghs/364a0ab5-4b0c-453b-ab44-e522d7f02706/10ae2599-f8c5-4991-80ee-da258f70491a_798133785.jpeg?h=225&w=225,
301227531,Tesco Ashbeck Natural Mineral Water Sport 6X500ml,https://www.tesco.com/groceries/en-GB/shop/drinks/all?department=Water&viewAll=department&page=,£1.60,£0.05/100ml,,,/groceries/en-GB/products/301227531,https://digitalcontent.api.tesco.com/v2/media/ghs/fd757fc0-735e-4dac-80ec-80b65ba665d5/94a2bd0b-9f38-401e-a7f1-a9da072446a5_2104915963.jpeg?h=225&w=225,
267980616,Buxton Natural Mineral Water Still 8 X 500 Ml,https://www.tesco.com/groceries/en-GB/shop/drinks/all?department=Water&viewAll=department&page=,£2.25,£0.06/100ml,,,/groceries/en-GB/products/267980616,https://digitalcontent.api.tesco.com/v2/media/ghs/d17e561a-5cf9-44e8-99eb-93ebf7d94b1d/7b90d7eb-9c59-4131-a5a9-1e94d2a7e7e5_1367070388.jpeg?h=225&w=225,
254855526,Evian Natural Mineral Water 6 X 500 Ml,https://www.tesco.com/groceries/en-GB/shop/drinks/all?department=Water&viewAll=department&page=,£2.75,£0.09/100ml,,,/groceries/en-GB/products/254855526,https://digitalcontent.api.tesco.com/v2/media/ghs/445a92b6-1842-4764-9427-8d587dfba829/c786e088-b867-4def-8b07-685880ac6d72_1592062701.jpeg?h=225&w=225,
258459436,Highland Spring Sparkling Mineral Water 1.5Lt,https://www.tesco.com/groceries/en-GB/shop/drinks/all?department=Water&viewAll=department&page=,£1.10,£0.07/100ml,,,/groceries/en-GB/products/258459436,https://digitalcontent.api.tesco.com/v2/media/ghs/e2974e4a-e86b-4cca-81ec-9b3c95307a6f/3d4aaea7-5769-4cce-ba69-d1f078eab120_1906656473.jpeg?h=225&w=225,
308498561,Tesco Water Splash Blackcurrant 12X300ml,https://www.tesco.com/groceries/en-GB/shop/drinks/all?department=Water&viewAll=department&page=,£3.00,£0.08/100ml,,,/groceries/en-GB/products/308498561,https://digitalcontent.api.tesco.com/v2/media/ghs/a03b8b4a-e5bb-405a-a7f8-768d68db7e06/b66248f5-53ef-4ebd-afbd-112783a1224d_71433337.jpeg?h=225&w=225,
309498749,Aqua Pura Sparkling Natural Water 8X500ml,https://www.tesco.com/groceries/en-GB/shop/drinks/all?department=Water&viewAll=department&page=,£2.00,£0.05/100ml,,,/groceries/en-GB/products/309498749,https://digitalcontent.api.tesco.com/v2/media/ghs/cbce53c6-80eb-43b9-bcbd-a289004ce14c/5949fce5-f820-4bcb-ae85-ac208a28c27d_1643019992.jpeg?h=225&w=225,
256851504,Volvic Touch Of Fruit Lemon & Lime Sugar Free 1.5Ltr,https://www.tesco.com/groceries/en-GB/shop/drinks/all?department=Water&viewAll=department&page=,£1.25,£0.08/100ml,£1.00 Clubcard Price,,/groceries/en-GB/products/256851504,https://digitalcontent.api.tesco.com/v2/media/ghs/66c27dfe-21aa-4a65-ad02-39d092491163/1862eb9d-bdd4-4499-a078-b4fb9af92181_512000184.jpeg?h=225&w=225,
298161836,Volvic Sugar Free Summer Fruit Water 1.5L,https://www.tesco.com/groceries/en-GB/shop/drinks/all?department=Water&viewAll=department&page=,£1.25,£0.08/100ml,£1.00 Clubcard Price,,/groceries/en-GB/products/298161836,https://digitalcontent.api.tesco.com/v2/media/ghs/82c265c5-bf39-465d-bace-6acff56611eb/1acc3da5-f723-4083-b200-37b2e8379c1e_1728314848.jpeg?h=225&w=225,
298161813,Volvic Sugar Free Watermelon Water 1.5L,https://www.tesco.com/groceries/en-GB/shop/drinks/all?department=Water&viewAll=department&page=,£1.25,£0.08/100ml,£1.00 Clubcard Price,,/groceries/en-GB/products/298161813,https://digitalcontent.api.tesco.com/v2/media/ghs/398d0588-b61e-45f8-afc7-362cdc16e26e/5c934641-6117-4f86-8f69-1b7477aff3e9_31347468.jpeg?h=225&w=225,
304791679,Volvic Touch Of Fruit Mango Passion Sugar Free 1.5L,https://www.tesco.com/groceries/en-GB/shop/drinks/all?department=Water&viewAll=department&page=,£1.25,£0.08/100ml,£1.00 Clubcard Price,,/groceries/en-GB/products/304791679,https://digitalcontent.api.tesco.com/v2/media/ghs/2cc3db9e-5708-43b2-9bab-fdf7d73d13b5/32507464-2056-4169-8310-58627bce7001_114849304.jpeg?h=225&w=225,
271513917,Tesco Strawberry Flavoured Still Water 4X500ml,https://www.tesco.com/groceries/en-GB/shop/drinks/all?department=Water&viewAll=department&page=,£1.40,£0.07/100ml,,,/groceries/en-GB/products/271513917,https://digitalcontent.api.tesco.com/v2/media/ghs/b5823a22-a554-4fee-be88-867e1a3adb2c/3b2cfd99-309b-4c03-ba51-9ad0e5935581_259790374.jpeg?h=225&w=225,
301456829,Tesco Still Mineral Water 6X330ml,https://www.tesco.com/groceries/en-GB/shop/drinks/all?department=Water&viewAll=department&page=,£1.10,£0.06/100ml,,,/groceries/en-GB/products/301456829,https://digitalcontent.api.tesco.com/v2/media/ghs/a6cd300b-7563-4780-938f-b8f8368e91d6/03c6ba68-b9b5-4a94-ad4c-f5ab1d247960_1991528238.jpeg?h=225&w=225,
271513981,Tesco Lemon & Lime Flavoured Still Water 4X500ml,https://www.tesco.com/groceries/en-GB/shop/drinks/all?department=Water&viewAll=department&page=,£1.40,£0.07/100ml,,,/groceries/en-GB/products/271513981,https://digitalcontent.api.tesco.com/v2/media/ghs/be0c34c6-89a5-41c1-a2b8-faf35e1d560d/3066e0ab-2d6f-43d7-b214-d682711de932_145127297.jpeg?h=225&w=225,
292718079,Tesco Apple & Raspberry No Added Sugar Sparkling Water 4X500ml,https://www.tesco.com/groceries/en-GB/shop/drinks/all?department=Water&viewAll=department&page=,£1.40,£0.07/100ml,,,/groceries/en-GB/products/292718079,https://digitalcontent.api.tesco.com/v2/media/ghs/0e89a932-d92b-4b0a-b7a8-12e023865db1/72529c51-75c5-4d8f-9767-3b5ff914f58a_2114999571.jpeg?h=225&w=225,
277145024,Tesco Lemon & Lime Still Flavoured Water 1Ltr,https://www.tesco.com/groceries/en-GB/shop/drinks/all?department=Water&viewAll=department&page=,£0.60,£0.06/100ml,,,/groceries/en-GB/products/277145024,https://digitalcontent.api.tesco.com/v2/media/ghs/898528d3-8fac-4b6f-9e09-e7716a7e8294/523f239d-c0a9-4912-b9fb-740c7bd7a7cf_2018384106.jpeg?h=225&w=225,
312092482,Perfectly Clear Zero Sugar Still Lemon Lime Water 1L,https://www.tesco.com/groceries/en-GB/shop/drinks/all?department=Water&viewAll=department&page=,£0.70,£0.07/100ml,,New,/groceries/en-GB/products/312092482,https://digitalcontent.api.tesco.com/v2/media/ghs/05bee1e1-3d63-4759-892f-51b402ae542a/8f74d28e-f72c-4671-99d3-826fac4f97df_1031123000.jpeg?h=225&w=225,
308107426,Volvic Touch Of Fruit Sugar Free Apple & B/Curnt Water 1.5L,https://www.tesco.com/groceries/en-GB/shop/drinks/all?department=Water&viewAll=department&page=,£1.25,£0.08/100ml,£1.00 Clubcard Price,,/groceries/en-GB/products/308107426,https://digitalcontent.api.tesco.com/v2/media/ghs/272bc0a5-7c68-4767-8015-9346a33ab9f5/71d6ac8e-3046-4cc6-9b45-3dc0574babe6_1588425564.jpeg?h=225&w=225,
298163270,Tesco Sparkling Strawberry Spring Water 1 Litre,https://www.tesco.com/groceries/en-GB/shop/drinks/all?department=Water&viewAll=department&page=,£0.60,£0.06/100ml,,,/groceries/en-GB/products/298163270,https://digitalcontent.api.tesco.com/v2/media/ghs/ef251801-3844-4b2e-941b-6fa644e6dc33/9a388a09-3612-4b00-84a6-f44b28023ac6_1255071127.jpeg?h=225&w=225,
251747446,Buxton Still Water 1.5Ltr,https://www.tesco.com/groceries/en-GB/shop/drinks/all?department=Water&viewAll=department&page=,£0.70,£0.05/100ml,,,/groceries/en-GB/products/251747446,https://digitalcontent.api.tesco.com/v2/media/ghs/8e13aef5-f6af-466a-9ff8-7763ef9a4639/d27ebcca-27d0-4012-b690-41ec2bce17e6_1779985921.jpeg?h=225&w=225,
308480230,Highland Spring Still Water 10L,https://www.tesco.com/groceries/en-GB/shop/drinks/all?department=Water&viewAll=department&page=,£5.00,£0.05/100ml,,,/groceries/en-GB/products/308480230,https://digitalcontent.api.tesco.com/v2/media/ghs/1ca5998e-e20d-471a-8436-8573900f1594/ee6ca7a1-bcda-4e1f-8a3d-41446616d88e_588642472.jpeg?h=225&w=225,
281840468,Volvic Touch Of Fruit Strawberry 6X500ml,https://www.tesco.com/groceries/en-GB/shop/drinks/all?department=Water&viewAll=department&page=,£3.60,£0.12/100ml,,,/groceries/en-GB/products/281840468,https://digitalcontent.api.tesco.com/v2/media/ghs/56006725-baad-4ed2-b5bf-2fc01d617105/a162b11a-88d3-40c5-8b35-43f71ca305ca_691313829.jpeg?h=225&w=225,
255605764,Volvic Still Mineral Water 6X500ml Bottle,https://www.tesco.com/groceries/en-GB/shop/drinks/all?department=Water&viewAll=department&page=,£2.50,£0.08/100ml,,,/groceries/en-GB/products/255605764,https://digitalcontent.api.tesco.com/v2/media/ghs/ada30875-cd94-4e41-a437-937498d73ca3/8dc29f5b-1391-4501-8adf-4720c128141e_1642868313.jpeg?h=225&w=225,
309480712,Aqua Libra Water Sparkling Raspberry & Blackcurrant 4X330ml,https://www.tesco.com/groceries/en-GB/shop/drinks/all?department=Water&viewAll=department&page=,£3.35,£0.25/100ml,,,/groceries/en-GB/products/309480712,https://digitalcontent.api.tesco.com/v2/media/ghs/8f16d97b-117c-40a5-903d-1899614e2d49/29461d1b-1a64-4b6e-8e77-b343263d19b7_2123897656.jpeg?h=225&w=225,
309493213,Aqua Libra Sparkling Water Cucumber Mint Lime4x330ml,https://www.tesco.com/groceries/en-GB/shop/drinks/all?department=Water&viewAll=department&page=,£3.35,£0.25/100ml,,,/groceries/en-GB/products/309493213,https://digitalcontent.api.tesco.com/v2/media/ghs/42849149-54ee-4ee7-b19c-1c21498c506d/549ce8f6-44a4-46bf-a695-810927371fe2_2088665755.jpeg?h=225&w=225,
272671727,Robinsons Fruit Hydro Blackcurrant 8X200ml,https://www.tesco.com/groceries/en-GB/shop/drinks/all?department=Water&viewAll=department&page=,£3.55,£0.22/100ml,,,/groceries/en-GB/products/272671727,https://digitalcontent.api.tesco.com/v2/media/ghs/e982e9db-b20b-40cb-bdab-dc7b0dfa69e2/f08b103e-4295-4172-9389-59da179632d5_2000342697.jpeg?h=225&w=225,
292069443,Fruit Shoot Hydro Apple & Raspberry 8X200ml,https://www.tesco.com/groceries/en-GB/shop/drinks/all?department=Water&viewAll=department&page=,£3.55,£0.22/100ml,,,/groceries/en-GB/products/292069443,https://digitalcontent.api.tesco.com/v2/media/ghs/006b29fd-50da-470b-824c-be2e8d45f05b/e374fc97-0bd5-46dc-a062-bcd3c05b2bff_1094573184.jpeg?h=225&w=225,
260170549,San Pellegrino Sparkling Water 1L,https://www.tesco.com/groceries/en-GB/shop/drinks/all?department=Water&viewAll=department&page=,£1.40,£0.14/100ml,,,/groceries/en-GB/products/260170549,https://digitalcontent.api.tesco.com/v2/media/ghs/a1da8e0d-48ba-49b7-9440-dca1f057e7c9/1803a011-19d6-4676-ac33-aae800514fbc_1504481535.jpeg?h=225&w=225,
298162887,Rubicon Spring Water Black Cherry Raspberry 1.5L,https://www.tesco.com/groceries/en-GB/shop/drinks/all?department=Water&viewAll=department&page=,£1.75,£0.12/100ml,,,/groceries/en-GB/products/298162887,https://digitalcontent.api.tesco.com/v2/media/ghs/f4b37071-a28e-423a-8071-b0b21f4e7713/f393b3f2-733a-4092-a734-4b55338c4694_689958331.jpeg?h=225&w=225,
258513695,Evian Still 4X75cl,https://www.tesco.com/groceries/en-GB/shop/drinks/all?department=Water&viewAll=department&page=,£3.20,£0.11/100ml,,,/groceries/en-GB/products/258513695,https://digitalcontent.api.tesco.com/v2/media/ghs/f277cdb2-3204-4ad6-b121-3a43f1837924/2c205c02-111f-4cf9-8f97-f8f2f4ba0da9_877583333.jpeg?h=225&w=225,
252078182,Evian Natural Mineral Water 1.5 Litres,https://www.tesco.com/groceries/en-GB/shop/drinks/all?department=Water&viewAll=department&page=,£1.20,£0.08/100ml,£1.00 Clubcard Price,,/groceries/en-GB/products/252078182,https://digitalcontent.api.tesco.com/v2/media/ghs/d36528e6-72df-4ad9-b701-684a89b5b096/4b430f42-0b81-486f-8e04-cf5aa1f5e2c1_1914533223.jpeg?h=225&w=225,
262074735,Volvic Touch Of Fruit Strawberry 1.5Ltr,https://www.tesco.com/groceries/en-GB/shop/drinks/all?department=Water&viewAll=department&page=,£1.25,£0.08/100ml,£1.00 Clubcard Price,,/groceries/en-GB/products/262074735,https://digitalcontent.api.tesco.com/v2/media/ghs/e56c6ad8-c83a-4fb7-907e-8fc968204c1d/bdaf4859-aed7-4cdc-a3de-7b47f8884c2b_1315820646.jpeg?h=225&w=225,
305252586,Fruit Shoot Hydro Apple & Raspberry Spring Water 4X200ml,https://www.tesco.com/groceries/en-GB/shop/drinks/all?department=Water&viewAll=department&page=,£2.00,£0.25/100ml,,,/groceries/en-GB/products/305252586,https://digitalcontent.api.tesco.com/v2/media/ghs/7a01b113-9d35-4d02-8a45-f6a2b60ba2c0/0c11f93e-90dd-47bd-96a2-00d9f4a9519a_1688171905.jpeg?h=225&w=225,
305254647,Fruit Shoot Hydro Blackcurrant Spring Water No Added Sugar 4 X 200Ml,https://www.tesco.com/groceries/en-GB/shop/drinks/all?department=Water&viewAll=department&page=,£2.00,£0.25/100ml,,,/groceries/en-GB/products/305254647,https://digitalcontent.api.tesco.com/v2/media/ghs/dede6327-295a-4cad-8fe1-b55b786a3d7e/393ae4ac-f02b-4827-9750-9978d40d6d89_1899861424.jpeg?h=225&w=225,
262450751,Volvic Touch Of Fruit Lemon And Lime 1.5Ltr,https://www.tesco.com/groceries/en-GB/shop/drinks/all?department=Water&viewAll=department&page=,£1.25,£0.08/100ml,£1.00 Clubcard Price,,/groceries/en-GB/products/262450751,https://digitalcontent.api.tesco.com/v2/media/ghs/52003deb-5209-436d-9c3d-ca01e3be4aed/158599da-cfb6-4c79-9485-9f186489af6e_304312234.jpeg?h=225&w=225,
255209801,San Pellegrino Sparkling Water 750Ml,https://www.tesco.com/groceries/en-GB/shop/drinks/all?department=Water&viewAll=department&page=,£1.45,£0.19/100ml,,,/groceries/en-GB/products/255209801,https://digitalcontent.api.tesco.com/v2/media/ghs/974539bc-eed4-4d7b-a8bf-5ac09b9d9990/bd0c5bd1-3dd3-44be-a2ee-5c3bcf24c3c2_1556138499.jpeg?h=225&w=225,
260169362,Buxton Still Water Sports 1L(C),https://www.tesco.com/groceries/en-GB/shop/drinks/all?department=Water&viewAll=department&page=,£1.10,£0.11/100ml,"£3.40 Meal Deal Clubcard Price £3.90 Meal Deal Regular Price - Selected Drink, Snack, Wrap, Sandwich, Roll, Pasty Or Salad",,/groceries/en-GB/products/260169362,https://digitalcontent.api.tesco.com/v2/media/ghs/853da574-6890-4458-8e2c-5cf581b10def/94883231-f127-4819-bb9f-4d32c730a548_2065743219.jpeg?h=225&w=225,
254855492,Highland Spring Still Water 1.5 Litre,https://www.tesco.com/groceries/en-GB/shop/drinks/all?department=Water&viewAll=department&page=,£1.00,£0.07/100ml,,,/groceries/en-GB/products/254855492,https://digitalcontent.api.tesco.com/v2/media/ghs/31cb5e1f-e64b-4069-9053-5e4c041bead8/c2a03853-8cb4-405f-9004-32c62c7be5d6_1792256844.jpeg?h=225&w=225,
268352679,Volvic Touch Of Fruit Summer Fruits 1.5Ltr,https://www.tesco.com/groceries/en-GB/shop/drinks/all?department=Water&viewAll=department&page=,£1.25,£0.08/100ml,£1.00 Clubcard Price,,/groceries/en-GB/products/268352679,https://digitalcontent.api.tesco.com/v2/media/ghs/48520f89-5bb7-41ca-bfa6-15faa4e67e1a/420b506a-946b-4002-b713-07f84c47b38e_1865660063.jpeg?h=225&w=225,
298163258,Aqua Carpatica Mineral Water 1L,https://www.tesco.com/groceries/en-GB/shop/drinks/all?department=Water&viewAll=department&page=,£1.10,£0.09/100ml,,,/groceries/en-GB/products/298163258,https://digitalcontent.api.tesco.com/v2/media/ghs/cb88f395-6d5a-40b5-9aad-9b7a40bd842f/f1ccb657-b409-4003-ad31-7e2557191696_921976845.jpeg?h=225&w=225,
250267952,Volvic Sports Cap Water 1Ltr,https://www.tesco.com/groceries/en-GB/shop/drinks/all?department=Water&viewAll=department&page=,£1.00,£0.10/100ml,"£3.40 Meal Deal Clubcard Price £3.90 Meal Deal Regular Price - Selected Drink, Snack, Wrap, Sandwich, Roll, Pasty Or Salad",,/groceries/en-GB/products/250267952,https://digitalcontent.api.tesco.com/v2/media/ghs/d1920199-4a81-40a1-94ac-c925f12656ca/f60a5494-d100-4365-ab39-6722abddd043_1071187283.jpeg?h=225&w=225,
257741719,Evian Water 75Cl,https://www.tesco.com/groceries/en-GB/shop/drinks/all?department=Water&viewAll=department&page=,£1.20,£0.16/100ml,"£3.40 Meal Deal Clubcard Price £3.90 Meal Deal Regular Price - Selected Drink, Snack, Wrap, Sandwich, Roll, Pasty Or Salad",,/groceries/en-GB/products/257741719,https://digitalcontent.api.tesco.com/v2/media/ghs/5b07649d-e756-4348-ae33-610d89d585f5/26982ee2-764b-42b9-8d55-8e118debd9f1_599321664.jpeg?h=225&w=225,
291107585,Ocean Spray Sparkling Cranberry Raspberry 1 Litre,https://www.tesco.com/groceries/en-GB/shop/drinks/all?department=Water&viewAll=department&page=,£1.00,£0.10/100ml,,,/groceries/en-GB/products/291107585,https://digitalcontent.api.tesco.com/v2/media/ghs/84efc5db-1f77-48c9-9fb5-1847058c3f4a/6753cffa-37f9-49aa-bd03-42db77bbfa4f_1724452470.jpeg?h=225&w=225,
311263691,Volvic Touch Of Fruit Peach & Raspberry Natural Flavoured Water 1.5 Litre,https://www.tesco.com/groceries/en-GB/shop/drinks/all?department=Water&viewAll=department&page=,£1.25,£0.08/100ml,,,/groceries/en-GB/products/311263691,https://digitalcontent.api.tesco.com/v2/media/ghs/6aad6d1d-b056-44fd-9320-6f3e0e789f0d/b150f57d-ed30-49f0-9070-e3c2c733f03a_264893072.jpeg?h=225&w=225,
272308641,Evian Water 1L,https://www.tesco.com/groceries/en-GB/shop/drinks/all?department=Water&viewAll=department&page=,£0.95,£0.10/100ml,,,/groceries/en-GB/products/272308641,https://digitalcontent.api.tesco.com/v2/media/ghs/00987164-f46c-4f8d-a13c-b3935cbdc6a8/76687693-ae2d-4d31-8681-b6e9800ba793_408340780.jpeg?h=225&w=225,
285132649,Glaceau Smartwater 600Ml,https://www.tesco.com/groceries/en-GB/shop/drinks/all?department=Water&viewAll=department&page=,£0.80,£0.13/100ml,"£3.40 Meal Deal Clubcard Price £3.90 Meal Deal Regular Price - Selected Drink, Snack, Wrap, Sandwich, Roll, Pasty Or Salad",,/groceries/en-GB/products/285132649,https://digitalcontent.api.tesco.com/v2/media/ghs/968f615c-f705-4632-b65b-64efbfe2fac2/44b41185-e9ed-4678-954d-bc6385ee3972_550847473.jpeg?h=225&w=225,
308092689,Volvic Touch Of Fruit Pineapple & Orange Flavoured Water 1.5Ltr,https://www.tesco.com/groceries/en-GB/shop/drinks/all?department=Water&viewAll=department&page=,£1.25,£0.08/100ml,£1.00 Clubcard Price,,/groceries/en-GB/products/308092689,https://digitalcontent.api.tesco.com/v2/media/ghs/1236dbea-eac6-4687-a7df-19ef0401e2dd/cfe28749-7bdd-415a-a628-2770a4aa9276_906380563.jpeg?h=225&w=225,
312702758,Actiph Alkaline Ionised Water 6X600ml,https://www.tesco.com/groceries/en-GB/shop/drinks/all?department=Water&viewAll=department&page=,£5.50,£0.15/100ml,,,/groceries/en-GB/products/312702758,https://digitalcontent.api.tesco.com/v2/media/ghs/585e9b60-3b3e-431e-bbf6-9859f69e93fe/snapshotimagehandler_1211715590.jpeg?h=225&w=225,
281840514,Volvic Touch Of Fruit Lemon And Lime 6X500ml,https://www.tesco.com/groceries/en-GB/shop/drinks/all?department=Water&viewAll=department&page=,£3.60,£0.12/100ml,,,/groceries/en-GB/products/281840514,https://digitalcontent.api.tesco.com/v2/media/ghs/e7a50a24-2ee7-4c4f-9cac-1dd4ffa4b125/839fcf55-956a-4578-b93c-2e86bc183818_1624899567.jpeg?h=225&w=225,
304797052,S. Pellegrino Essenza Dark Cherry & Pomegranate 6X330ml,https://www.tesco.com/groceries/en-GB/shop/drinks/all?department=Water&viewAll=department&page=,£4.00,£0.20/100ml,,,/groceries/en-GB/products/304797052,https://digitalcontent.api.tesco.com/v2/media/ghs/957be458-b62e-4fd1-a613-d5bd8339a85e/64d29a97-6970-4b43-a125-40bae95ebe6a_1800696338.jpeg?h=225&w=225,
310124253,Northumbria Spring Still Spring Water 12X330ml,https://www.tesco.com/groceries/en-GB/shop/drinks/all?department=Water&viewAll=department&page=,£5.00,£0.13/100ml,,,/groceries/en-GB/products/310124253,https://digitalcontent.api.tesco.com/v2/media/ghs/657b0547-bacc-4c31-a4a9-3db5e7cb253c/4ba330ef-4959-481f-8b7d-b20b1f993391_1146657374.jpeg?h=225&w=225,
304785072,S. Pellegrino Essenza Tangerine & Strawberry 6X330ml,https://www.tesco.com/groceries/en-GB/shop/drinks/all?department=Water&viewAll=department&page=,£4.00,£0.20/100ml,,,/groceries/en-GB/products/304785072,https://digitalcontent.api.tesco.com/v2/media/ghs/6a1dfc62-20f7-42a7-aae8-c5c8ee3d5ecd/86e81fd2-7d22-4f9f-92da-c7b4a3b12539_1352962824.jpeg?h=225&w=225,
307148344,Wow Hydrate Protein Summer Fruits 4X500ml,https://www.tesco.com/groceries/en-GB/shop/drinks/all?department=Water&viewAll=department&page=,£4.50,£0.22/100ml,,,/groceries/en-GB/products/307148344,https://digitalcontent.api.tesco.com/v2/media/ghs/b4db9bfb-e29c-4a9f-96ed-8511ff3e9754/298aed0b-9980-4df5-8f87-3e8f8151d034_235642188.jpeg?h=225&w=225,
312558220,Dash Raspberry Infused Sparkling Water 4X330ml,https://www.tesco.com/groceries/en-GB/shop/drinks/all?department=Water&viewAll=department&page=,£4.00,£0.30/100ml,,,/groceries/en-GB/products/312558220,https://digitalcontent.api.tesco.com/v2/media/ghs/c0f82a1e-a31b-4aed-87ce-f957f51d8f87/4e5c19bc-dcf2-42e2-a86d-0f9b5fce4dba_1773050173.jpeg?h=225&w=225,
307136151,Wow Hydrate Protein Tropical 4X500ml,https://www.tesco.com/groceries/en-GB/shop/drinks/all?department=Water&viewAll=department&page=,£4.50,£0.22/100ml,,,/groceries/en-GB/products/307136151,https://digitalcontent.api.tesco.com/v2/media/ghs/8a8b8f29-3107-4f82-9a6b-3edebb3a1bbf/c81c036f-a0c1-4f72-bf15-d65064dce487_129253919.jpeg?h=225&w=225,
312711309,Dash Peach Infused Sparkling Water 4X330ml,https://www.tesco.com/groceries/en-GB/shop/drinks/all?department=Water&viewAll=department&page=,£4.00,£0.30/100ml,,,/groceries/en-GB/products/312711309,https://digitalcontent.api.tesco.com/v2/media/ghs/1ef7f704-f33d-4c86-9b9b-d0b180c3586f/56ec7fb8-738c-443d-9720-2e262d0316ba_1566732770.jpeg?h=225&w=225,
308841823,Highland Spring Pear & Elderflower Spring Water 4X330ml,https://www.tesco.com/groceries/en-GB/shop/drinks/all?department=Water&viewAll=department&page=,£3.25,£0.25/100ml,,,/groceries/en-GB/products/308841823,https://digitalcontent.api.tesco.com/v2/media/ghs/dca7df55-4454-452f-a15f-4a698e76c1ee/aa0b463a-8124-4eb3-911d-bbe598a9e406_1874828429.jpeg?h=225&w=225,
312235631,Dash Mango Infused Sparkling Water 4X330ml,https://www.tesco.com/groceries/en-GB/shop/drinks/all?department=Water&viewAll=department&page=,£4.00,£0.30/100ml,,,/groceries/en-GB/products/312235631,https://digitalcontent.api.tesco.com/v2/media/ghs/48457c36-dd0a-4971-b3dc-b3014aff9822/4731164c-a069-4f1a-b57d-e98954a75a90_63823365.jpeg?h=225&w=225,
311204382,Rubicon Black Cherry Raspberry Sparkling Water 4X330ml,https://www.tesco.com/groceries/en-GB/shop/drinks/all?department=Water&viewAll=department&page=,£3.50,£0.27/100ml,,,/groceries/en-GB/products/311204382,https://digitalcontent.api.tesco.com/v2/media/ghs/a8737e62-db77-4d03-8a83-90e41bf69332/b97553d9-730a-4785-9512-9749231fa4b3_1708829715.jpeg?h=225&w=225,
311202424,Rubicon Orange & Mango Sparkling Water 4X330ml,https://www.tesco.com/groceries/en-GB/shop/drinks/all?department=Water&viewAll=department&page=,£3.50,£0.27/100ml,,,/groceries/en-GB/products/311202424,https://digitalcontent.api.tesco.com/v2/media/ghs/a1ab0c7d-8986-4609-befd-ab02cf72a580/f91e5925-637a-4c50-a8c8-be27b3f86f2c_1131529175.jpeg?h=225&w=225,
272691801,Robinsons Hydro Orange & Pineapple 8X200ml,https://www.tesco.com/groceries/en-GB/shop/drinks/all?department=Water&viewAll=department&page=,£3.55,£0.22/100ml,,,/groceries/en-GB/products/272691801,https://digitalcontent.api.tesco.com/v2/media/ghs/2c324172-0869-45e2-b9ff-9263a1377104/38749b3c-1c1c-48b9-91ff-f1ff59c1d6f0_1638397387.jpeg?h=225&w=225,
308471304,Highland Spring Blackberry Plum Spring Water 4X330ml,https://www.tesco.com/groceries/en-GB/shop/drinks/all?department=Water&viewAll=department&page=,£3.25,£0.25/100ml,,,/groceries/en-GB/products/308471304,https://digitalcontent.api.tesco.com/v2/media/ghs/5e63e1cb-be56-49e3-99dc-9c2c2e04db92/dce866ab-83ac-492c-909c-35546a7fc9d5_458651597.jpeg?h=225&w=225,
298162864,Rubicon Spring Strawberry Kiwi Water 1.5L,https://www.tesco.com/groceries/en-GB/shop/drinks/all?department=Water&viewAll=department&page=,£1.75,£0.12/100ml,,,/groceries/en-GB/products/298162864,https://digitalcontent.api.tesco.com/v2/media/ghs/5e1f7a8e-0994-473c-9dbe-f41575781eb0/b721a4fd-6a5d-4634-864c-6e62684c2990_978724969.jpeg?h=225&w=225,
296660139,Get More Vitamin D Still Mango & Passion Fruit 1Ltr,https://www.tesco.com/groceries/en-GB/shop/drinks/all?department=Water&viewAll=department&page=,£1.80,£0.18/100ml,,,/groceries/en-GB/products/296660139,https://digitalcontent.api.tesco.com/v2/media/ghs/88b078ff-125a-4daf-9a40-ebc191f6618c/2b5c6bdf-ea9f-47b2-9557-94b92aadac44_146901047.jpeg?h=225&w=225,
305958500,Get More Vitamins B12 Pink Grapefruit Sugar Free Still 1L,https://www.tesco.com/groceries/en-GB/shop/drinks/all?department=Water&viewAll=department&page=,£1.80,£0.18/100ml,,,/groceries/en-GB/products/305958500,https://digitalcontent.api.tesco.com/v2/media/ghs/f91da9d7-2918-4e89-b160-4f001bec08d6/535a5ac3-6f8c-40a8-96a1-65544824d48a_135974966.jpeg?h=225&w=225,
305988470,"Get More Vitamins Peach & Apricot S/Free, Still 1L",https://www.tesco.com/groceries/en-GB/shop/drinks/all?department=Water&viewAll=department&page=,£1.80,£0.18/100ml,,,/groceries/en-GB/products/305988470,https://digitalcontent.api.tesco.com/v2/media/ghs/973dfb1b-ff3b-4fb1-9369-e17211b243c7/4f91925a-ff91-4cfa-8e25-894fb9f4ed51_71423200.jpeg?h=225&w=225,
304783919,Actiph Alkaline Ionised Water 1 Litre,https://www.tesco.com/groceries/en-GB/shop/drinks/all?department=Water&viewAll=department&page=,£2.00,£0.20/100ml,,,/groceries/en-GB/products/304783919,https://digitalcontent.api.tesco.com/v2/media/ghs/14c54934-1d2d-4f5c-901a-3ac01e612033/699742e1-2419-4b06-ace5-b853f1d43465_698247850.jpeg?h=225&w=225,
268352610,Volvic Touch Of Fruit Lemon & Lime 750Ml,https://www.tesco.com/groceries/en-GB/shop/drinks/all?department=Water&viewAll=department&page=,£1.40,£0.19/100ml,"£3.40 Meal Deal Clubcard Price £3.90 Meal Deal Regular Price - Selected Drink, Snack, Wrap, Sandwich, Roll, Pasty Or Salad",,/groceries/en-GB/products/268352610,https://digitalcontent.api.tesco.com/v2/media/ghs/c48ab234-d5df-436f-a8f4-fd53dfdb7cac/d659a29b-aecf-4bd9-8e10-0f01bb1670cd_110270362.jpeg?h=225&w=225,
291106897,Ocean Spray Sparkling Water Cranberry 1 Litre,https://www.tesco.com/groceries/en-GB/shop/drinks/all?department=Water&viewAll=department&page=,£1.00,£0.10/100ml,,,/groceries/en-GB/products/291106897,https://digitalcontent.api.tesco.com/v2/media/ghs/9ee17101-bb33-4890-a495-a25496b85528/cc3fb74a-9d57-4400-b869-d789b2c75e47_1567978391.jpeg?h=225&w=225,
296870560,Rubicon Spring Black Cherry & Raspberry 500Ml,https://www.tesco.com/groceries/en-GB/shop/drinks/all?department=Water&viewAll=department&page=,£1.30,£0.26/100ml,"£3.40 Meal Deal Clubcard Price £3.90 Meal Deal Regular Price - Selected Drink, Snack, Wrap, Sandwich, Roll, Pasty Or Salad",,/groceries/en-GB/products/296870560,https://digitalcontent.api.tesco.com/v2/media/ghs/0aa56b00-5bbb-4f61-89ef-31c5c030a67f/57692264-e245-440c-925d-3cb2b070d76f_374068170.jpeg?h=225&w=225,
252168830,Evian Natural Mineral Water 500Ml,https://www.tesco.com/groceries/en-GB/shop/drinks/all?department=Water&viewAll=department&page=,£0.90,£0.18/100ml,"£3.40 Meal Deal Clubcard Price £3.90 Meal Deal Regular Price - Selected Drink, Snack, Wrap, Sandwich, Roll, Pasty Or Salad",,/groceries/en-GB/products/252168830,https://digitalcontent.api.tesco.com/v2/media/ghs/5862c6e4-b095-4053-bb40-e83c1d1ff5f2/95080a75-0372-450b-a334-708b7c192df3_384833645.jpeg?h=225&w=225,
278002866,Get More Vitamin D 500 Ml,https://www.tesco.com/groceries/en-GB/shop/drinks/all?department=Water&viewAll=department&page=,£1.25,£0.25/100ml,"£3.40 Meal Deal Clubcard Price £3.90 Meal Deal Regular Price - Selected Drink, Snack, Wrap, Sandwich, Roll, Pasty Or Salad",,/groceries/en-GB/products/278002866,https://digitalcontent.api.tesco.com/v2/media/ghs/d7cbe7ea-10af-4c07-aaed-ad7952d08461/d0308280-62f0-46c6-89fa-2ebbb21bcf66_317928373.jpeg?h=225&w=225,
293541591,Glaceau Smartwater Sport Cap 850Ml,https://www.tesco.com/groceries/en-GB/shop/drinks/all?department=Water&viewAll=department&page=,£1.10,£0.13/100ml,"£3.40 Meal Deal Clubcard Price £3.90 Meal Deal Regular Price - Selected Drink, Snack, Wrap, Sandwich, Roll, Pasty Or Salad",,/groceries/en-GB/products/293541591,https://digitalcontent.api.tesco.com/v2/media/ghs/1cd22de0-0f47-47e8-b5c0-d29961a51daa/8ea89396-0946-4695-9512-53b59d75659c_571191231.jpeg?h=225&w=225,
268352466,Volvic Touch Of Fruit Strawberry 750Ml,https://www.tesco.com/groceries/en-GB/shop/drinks/all?department=Water&viewAll=department&page=,£1.40,£0.19/100ml,"£3.40 Meal Deal Clubcard Price £3.90 Meal Deal Regular Price - Selected Drink, Snack, Wrap, Sandwich, Roll, Pasty Or Salad",,/groceries/en-GB/products/268352466,https://digitalcontent.api.tesco.com/v2/media/ghs/5926cbf3-f649-4c22-8a30-9be6bd031015/776c19dd-72f5-4efb-9fdc-3a4e8be05590_668734382.jpeg?h=225&w=225,
251074208,San Pellegrino Sparkling Water 500Ml (New),https://www.tesco.com/groceries/en-GB/shop/drinks/all?department=Water&viewAll=department&page=,£0.90,£0.18/100ml,"£3.40 Meal Deal Clubcard Price £3.90 Meal Deal Regular Price - Selected Drink, Snack, Wrap, Sandwich, Roll, Pasty Or Salad",,/groceries/en-GB/products/251074208,https://digitalcontent.api.tesco.com/v2/media/ghs/c100c589-5aac-4e8d-a160-1e3d2d40d216/0d95a646-f076-4527-a7b6-83cf2ecb83a1_460913592.jpeg?h=225&w=225,
260205412,Highland Spring Sports Bottle 750 Ml,https://www.tesco.com/groceries/en-GB/shop/drinks/all?department=Water&viewAll=department&page=,£1.00,£0.13/100ml,"£3.40 Meal Deal Clubcard Price £3.90 Meal Deal Regular Price - Selected Drink, Snack, Wrap, Sandwich, Roll, Pasty Or Salad",,/groceries/en-GB/products/260205412,https://digitalcontent.api.tesco.com/v2/media/ghs/e9b07729-4e10-4e32-b671-098ad2393f4a/3e342556-8f5d-4d8b-9ce2-ddcb3f27c829_1241404347.jpeg?h=225&w=225,
301674346,Cano Water Still Spring Water Resealable 500Ml,https://www.tesco.com/groceries/en-GB/shop/drinks/all?department=Water&viewAll=department&page=,£1.00,£0.20/100ml,"£3.40 Meal Deal Clubcard Price £3.90 Meal Deal Regular Price - Selected Drink, Snack, Wrap, Sandwich, Roll, Pasty Or Salad",,/groceries/en-GB/products/301674346,https://digitalcontent.api.tesco.com/v2/media/ghs/e09e8019-a8a7-4132-b6cb-6fbc174cdee9/a47e8ff1-f9ec-433d-9edd-7670367635a5_260216821.jpeg?h=225&w=225,
302012052,Get More Vitamins Recovery Cranberry 500Ml,https://www.tesco.com/groceries/en-GB/shop/drinks/all?department=Water&viewAll=department&page=,£1.25,£0.25/100ml,"£3.40 Meal Deal Clubcard Price £3.90 Meal Deal Regular Price - Selected Drink, Snack, Wrap, Sandwich, Roll, Pasty Or Salad",,/groceries/en-GB/products/302012052,https://digitalcontent.api.tesco.com/v2/media/ghs/337ea358-a50a-46ab-baba-a58c6a951302/c4faa46b-6ff7-4d44-8105-eeab86214e80_1716339117.jpeg?h=225&w=225,
311787186,Perfectly Clear Zero Sugar Still Strawberry Water 1L,https://www.tesco.com/groceries/en-GB/shop/drinks/all?department=Water&viewAll=department&page=,£0.70,£0.07/100ml,,,/groceries/en-GB/products/311787186,https://digitalcontent.api.tesco.com/v2/media/ghs/9eabf57c-15b2-4402-802d-2739ffbfa5af/ff7020b7-0310-40cd-b69c-651919555b35_946668492.jpeg?h=225&w=225,
311683697,Perfectly Clear Zero Sugar Still Red Apple Water 1L,https://www.tesco.com/groceries/en-GB/shop/drinks/all?department=Water&viewAll=department&page=,£0.70,£0.07/100ml,,,/groceries/en-GB/products/311683697,https://digitalcontent.api.tesco.com/v2/media/ghs/df849d6f-87bd-4a82-9186-346b917e2b99/a58be852-0544-4b5c-9f42-f4c3bc035780_220920164.jpeg?h=225&w=225,
310680889,Evian Sparkling Natural Water 330Ml,https://www.tesco.com/groceries/en-GB/shop/drinks/all?department=Water&viewAll=department&page=,£0.75,£0.23/100ml,"£3.40 Meal Deal Clubcard Price £3.90 Meal Deal Regular Price - Selected Drink, Snack, Wrap, Sandwich, Roll, Pasty Or Salad",,/groceries/en-GB/products/310680889,https://digitalcontent.api.tesco.com/v2/media/ghs/14debf58-524f-427e-931f-54922456174b/e719f25d-0757-4fea-a20b-c1dbe0d8641a_1227986557.jpeg?h=225&w=225,
251631485,Bottlegreen Elderflower Cordial 50Cl,https://www.tesco.com/groceries/en-GB/shop/drinks/all?department=Squash%20%26%20Cordial&viewAll=department&page=,£3.75,£0.75/100ml,,,/groceries/en-GB/products/251631485,https://digitalcontent.api.tesco.com/v2/media/ghs/45a7162f-fb43-42f0-83b0-331c210176e3/fe7c942c-b380-4633-bc80-3c7f3bdd0cbd_170372153.jpeg?h=225&w=225,
268344506,Robinsons Concentrate Summerfruits Squash Double No Added Sugar 1.75L,https://www.tesco.com/groceries/en-GB/shop/drinks/all?department=Squash%20%26%20Cordial&viewAll=department&page=,£3.50,£0.20/100ml,,,/groceries/en-GB/products/268344506,https://digitalcontent.api.tesco.com/v2/media/ghs/ef48e2a9-0b86-4612-83e1-4ffe6377981c/8bbec51a-6e0e-489c-bdd5-26db600a3de6_1015718962.jpeg?h=225&w=225,
268344846,Robinsons Double Concentrate No Added Sugar Orange Squash 1.75L,https://www.tesco.com/groceries/en-GB/shop/drinks/all?department=Squash%20%26%20Cordial&viewAll=department&page=,£3.50,£0.20/100ml,,,/groceries/en-GB/products/268344846,https://digitalcontent.api.tesco.com/v2/media/ghs/5adbad5d-8a72-49f0-afb5-4ce74292f92f/a428bf1d-6f39-4a02-8827-6b1469393f45_404413876.jpeg?h=225&w=225,
268345446,Robinsons Double Concentrate Blackcurrant & Apple No Added Sugar 1.75L,https://www.tesco.com/groceries/en-GB/shop/drinks/all?department=Squash%20%26%20Cordial&viewAll=department&page=,£3.50,£0.20/100ml,,,/groceries/en-GB/products/268345446,https://digitalcontent.api.tesco.com/v2/media/ghs/56c0db04-c5bd-4eb8-9b7e-8dca21fa5eb0/2a5cfbf7-e2c8-40ad-b6d8-7ee69c874d9f_2107428866.jpeg?h=225&w=225,
255185891,Tesco High Juice Apple Squash 1L,https://www.tesco.com/groceries/en-GB/shop/drinks/all?department=Squash%20%26%20Cordial&viewAll=department&page=,£1.60,£0.16/100ml,,,/groceries/en-GB/products/255185891,https://digitalcontent.api.tesco.com/v2/media/ghs/eac5fc3f-0d31-4750-a2f1-0f1202886e93/1d9a15dd-2ffa-4289-b340-e3e4f09d9712_1601070229.jpeg?h=225&w=225,
278362600,Vimto No Added Sugar Squash 2L,https://www.tesco.com/groceries/en-GB/shop/drinks/all?department=Squash%20%26%20Cordial&viewAll=department&page=,£2.50,£0.12/100ml,,,/groceries/en-GB/products/278362600,https://digitalcontent.api.tesco.com/v2/media/ghs/4a1e34ec-b953-4f56-b046-f56fdced37e9/52abf4d2-d168-4960-8116-ee62007e7ddf_1259245748.jpeg?h=225&w=225,
298025843,Robinsons Creations Orange & Mango 1L,https://www.tesco.com/groceries/en-GB/shop/drinks/all?department=Squash%20%26%20Cordial&viewAll=department&page=,£2.00,£0.20/100ml,£1.75 Clubcard Price,,/groceries/en-GB/products/298025843,https://digitalcontent.api.tesco.com/v2/media/ghs/e6618c70-cceb-44e3-8edd-6b4e52416318/eea59a4a-6a24-4957-a5f0-ea44df4a2d2b_488820288.jpeg?h=225&w=225,
278288671,Vimto Real Fruit Squash 1 Litre,https://www.tesco.com/groceries/en-GB/shop/drinks/all?department=Squash%20%26%20Cordial&viewAll=department&page=,£1.85,£0.18/100ml,,,/groceries/en-GB/products/278288671,https://digitalcontent.api.tesco.com/v2/media/ghs/a817798e-7bd1-4664-b5d0-15e2e1f80059/bedc8d13-0402-411f-a79e-72c6102030d9_724659747.jpeg?h=225&w=225,
288174341,Ribena No Added Sugar Concentrated Blackcurrant 1.5L,https://www.tesco.com/groceries/en-GB/shop/drinks/all?department=Squash%20%26%20Cordial&viewAll=department&page=,£2.75,£0.18/100ml,,,/groceries/en-GB/products/288174341,https://digitalcontent.api.tesco.com/v2/media/ghs/52abc7e1-4ebc-4896-b0e8-82230c7abfce/748df7cd-90d8-4ae3-b867-2f5f1a0928a2_1710095854.jpeg?h=225&w=225,
312561169,Capri-Sun Orange Double Strength Squash 1 Litre,https://www.tesco.com/groceries/en-GB/shop/drinks/all?department=Squash%20%26%20Cordial&viewAll=department&page=,£2.00,£0.20/100ml,,New,/groceries/en-GB/products/312561169,https://digitalcontent.api.tesco.com/v2/media/ghs/1aebd97b-19dd-4ba9-84bd-a8dd79858cc1/6b989fbe-eb55-4977-8b84-5e43e7536868_1002271046.jpeg?h=225&w=225,
308487516,Robinsons Double Strength Aple & Blackcurrant Squash 1L,https://www.tesco.com/groceries/en-GB/shop/drinks/all?department=Squash%20%26%20Cordial&viewAll=department&page=,£2.25,£0.22/100ml,£1.50 Clubcard Price,,/groceries/en-GB/products/308487516,https://digitalcontent.api.tesco.com/v2/media/ghs/22c7692c-7b15-421b-9212-ce5402def1eb/505e144c-2ac5-4efa-ab3b-6a650d8e304b_1105184082.jpeg?h=225&w=225,
287632607,Ribena Blackcurrant 850Ml,https://www.tesco.com/groceries/en-GB/shop/drinks/all?department=Squash%20%26%20Cordial&viewAll=department&page=,£2.00,£0.24/100ml,,,/groceries/en-GB/products/287632607,https://digitalcontent.api.tesco.com/v2/media/ghs/4f3b9307-1f9f-44a5-beed-8ca9473a5698/86586c70-12af-444b-96b0-ab01b42d7a28_1698319078.jpeg?h=225&w=225,
254854147,Robinsons Orange Squash No Added Sugar 1L,https://www.tesco.com/groceries/en-GB/shop/drinks/all?department=Squash%20%26%20Cordial&viewAll=department&page=,£1.75,£0.18/100ml,,,/groceries/en-GB/products/254854147,https://digitalcontent.api.tesco.com/v2/media/ghs/b572b014-7e37-4704-9d09-f63d4936297e/0b5063f5-986a-4211-80da-c7706cf45ac7_1102761890.jpeg?h=225&w=225,
288174272,Ribena Concentrated Blackcurrant 1.5L,https://www.tesco.com/groceries/en-GB/shop/drinks/all?department=Squash%20%26%20Cordial&viewAll=department&page=,£2.75,£0.18/100ml,,,/groceries/en-GB/products/288174272,https://digitalcontent.api.tesco.com/v2/media/ghs/291fbfa6-5266-4f8e-b639-8ce8131a9ee3/d54f9b5f-cdbe-4c4d-bb92-bc0a824d989e_1758266059.jpeg?h=225&w=225,
308470115,Robinsons Double Strength Orange No Added Sugar Squash 1Ltr,https://www.tesco.com/groceries/en-GB/shop/drinks/all?department=Squash%20%26%20Cordial&viewAll=department&page=,£2.25,£0.22/100ml,£1.50 Clubcard Price,,/groceries/en-GB/products/308470115,https://digitalcontent.api.tesco.com/v2/media/ghs/26206cfe-4281-4f84-b0fc-e79f89614caf/f8e466af-9bf7-4069-ab79-630c61e58130_1756067655.jpeg?h=225&w=225,
278362335,Vimto No Added Sugar Squash 1 Litre,https://www.tesco.com/groceries/en-GB/shop/drinks/all?department=Squash%20%26%20Cordial&viewAll=department&page=,£1.85,£0.18/100ml,,,/groceries/en-GB/products/278362335,https://digitalcontent.api.tesco.com/v2/media/ghs/2dd43caf-51fd-42ec-bffc-18c39cdd0613/766995ea-5a0f-45a2-977a-bb37bfd59d66_217173679.jpeg?h=225&w=225,
312712533,Capri-Sun Summerfruits Double Strength Squash 1 Litre,https://www.tesco.com/groceries/en-GB/shop/drinks/all?department=Squash%20%26%20Cordial&viewAll=department&page=,£2.00,£0.20/100ml,,New,/groceries/en-GB/products/312712533,https://digitalcontent.api.tesco.com/v2/media/ghs/b1446612-c8fd-41c2-a0f2-50f455db806d/f499bdd6-2764-4a8a-be2b-964eb1a6c473_134938813.jpeg?h=225&w=225,
312577957,Vimto No Added Sugar Double Concentrate Squash 1 Litre,https://www.tesco.com/groceries/en-GB/shop/drinks/all?department=Squash%20%26%20Cordial&viewAll=department&page=,£2.50,£0.25/100ml,£1.75 Clubcard Price,,/groceries/en-GB/products/312577957,https://digitalcontent.api.tesco.com/v2/media/ghs/5581d20f-4210-4a2a-aa9e-cb1e2f15fdec/d1aa85e1-538a-4a6b-a9ab-ca876e4d5b0d_507427189.jpeg?h=225&w=225,
310158495,Tesco Quadruple Strength Apple & Strawberry Squash No Added Sugar 1.5L,https://www.tesco.com/groceries/en-GB/shop/drinks/all?department=Squash%20%26%20Cordial&viewAll=department&page=,£1.90,£0.13/100ml,,,/groceries/en-GB/products/310158495,https://digitalcontent.api.tesco.com/v2/media/ghs/e5e3f548-212f-4bb0-a427-7a9f0bd3c727/eb47b538-3688-4d56-8c89-2cebe3365a0b_1060991485.jpeg?h=225&w=225,
254854677,Robinsons Apple Blackcurrant No Added Sugar 1L,https://www.tesco.com/groceries/en-GB/shop/drinks/all?department=Squash%20%26%20Cordial&viewAll=department&page=,£1.75,£0.18/100ml,,,/groceries/en-GB/products/254854677,https://digitalcontent.api.tesco.com/v2/media/ghs/64a47634-8df6-4549-b54c-544b7f0c0e6d/ef8814a5-1a01-4b99-86a3-a6a53d797ce0_756668490.jpeg?h=225&w=225,
310168007,Tesco Quadruple Strength Lemon Squash No Added Sugar 1.5L,https://www.tesco.com/groceries/en-GB/shop/drinks/all?department=Squash%20%26%20Cordial&viewAll=department&page=,£1.90,£0.13/100ml,,,/groceries/en-GB/products/310168007,https://digitalcontent.api.tesco.com/v2/media/ghs/ad0a78e2-9945-4170-9855-676b318a78e0/39a83140-3343-49e1-a9dd-09ab5e97eafa_1117832906.jpeg?h=225&w=225,
309761858,Tesco Quadruple Strength Apple & Blackcurrant Squash No Added Sugar 1.5L,https://www.tesco.com/groceries/en-GB/shop/drinks/all?department=Squash%20%26%20Cordial&viewAll=department&page=,£1.90,£0.13/100ml,,,/groceries/en-GB/products/309761858,https://digitalcontent.api.tesco.com/v2/media/ghs/ef769dbd-1682-440f-9936-d4ccd911b67e/53f1a41d-cd74-4bf8-9290-81c0fd77387b_2127315129.jpeg?h=225&w=225,
251563559,Robinsons Fruit & Barley Summer Fruits 1L,https://www.tesco.com/groceries/en-GB/shop/drinks/all?department=Squash%20%26%20Cordial&viewAll=department&page=,£1.75,£0.18/100ml,£1.25 Clubcard Price,,/groceries/en-GB/products/251563559,https://digitalcontent.api.tesco.com/v2/media/ghs/33fe6bc6-7692-42d5-975c-92091aec3cda/84700e39-18a5-44d6-85d9-6a723bd306d2_1937080327.jpeg?h=225&w=225,
251563421,Robinsons Fruit & Barley Peach 1Ltr,https://www.tesco.com/groceries/en-GB/shop/drinks/all?department=Squash%20%26%20Cordial&viewAll=department&page=,£1.75,£0.18/100ml,£1.25 Clubcard Price,,/groceries/en-GB/products/251563421,https://digitalcontent.api.tesco.com/v2/media/ghs/f8e406e3-0070-4120-867d-a0c72e174275/4cd19fe9-c3b0-4b82-8f05-ad2198ace1ee_2004639997.jpeg?h=225&w=225,
309763361,Tesco Quad Strength Orange Squash No Added Sugar 1.5L,https://www.tesco.com/groceries/en-GB/shop/drinks/all?department=Squash%20%26%20Cordial&viewAll=department&page=,£1.90,£0.13/100ml,,,/groceries/en-GB/products/309763361,https://digitalcontent.api.tesco.com/v2/media/ghs/5351e115-79fd-434e-a28e-2e4e15d1ec7c/f0e49c15-ece2-4565-b259-9cafae6b848b_1895450094.jpeg?h=225&w=225,
260074243,Robinsons Fruit & Barley Apple & Pear 1L,https://www.tesco.com/groceries/en-GB/shop/drinks/all?department=Squash%20%26%20Cordial&viewAll=department&page=,£1.75,£0.18/100ml,£1.25 Clubcard Price,,/groceries/en-GB/products/260074243,https://digitalcontent.api.tesco.com/v2/media/ghs/453e67f7-9433-405d-9bd9-efbb4610eaff/0ec88ec5-49c4-404f-b85a-241d8183edf7_886405522.jpeg?h=225&w=225,
310104611,Tesco Quadruple Strength Squash Orange Lemon & Pineapple 1.5L,https://www.tesco.com/groceries/en-GB/shop/drinks/all?department=Squash%20%26%20Cordial&viewAll=department&page=,£1.90,£0.13/100ml,,,/groceries/en-GB/products/310104611,https://digitalcontent.api.tesco.com/v2/media/ghs/8f2367f1-906e-4aa9-b217-fb3479d16858/b6f98dc7-d161-49a5-a239-28d8f5aa79f2_2128110764.jpeg?h=225&w=225,
309744764,Tesco Quadruple Strength Summer Fruits Squash 1.5L,https://www.tesco.com/groceries/en-GB/shop/drinks/all?department=Squash%20%26%20Cordial&viewAll=department&page=,£1.90,£0.13/100ml,,,/groceries/en-GB/products/309744764,https://digitalcontent.api.tesco.com/v2/media/ghs/ce7ab396-eb7c-4c94-a205-9b31cdf60dfd/3a32f879-e5de-453f-b31c-40b8f2530150_1378894689.jpeg?h=225&w=225,
310132030,Tesco Quadruple Strength Cherries & Berries Squash No Added Sugar 1.5L,https://www.tesco.com/groceries/en-GB/shop/drinks/all?department=Squash%20%26%20Cordial&viewAll=department&page=,£1.90,£0.13/100ml,,,/groceries/en-GB/products/310132030,https://digitalcontent.api.tesco.com/v2/media/ghs/3b7bbbc5-ebdf-4823-b37c-737c4bec614d/7d905c6e-3f19-485b-8cec-4b4ee3001749_813113585.jpeg?h=225&w=225,
310139915,Tesco Quadruple Strength Orange & Mango Squash 1.5L,https://www.tesco.com/groceries/en-GB/shop/drinks/all?department=Squash%20%26%20Cordial&viewAll=department&page=,£1.90,£0.13/100ml,,,/groceries/en-GB/products/310139915,https://digitalcontent.api.tesco.com/v2/media/ghs/8a6b50e3-dfb0-4cce-a9da-f572331eefe4/1f325bfe-b8cf-4100-8c79-5027fc14b14d_1163831844.jpeg?h=225&w=225,
310093927,Tesco Quad Strength Blackcurrant Squash No Added Sugar 1.5L,https://www.tesco.com/groceries/en-GB/shop/drinks/all?department=Squash%20%26%20Cordial&viewAll=department&page=,£1.90,£0.13/100ml,,,/groceries/en-GB/products/310093927,https://digitalcontent.api.tesco.com/v2/media/ghs/c514e327-97bf-45b1-a667-561dc72b59cf/a1408f68-b89d-4cec-ab80-e66c47273980_579790503.jpeg?h=225&w=225,
301107414,Stockwell & Co No Added Sugar Double Strength Orange Squash 750Ml,https://www.tesco.com/groceries/en-GB/shop/drinks/all?department=Squash%20%26%20Cordial&viewAll=department&page=,£0.45,£0.06/100ml,Aldi Price Match,,/groceries/en-GB/products/301107414,https://digitalcontent.api.tesco.com/v2/media/ghs/eec4935c-f54b-4ef4-a06a-8d2e71fcc7cf/318a5f52-a05b-4224-bd22-e0430b157b15_445725713.jpeg?h=225&w=225,
301107437,Stockwell & Co Apple & Blackcurrant No Added Sugar Squash 750Ml,https://www.tesco.com/groceries/en-GB/shop/drinks/all?department=Squash%20%26%20Cordial&viewAll=department&page=,£0.45,£0.06/100ml,Aldi Price Match,,/groceries/en-GB/products/301107437,https://digitalcontent.api.tesco.com/v2/media/ghs/8da30ecf-956f-422a-94c2-e3e8a8c8d10b/817ccea0-e7ce-435f-a39c-468237df7d57_1132699756.jpeg?h=225&w=225,
268345043,Robinsons Orange & Pineapple Concentrate Double No Added Sugar 1.75L,https://www.tesco.com/groceries/en-GB/shop/drinks/all?department=Squash%20%26%20Cordial&viewAll=department&page=,£3.50,£0.20/100ml,,,/groceries/en-GB/products/268345043,https://digitalcontent.api.tesco.com/v2/media/ghs/d65363a7-a44b-431d-a758-2ed517bf9fa3/de864172-7bb0-4f3b-b2c1-02e81b0a4a99_1952949543.jpeg?h=225&w=225,
298026060,Robinsons Cordials Lime & Mint 500Ml,https://www.tesco.com/groceries/en-GB/shop/drinks/all?department=Squash%20%26%20Cordial&viewAll=department&page=,£2.50,£0.50/100ml,,,/groceries/en-GB/products/298026060,https://digitalcontent.api.tesco.com/v2/media/ghs/24cc4d62-5540-4912-a6d6-305f4de0b144/049da64e-df41-4d68-b3ed-df8ffd3b94c5_1426393991.jpeg?h=225&w=225,
273904740,Belvoir Ginger Cordial 500Ml,https://www.tesco.com/groceries/en-GB/shop/drinks/all?department=Squash%20%26%20Cordial&viewAll=department&page=,£3.50,£0.70/100ml,£2.75 Clubcard Price,,/groceries/en-GB/products/273904740,https://digitalcontent.api.tesco.com/v2/media/ghs/7aab2a84-9667-436b-b05b-6e3696a0443e/42a8a412-150e-4284-899b-48eae2e58def_448856690.jpeg?h=225&w=225,
264510637,Belvoir Elderflower Cordial 500Ml,https://www.tesco.com/groceries/en-GB/shop/drinks/all?department=Squash%20%26%20Cordial&viewAll=department&page=,£3.50,£0.70/100ml,£2.75 Clubcard Price,,/groceries/en-GB/products/264510637,https://digitalcontent.api.tesco.com/v2/media/ghs/1f7a3ee8-b0a5-4350-97c1-300fa4249565/20ac2de5-63d7-43a6-b936-ad311affadd9_1042815577.jpeg?h=225&w=225,
298026174,Robinson Cordial Raspberry Orange & Rhubarb 500Ml,https://www.tesco.com/groceries/en-GB/shop/drinks/all?department=Squash%20%26%20Cordial&viewAll=department&page=,£2.50,£0.50/100ml,,,/groceries/en-GB/products/298026174,https://digitalcontent.api.tesco.com/v2/media/ghs/e44084d7-a9a9-42da-96cd-2c02d523395c/1a2e740a-6d57-44df-b53c-8767e5dd945e_2103619938.jpeg?h=225&w=225,
278362456,Vimto Original Squash 2 Litre,https://www.tesco.com/groceries/en-GB/shop/drinks/all?department=Squash%20%26%20Cordial&viewAll=department&page=,£2.50,£0.12/100ml,,,/groceries/en-GB/products/278362456,https://digitalcontent.api.tesco.com/v2/media/ghs/51294e1f-6bdf-449a-b066-5c70cb7d3c84/ad8f96be-80c6-4f2e-820a-6553338197d5_952772236.jpeg?h=225&w=225,
255887210,Roses Org. Lime Juice Cordial 1Ltr,https://www.tesco.com/groceries/en-GB/shop/drinks/all?department=Squash%20%26%20Cordial&viewAll=department&page=,£2.55,£0.26/100ml,,,/groceries/en-GB/products/255887210,https://digitalcontent.api.tesco.com/v2/media/ghs/70ae5d43-3c1e-42c5-964f-765a42eaf162/6612259f-e613-4bdd-8ea1-0a31184e31d0_666425150.jpeg?h=225&w=225,
290993198,Vimto Remix Orange Raspberry Pasn/ Fruit Squash 1L,https://www.tesco.com/groceries/en-GB/shop/drinks/all?department=Squash%20%26%20Cordial&viewAll=department&page=,£1.85,£0.18/100ml,,,/groceries/en-GB/products/290993198,https://digitalcontent.api.tesco.com/v2/media/ghs/42312593-74d3-4b16-b5d0-cbcea747e8fa/50439992-68ad-4f2e-9c96-1cb72b5a249e_1808808040.jpeg?h=225&w=225,
253476763,Tesco High Juice Orange Squash No Added Sugar 1L,https://www.tesco.com/groceries/en-GB/shop/drinks/all?department=Squash%20%26%20Cordial&viewAll=department&page=,£1.60,£0.16/100ml,,,/groceries/en-GB/products/253476763,https://digitalcontent.api.tesco.com/v2/media/ghs/9eca76dd-df81-4fa3-9aa5-4bc030bc6f15/4c9993ee-0217-49eb-b19f-fec5865de48d_688706104.jpeg?h=225&w=225,
301218916,Tesco High Juice Apple & Elderflower 1L,https://www.tesco.com/groceries/en-GB/shop/drinks/all?department=Squash%20%26%20Cordial&viewAll=department&page=,£1.60,£0.16/100ml,,,/groceries/en-GB/products/301218916,https://digitalcontent.api.tesco.com/v2/media/ghs/1ccd7c47-ed11-44c3-a222-d7881a1a6cce/f36424dc-6ec4-4a75-b468-79b1da2f9c9f_293205026.jpeg?h=225&w=225,
308481027,Vimto No Added Sugar Blackberry Raspberry Blueberry Squash 1L,https://www.tesco.com/groceries/en-GB/shop/drinks/all?department=Squash%20%26%20Cordial&viewAll=department&page=,£1.85,£0.18/100ml,,,/groceries/en-GB/products/308481027,https://digitalcontent.api.tesco.com/v2/media/ghs/f46a70a0-032c-4d04-9870-73d78804eb30/4aabc39f-c9a3-400d-9db6-446f134b92a0_2002507923.jpeg?h=225&w=225,
254854320,Tesco High Juice Orange Squash 1L,https://www.tesco.com/groceries/en-GB/shop/drinks/all?department=Squash%20%26%20Cordial&viewAll=department&page=,£1.60,£0.16/100ml,,,/groceries/en-GB/products/254854320,https://digitalcontent.api.tesco.com/v2/media/ghs/c57760e9-ce56-416c-82e7-82cd263606bf/cb260fcc-db19-4643-817d-78e5d17298bc_1311909363.jpeg?h=225&w=225,
302036299,Robinsons Creations Strawberry Watermelon 1L,https://www.tesco.com/groceries/en-GB/shop/drinks/all?department=Squash%20%26%20Cordial&viewAll=department&page=,£2.00,£0.20/100ml,£1.75 Clubcard Price,,/groceries/en-GB/products/302036299,https://digitalcontent.api.tesco.com/v2/media/ghs/da834e89-2eab-450e-b64d-fea487cc1c26/9276f63e-0aa0-42a7-b35e-f52297767735_1772481072.jpeg?h=225&w=225,
258935230,Robinsons Lemon Squash No Added Sugar 1Ltr,https://www.tesco.com/groceries/en-GB/shop/drinks/all?department=Squash%20%26%20Cordial&viewAll=department&page=,£1.75,£0.18/100ml,,,/groceries/en-GB/products/258935230,https://digitalcontent.api.tesco.com/v2/media/ghs/79d05ecd-360f-49b3-a1bb-287f29eeb7f4/c5d07f3d-58ce-4b17-915c-8fd84c98c38f_731703770.jpeg?h=225&w=225,
255599793,Robinsons Summerfruits Squash No Added Sugar 1L,https://www.tesco.com/groceries/en-GB/shop/drinks/all?department=Squash%20%26%20Cordial&viewAll=department&page=,£1.75,£0.18/100ml,,,/groceries/en-GB/products/255599793,https://digitalcontent.api.tesco.com/v2/media/ghs/13d2aead-c905-47dd-bef6-a9fb1721b885/d998d1b4-5bca-4c07-a0d3-394a03d7fa50_1247824969.jpeg?h=225&w=225,
280823531,Tesco Apple & Mango High Juice 1Ltr,https://www.tesco.com/groceries/en-GB/shop/drinks/all?department=Squash%20%26%20Cordial&viewAll=department&page=,£1.60,£0.16/100ml,,,/groceries/en-GB/products/280823531,https://digitalcontent.api.tesco.com/v2/media/ghs/1246a615-d18c-4dd0-88fd-708196a8750e/d86f4226-917b-44e6-bf7f-1860d78861a4_1458886633.jpeg?h=225&w=225,
298025820,Robinsons Creations Peach & Raspberry 1L,https://www.tesco.com/groceries/en-GB/shop/drinks/all?department=Squash%20%26%20Cordial&viewAll=department&page=,£2.00,£0.20/100ml,£1.75 Clubcard Price,,/groceries/en-GB/products/298025820,https://digitalcontent.api.tesco.com/v2/media/ghs/81c74cc5-688e-4c58-9675-b53e4163635c/c9cebf8b-7739-4263-aa2f-354be8d3e8e5_487139096.jpeg?h=225&w=225,
311936517,Tesco Double Strength Fruit & Barley No Added Sugar Peach 1L,https://www.tesco.com/groceries/en-GB/shop/drinks/all?department=Squash%20%26%20Cordial&viewAll=department&page=,£1.75,£0.18/100ml,,New,/groceries/en-GB/products/311936517,https://digitalcontent.api.tesco.com/v2/media/ghs/d4ee49e7-fbd5-40c0-9c3b-3fed426407b7/a16465dc-7652-4cf9-add9-66a10436b56b_650642768.jpeg?h=225&w=225,
310097261,Vimto Cherry Raspberry & Blackcurrant No Added Sugar 1L,https://www.tesco.com/groceries/en-GB/shop/drinks/all?department=Squash%20%26%20Cordial&viewAll=department&page=,£1.85,£0.18/100ml,,,/groceries/en-GB/products/310097261,https://digitalcontent.api.tesco.com/v2/media/ghs/b0952227-704f-409b-8894-eba7a33decc2/snapshotimagehandler_294495246.jpeg?h=225&w=225,
266596819,Robinsons Lemon Barley Water 850Ml,https://www.tesco.com/groceries/en-GB/shop/drinks/all?department=Squash%20%26%20Cordial&viewAll=department&page=,£2.00,£0.24/100ml,£1.75 Clubcard Price,,/groceries/en-GB/products/266596819,https://digitalcontent.api.tesco.com/v2/media/ghs/645230ae-25cf-4adc-828f-2649a200c831/d356bd13-dd7b-45b9-9885-524014b9b901_421620617.jpeg?h=225&w=225,
268559389,Tesco No Added Sugar Hi Juice Orange/Mango & Passion Fruit 1Ltr,https://www.tesco.com/groceries/en-GB/shop/drinks/all?department=Squash%20%26%20Cordial&viewAll=department&page=,£1.60,£0.16/100ml,,,/groceries/en-GB/products/268559389,https://digitalcontent.api.tesco.com/v2/media/ghs/89a4d073-87ce-44e3-92c9-667ef998ac6c/186caeb2-6310-44c3-bdb7-15e11ff2995f_1847613265.jpeg?h=225&w=225,
287632688,Ribena No Added Sugar Blackcurrant 850Ml,https://www.tesco.com/groceries/en-GB/shop/drinks/all?department=Squash%20%26%20Cordial&viewAll=department&page=,£2.00,£0.24/100ml,,,/groceries/en-GB/products/287632688,https://digitalcontent.api.tesco.com/v2/media/ghs/284948a8-1bb9-4183-a91d-6465be42d874/f70641d1-4049-4c74-9241-d9109d941f05_839749519.jpeg?h=225&w=225,
251563202,Robinsons Fruit & Barley Orange 1Ltr,https://www.tesco.com/groceries/en-GB/shop/drinks/all?department=Squash%20%26%20Cordial&viewAll=department&page=,£1.75,£0.18/100ml,£1.25 Clubcard Price,,/groceries/en-GB/products/251563202,https://digitalcontent.api.tesco.com/v2/media/ghs/e8d57797-9a90-45ec-aa4b-4296b84d2eee/40e7f4c4-1a36-452e-845c-bc9e4b74b2ec_2141131425.jpeg?h=225&w=225,
308457950,Robinson Double Strength Blackcurrant No Added Sugar Squash 1L,https://www.tesco.com/groceries/en-GB/shop/drinks/all?department=Squash%20%26%20Cordial&viewAll=department&page=,£2.25,£0.22/100ml,£1.50 Clubcard Price,,/groceries/en-GB/products/308457950,https://digitalcontent.api.tesco.com/v2/media/ghs/b614727d-83b9-4ea5-b5e5-5cd1423862a3/2c6d918f-bd95-4ab6-bafc-8d59558aee6e_9372837.jpeg?h=225&w=225,
308497700,Robinson Double Strength No Added Sugar Orange & Pineapple Squash 1L,https://www.tesco.com/groceries/en-GB/shop/drinks/all?department=Squash%20%26%20Cordial&viewAll=department&page=,£2.25,£0.22/100ml,£1.50 Clubcard Price,,/groceries/en-GB/products/308497700,https://digitalcontent.api.tesco.com/v2/media/ghs/b8c2fb3c-ea7b-41af-84ad-6932ab9a72c5/d5c9c9a2-887b-48be-b6da-c3b4a97ac4d6_2112196714.jpeg?h=225&w=225,
312577652,Tesco Double Strength Fruit & Barley No Added Sugar Summer Fruits 1L,https://www.tesco.com/groceries/en-GB/shop/drinks/all?department=Squash%20%26%20Cordial&viewAll=department&page=,£1.75,£0.18/100ml,,New,/groceries/en-GB/products/312577652,https://digitalcontent.api.tesco.com/v2/media/ghs/78812a78-0c82-437b-9a40-dac515b82da2/00d3b2a9-9286-45ae-b36d-445928159592_1904935271.jpeg?h=225&w=225,
310105725,Tesco Quad Strength Apple Squash No Added Sugar 1.5L,https://www.tesco.com/groceries/en-GB/shop/drinks/all?department=Squash%20%26%20Cordial&viewAll=department&page=,£1.90,£0.13/100ml,,,/groceries/en-GB/products/310105725,https://digitalcontent.api.tesco.com/v2/media/ghs/9356973c-fa12-4e69-a27e-a97d47ce58bf/f899d725-c892-46e3-8a7d-6a76b79ed8b7_1228123249.jpeg?h=225&w=225,
310104677,Tesco Quadruple Strength Tropical Squash No Added Sugar 1.5L,https://www.tesco.com/groceries/en-GB/shop/drinks/all?department=Squash%20%26%20Cordial&viewAll=department&page=,£1.90,£0.13/100ml,,,/groceries/en-GB/products/310104677,https://digitalcontent.api.tesco.com/v2/media/ghs/2d697020-dcaf-4069-bef0-b8d0535039d0/5497893c-bda0-4f71-bb62-dcaa4744ce5c_1428012089.jpeg?h=225&w=225,
309747719,Tesco Quad Strength Lime Squash No Added Sugar 1.5L,https://www.tesco.com/groceries/en-GB/shop/drinks/all?department=Squash%20%26%20Cordial&viewAll=department&page=,£1.90,£0.13/100ml,,,/groceries/en-GB/products/309747719,https://digitalcontent.api.tesco.com/v2/media/ghs/dd8a6df3-4eb5-4d29-b0db-08cf3603851e/419a0a51-3e97-4f5b-809c-8837a07a0afd_1081399675.jpeg?h=225&w=225,
309463670,Tesco Quadruple Strength Orange Squash No Added Sugar 750Ml,https://www.tesco.com/groceries/en-GB/shop/drinks/all?department=Squash%20%26%20Cordial&viewAll=department&page=,£1.25,£0.17/100ml,,,/groceries/en-GB/products/309463670,https://digitalcontent.api.tesco.com/v2/media/ghs/46bb45fe-8dc2-454d-8224-d3ddf5325a16/7fbc4983-05cb-4e6c-8715-56103bb328b8_242103856.jpeg?h=225&w=225,
309769677,Tesco Quadruple Strength Apple & Blackcurrant No Added Sugar 750Ml,https://www.tesco.com/groceries/en-GB/shop/drinks/all?department=Squash%20%26%20Cordial&viewAll=department&page=,£1.25,£0.17/100ml,,,/groceries/en-GB/products/309769677,https://digitalcontent.api.tesco.com/v2/media/ghs/811e0e55-c3f5-435c-b784-afcc0b62c08f/21b4f2b3-df55-4da3-87eb-9d904972e1a4_473625247.jpeg?h=225&w=225,
310187892,Tesco Quadruple Strength Cherries & Berries Squash 750Ml,https://www.tesco.com/groceries/en-GB/shop/drinks/all?department=Squash%20%26%20Cordial&viewAll=department&page=,£1.25,£0.17/100ml,,,/groceries/en-GB/products/310187892,https://digitalcontent.api.tesco.com/v2/media/ghs/3856289c-57c2-48c3-8ae3-0f03612e9a55/42c30852-4840-4fea-a75d-30853371c60a_1488560802.jpeg?h=225&w=225,
310099570,Tesco Quadruple Strength Orange Lemon & Pineapple 750Ml,https://www.tesco.com/groceries/en-GB/shop/drinks/all?department=Squash%20%26%20Cordial&viewAll=department&page=,£1.25,£0.17/100ml,,,/groceries/en-GB/products/310099570,https://digitalcontent.api.tesco.com/v2/media/ghs/3faa8141-cddb-4ead-9f77-91f24d8de3a4/449abd2c-ac9b-454a-a60d-92b02cf0bf7f_1990057871.jpeg?h=225&w=225,
257187027,Tesco High Juice Blackcurrant Squash No Added Sugar 1L,https://www.tesco.com/groceries/en-GB/shop/drinks/all?department=Squash%20%26%20Cordial&viewAll=department&page=,£1.60,£0.16/100ml,,,/groceries/en-GB/products/257187027,https://digitalcontent.api.tesco.com/v2/media/ghs/4f9a4c55-fc15-41d6-96c2-c28eb0da927c/81d07f62-483b-410a-a753-942a11d27734_821401682.jpeg?h=225&w=225,
309472405,Tesco Quadruple Strength Summer Fruits No Added Sugar 750Ml,https://www.tesco.com/groceries/en-GB/shop/drinks/all?department=Squash%20%26%20Cordial&viewAll=department&page=,£1.25,£0.17/100ml,,,/groceries/en-GB/products/309472405,https://digitalcontent.api.tesco.com/v2/media/ghs/ca6eca47-989d-4eb3-9b8d-b5437bdfb2a3/5284f0cf-e684-409d-bac9-abdb20004a66_343972773.jpeg?h=225&w=225,
310135430,Tesco Quadruple Strength Orange & Mango Squash No Added Sugar 750Ml,https://www.tesco.com/groceries/en-GB/shop/drinks/all?department=Squash%20%26%20Cordial&viewAll=department&page=,£1.25,£0.17/100ml,,,/groceries/en-GB/products/310135430,https://digitalcontent.api.tesco.com/v2/media/ghs/22b4e4d8-2a9b-43ed-b9f4-bf0e281b67a1/b2e77570-9da7-40be-aad9-eded8fd406b9_1292734245.jpeg?h=225&w=225,
251646554,Bottlegreen Ginger & Lemongrass Cordial 50Cl,https://www.tesco.com/groceries/en-GB/shop/drinks/all?department=Squash%20%26%20Cordial&viewAll=department&page=,£3.75,£0.75/100ml,,,/groceries/en-GB/products/251646554,https://digitalcontent.api.tesco.com/v2/media/ghs/dc4cd26e-0cc3-443b-b18b-5e6ef0069fea/8813b40c-4e6b-4a4d-b2eb-f9a270128258_1481290957.jpeg?h=225&w=225,
312089302,Rocks Blackcurrant Squash 740Ml,https://www.tesco.com/groceries/en-GB/shop/drinks/all?department=Squash%20%26%20Cordial&viewAll=department&page=,£2.95,£0.40/100ml,£2.50 Clubcard Price,,/groceries/en-GB/products/312089302,https://digitalcontent.api.tesco.com/v2/media/ghs/f0886c86-e51b-48bd-83f4-e13a86cf0a49/89c88d7b-cddc-44db-b50f-4288c139ab9c_1198432961.jpeg?h=225&w=225,
311671109,Rocks Orange Squash 740Ml,https://www.tesco.com/groceries/en-GB/shop/drinks/all?department=Squash%20%26%20Cordial&viewAll=department&page=,£2.95,£0.40/100ml,£2.50 Clubcard Price,,/groceries/en-GB/products/311671109,https://digitalcontent.api.tesco.com/v2/media/ghs/e830035c-9f4d-4620-aef8-e96ca0c25b3a/c43204bd-55f1-4166-b5df-87e991f886c2_1763563042.jpeg?h=225&w=225,
268345135,Robinsons Double Concentrate Lemon Squash No Added Sugar 1.75L,https://www.tesco.com/groceries/en-GB/shop/drinks/all?department=Squash%20%26%20Cordial&viewAll=department&page=,£3.50,£0.20/100ml,,,/groceries/en-GB/products/268345135,https://digitalcontent.api.tesco.com/v2/media/ghs/2db401d2-f952-4960-b718-884a11ef6614/8e174c2c-577c-4177-8ab0-42a1f9ad7d3d_69649332.jpeg?h=225&w=225,
305947231,Robinsons Fruit Creations Blackberry Blueberry 1L,https://www.tesco.com/groceries/en-GB/shop/drinks/all?department=Squash%20%26%20Cordial&viewAll=department&page=,£2.00,£0.20/100ml,£1.75 Clubcard Price,,/groceries/en-GB/products/305947231,https://digitalcontent.api.tesco.com/v2/media/ghs/b34040d5-2a29-45e9-81cc-f0e9b27554aa/44cb6e97-f3dd-4790-897a-2c0cb8247484_1621465587.jpeg?h=225&w=225,
310676526,Robinsons Fruit Creations Zingy Lemon & Raspberry 1L,https://www.tesco.com/groceries/en-GB/shop/drinks/all?department=Squash%20%26%20Cordial&viewAll=department&page=,£2.00,£0.20/100ml,£1.75 Clubcard Price,,/groceries/en-GB/products/310676526,https://digitalcontent.api.tesco.com/v2/media/ghs/2f103a3b-202d-401f-b8d7-2951a21d3434/4cfd1bfe-961f-4046-a3f3-47df7f69f13f_1029447804.jpeg?h=225&w=225,
308858245,Robinson Mini Summer Fruit No Added Sugar Squash 66Ml,https://www.tesco.com/groceries/en-GB/shop/drinks/all?department=Squash%20%26%20Cordial&viewAll=department&page=,£1.75,£2.66/100ml,,,/groceries/en-GB/products/308858245,https://digitalcontent.api.tesco.com/v2/media/ghs/dc283fb9-9ec7-4fad-a87c-30e77e312776/4fce398c-d5f0-4c7a-9299-ce4ebe0c2ec1_1381961184.jpeg?h=225&w=225,
308845979,Robinsons Mini Orange No Added Sugar Squash 66Ml,https://www.tesco.com/groceries/en-GB/shop/drinks/all?department=Squash%20%26%20Cordial&viewAll=department&page=,£1.75,£2.66/100ml,,,/groceries/en-GB/products/308845979,https://digitalcontent.api.tesco.com/v2/media/ghs/3cb2379c-40bf-439e-ae83-be6c6ba5ca9e/9937cb82-ab0c-4c8d-8128-c8ab907ac696_800614547.jpeg?h=225&w=225,
308487787,Robinsons Mini Apple & Blackcurrant No Added Sugar Squash 66Ml,https://www.tesco.com/groceries/en-GB/shop/drinks/all?department=Squash%20%26%20Cordial&viewAll=department&page=,£1.75,£2.66/100ml,,,/groceries/en-GB/products/308487787,https://digitalcontent.api.tesco.com/v2/media/ghs/1395abde-95f5-4acb-9f77-6f9a1086b0d9/00cac35b-c818-4566-910c-dcf9dda9fe1f_801840218.jpeg?h=225&w=225,
298025745,Robinsons Creations Mango Pineapple Drink 1L,https://www.tesco.com/groceries/en-GB/shop/drinks/all?department=Squash%20%26%20Cordial&viewAll=department&page=,£2.00,£0.20/100ml,£1.75 Clubcard Price,,/groceries/en-GB/products/298025745,https://digitalcontent.api.tesco.com/v2/media/ghs/b78e884b-5dae-4a4d-84b3-3082caabba9c/f16991b3-5e8c-4395-aac8-4df45fb7a288_312064083.jpeg?h=225&w=225,
266597064,Robinsons Orange Barley Water 850Ml,https://www.tesco.com/groceries/en-GB/shop/drinks/all?department=Squash%20%26%20Cordial&viewAll=department&page=,£2.00,£0.24/100ml,£1.75 Clubcard Price,,/groceries/en-GB/products/266597064,https://digitalcontent.api.tesco.com/v2/media/ghs/2c6e3ccd-29d7-4a7d-8639-8c966434456e/74fa90db-2758-4140-a8cc-8a786d712bd7_1007257542.jpeg?h=225&w=225,
312719094,Vimto Original Double Concentrate Squash 1 Litre,https://www.tesco.com/groceries/en-GB/shop/drinks/all?department=Squash%20%26%20Cordial&viewAll=department&page=,£2.50,£0.25/100ml,£1.75 Clubcard Price,,/groceries/en-GB/products/312719094,https://digitalcontent.api.tesco.com/v2/media/ghs/b87513ee-ef2b-4a5f-8ac5-e6b2c9df609c/f9ecde9b-1b73-4ca6-90e6-34360f9d6a00_673102787.jpeg?h=225&w=225,
308863859,Robinson Mini Passion Fruit & Mango No Added Sugar 66Ml,https://www.tesco.com/groceries/en-GB/shop/drinks/all?department=Squash%20%26%20Cordial&viewAll=department&page=,£1.75,£2.66/100ml,,,/groceries/en-GB/products/308863859,https://digitalcontent.api.tesco.com/v2/media/ghs/b93d1076-776a-4179-84e5-69b67b9b23c9/93cd2966-26c2-4bb8-924a-f1789d7a739a_1058362467.jpeg?h=225&w=225,
308479912,Robinson Double Strength Summerfruits No Added Sugar Squash 1L,https://www.tesco.com/groceries/en-GB/shop/drinks/all?department=Squash%20%26%20Cordial&viewAll=department&page=,£2.25,£0.22/100ml,£1.50 Clubcard Price,,/groceries/en-GB/products/308479912,https://digitalcontent.api.tesco.com/v2/media/ghs/f5e09fb8-7b4f-4254-a8f9-d298d7a68d16/0f65986c-6759-42d4-950a-299a7571c8cf_386853415.jpeg?h=225&w=225,
312560308,Tesco Double Strength Fruit & Barley No Added Sugar Orange 1L,https://www.tesco.com/groceries/en-GB/shop/drinks/all?department=Squash%20%26%20Cordial&viewAll=department&page=,£1.75,£0.18/100ml,,,/groceries/en-GB/products/312560308,https://digitalcontent.api.tesco.com/v2/media/ghs/6c875a7b-62fd-417a-b719-ce7235ad6392/7976fde1-e9a3-4b29-ace8-ab8f687be78d_510433128.jpeg?h=225&w=225,
251310393,Robinsons Fruit Barley Grapefruit 1L,https://www.tesco.com/groceries/en-GB/shop/drinks/all?department=Squash%20%26%20Cordial&viewAll=department&page=,£1.75,£0.18/100ml,£1.25 Clubcard Price,,/groceries/en-GB/products/251310393,https://digitalcontent.api.tesco.com/v2/media/ghs/b6046776-e258-4ed3-86a8-7d6543c57654/0487800c-ccb6-467b-9f9e-50c2c2be9c53_545438391.jpeg?h=225&w=225,
256206935,Vimto No Added Sugar Mixed Fruit Cordial 725Ml,https://www.tesco.com/groceries/en-GB/shop/drinks/all?department=Squash%20%26%20Cordial&viewAll=department&page=,£1.40,£0.19/100ml,,,/groceries/en-GB/products/256206935,https://digitalcontent.api.tesco.com/v2/media/ghs/0baf95bb-63fa-43e6-8191-b2bb1bb7a25d/e7235135-c9eb-40f7-8773-d35045f31b57_1702176943.jpeg?h=225&w=225,
297413040,Appletiser 100% Apple Juice Lightly Sparkling 6X250ml,https://www.tesco.com/groceries/en-GB/shop/drinks/all?department=Adult%20Soft%20Drinks%20%26%20Mixers&viewAll=department&page=,£4.10,£0.27/100ml,,,/groceries/en-GB/products/297413040,https://digitalcontent.api.tesco.com/v2/media/ghs/fe005a40-0773-48b9-884a-482f9336809e/3a9c06a2-8e8d-4b34-a244-b14c15ff00b0_699263929.jpeg?h=225&w=225,
251631485,Bottlegreen Elderflower Cordial 50Cl,https://www.tesco.com/groceries/en-GB/shop/drinks/all?department=Adult%20Soft%20Drinks%20%26%20Mixers&viewAll=department&page=,£3.75,£0.75/100ml,,,/groceries/en-GB/products/251631485,https://digitalcontent.api.tesco.com/v2/media/ghs/45a7162f-fb43-42f0-83b0-331c210176e3/fe7c942c-b380-4633-bc80-3c7f3bdd0cbd_170372153.jpeg?h=225&w=225,
250448258,Appletiser Sparkling Apple Juice 750 Ml,https://www.tesco.com/groceries/en-GB/shop/drinks/all?department=Adult%20Soft%20Drinks%20%26%20Mixers&viewAll=department&page=,£3.15,£0.42/100ml,,,/groceries/en-GB/products/250448258,https://digitalcontent.api.tesco.com/v2/media/ghs/f6099d32-f280-4de1-ba24-57595d034a6c/9e4d39d0-3228-4ed7-95f9-ca802cd7594f_1722778390.jpeg?h=225&w=225,
298358126,J20 Orange & Passion Fruit 6 X 275Ml,https://www.tesco.com/groceries/en-GB/shop/drinks/all?department=Adult%20Soft%20Drinks%20%26%20Mixers&viewAll=department&page=,£6.25,£0.38/100ml,£4.00 Clubcard Price,,/groceries/en-GB/products/298358126,https://digitalcontent.api.tesco.com/v2/media/ghs/1c8656e5-d28a-4af2-8de5-ee60c0cffefe/684b0bab-3235-4df5-8d29-e66248c7e984_2114735617.jpeg?h=225&w=225,
252802005,Schweppes Low Calorie Tonic 12X150ml Pack,https://www.tesco.com/groceries/en-GB/shop/drinks/all?department=Adult%20Soft%20Drinks%20%26%20Mixers&viewAll=department&page=,£5.55,£0.31/100ml,£4.00 Clubcard Price,,/groceries/en-GB/products/252802005,https://digitalcontent.api.tesco.com/v2/media/ghs/6c24c1df-2b4a-49f8-8967-49ef571dc73e/5accc506-3489-4113-a56f-6cdf791e0e81_781026863.jpeg?h=225&w=225,
252802063,Schweppes Tonic 12X150ml Pack,https://www.tesco.com/groceries/en-GB/shop/drinks/all?department=Adult%20Soft%20Drinks%20%26%20Mixers&viewAll=department&page=,£5.60,£0.31/100ml,£4.00 Clubcard Price,,/groceries/en-GB/products/252802063,https://digitalcontent.api.tesco.com/v2/media/ghs/ff1309b9-e493-46c2-b33c-38afbac7269a/905cd34a-af10-4486-ba10-a30c28f145bf_1904403672.jpeg?h=225&w=225,
289287373,Fever-Tree Tonic Naturally Light 8 X 150Ml,https://www.tesco.com/groceries/en-GB/shop/drinks/all?department=Adult%20Soft%20Drinks%20%26%20Mixers&viewAll=department&page=,£4.30,£0.36/100ml,£3.80 Clubcard Price,,/groceries/en-GB/products/289287373,https://digitalcontent.api.tesco.com/v2/media/ghs/31b1bd82-a8bb-4fcf-92de-177bf150f55c/659957b3-7325-4d40-8343-f0c6ce84a4aa_1462586566.jpeg?h=225&w=225,
280364970,Schweppes Lemonade 12X150ml,https://www.tesco.com/groceries/en-GB/shop/drinks/all?department=Adult%20Soft%20Drinks%20%26%20Mixers&viewAll=department&page=,£5.60,£0.31/100ml,£4.00 Clubcard Price,,/groceries/en-GB/products/280364970,https://digitalcontent.api.tesco.com/v2/media/ghs/c0e45126-57b6-496c-9b68-6c478586d014/a2b6d72a-0ec2-4247-9df9-8d94884e2a82_507319545.jpeg?h=225&w=225,
299913833,Fever Tree Light Mediterranean Tonic Water Cans 8X150ml,https://www.tesco.com/groceries/en-GB/shop/drinks/all?department=Adult%20Soft%20Drinks%20%26%20Mixers&viewAll=department&page=,£4.30,£0.36/100ml,£3.80 Clubcard Price,,/groceries/en-GB/products/299913833,https://digitalcontent.api.tesco.com/v2/media/ghs/e5cd4df4-67ad-4b0b-af17-9706e684d79b/ef00be61-a091-4f0d-a3e9-12fa5e980d63_1146840929.jpeg?h=225&w=225,
310666930,San Pellegrino Sparkling Orange Drink 6 X 330Ml,https://www.tesco.com/groceries/en-GB/shop/drinks/all?department=Adult%20Soft%20Drinks%20%26%20Mixers&viewAll=department&page=,£4.25,£0.22/100ml,£3.25 Clubcard Price,,/groceries/en-GB/products/310666930,https://digitalcontent.api.tesco.com/v2/media/ghs/620aa384-33ef-490f-ac70-0b6993ce9738/b2b80fab-0fcd-4dc6-aa09-bbf28e13c432_1153939013.jpeg?h=225&w=225,
289287200,Fever-Tree Indian Tonic Water 8 X 150Ml,https://www.tesco.com/groceries/en-GB/shop/drinks/all?department=Adult%20Soft%20Drinks%20%26%20Mixers&viewAll=department&page=,£4.55,£0.38/100ml,£4.05 Clubcard Price,,/groceries/en-GB/products/289287200,https://digitalcontent.api.tesco.com/v2/media/ghs/b26c71be-e809-4b23-947d-1a5a26697185/a20cac02-e689-4590-8577-7ee9101b3f61_289879426.jpeg?h=225&w=225,
310667324,San Pellegrino Sparkling Lemon Drink 6 X 330Ml,https://www.tesco.com/groceries/en-GB/shop/drinks/all?department=Adult%20Soft%20Drinks%20%26%20Mixers&viewAll=department&page=,£4.25,£0.22/100ml,£3.25 Clubcard Price,,/groceries/en-GB/products/310667324,https://digitalcontent.api.tesco.com/v2/media/ghs/978041c5-54e7-43a5-b9d4-dbdb450b462d/a4979401-aaf2-4017-9cc7-6b742184155e_1924863548.jpeg?h=225&w=225,
275522140,J20 Orange & Passion Fruit Cans 6 X 250Ml,https://www.tesco.com/groceries/en-GB/shop/drinks/all?department=Adult%20Soft%20Drinks%20%26%20Mixers&viewAll=department&page=,£3.50,£0.23/100ml,,,/groceries/en-GB/products/275522140,https://digitalcontent.api.tesco.com/v2/media/ghs/f995abb3-0e6b-4f8e-9326-91d4180f070a/c091e0c3-97bb-4154-b6e9-b1be18e61255_955046760.jpeg?h=225&w=225,
298026060,Robinsons Cordials Lime & Mint 500Ml,https://www.tesco.com/groceries/en-GB/shop/drinks/all?department=Adult%20Soft%20Drinks%20%26%20Mixers&viewAll=department&page=,£2.50,£0.50/100ml,,,/groceries/en-GB/products/298026060,https://digitalcontent.api.tesco.com/v2/media/ghs/24cc4d62-5540-4912-a6d6-305f4de0b144/049da64e-df41-4d68-b3ed-df8ffd3b94c5_1426393991.jpeg?h=225&w=225,
301340528,Tesco Soda Water Cans 6X250ml,https://www.tesco.com/groceries/en-GB/shop/drinks/all?department=Adult%20Soft%20Drinks%20%26%20Mixers&viewAll=department&page=,£2.35,£0.16/100ml,,New,/groceries/en-GB/products/301340528,https://digitalcontent.api.tesco.com/v2/media/ghs/5b6bd3a3-929e-4df1-b6fe-e84f7bc993a3/9f820343-3710-4e74-9d56-19554751dfcc_688978707.jpeg?h=225&w=225,
257716382,Coca Cola 12 X 150Ml,https://www.tesco.com/groceries/en-GB/shop/drinks/all?department=Adult%20Soft%20Drinks%20%26%20Mixers&viewAll=department&page=,£6.10,£0.34/100ml,£4.50 Clubcard Price,,/groceries/en-GB/products/257716382,https://digitalcontent.api.tesco.com/v2/media/ghs/bbd8e8d2-7271-44c2-858a-1b1c8c4844bd/be290633-0024-41c9-9d57-5b8b351195e4_417957592.jpeg?h=225&w=225,
301340540,Tesco Low Calorie Indian Tonic Water Cans 6X250ml,https://www.tesco.com/groceries/en-GB/shop/drinks/all?department=Adult%20Soft%20Drinks%20%26%20Mixers&viewAll=department&page=,£2.35,£0.16/100ml,,,/groceries/en-GB/products/301340540,https://digitalcontent.api.tesco.com/v2/media/ghs/15e79912-57d4-4bba-8e9c-4745d6e2ef12/cffe7cb8-da6e-46c0-be04-3208a1e5c32d_471909115.jpeg?h=225&w=225,
254857357,Tesco Soda Water 1 Litre,https://www.tesco.com/groceries/en-GB/shop/drinks/all?department=Adult%20Soft%20Drinks%20%26%20Mixers&viewAll=department&page=,£0.70,£0.07/100ml,,,/groceries/en-GB/products/254857357,https://digitalcontent.api.tesco.com/v2/media/ghs/419be571-d71a-4f2b-a963-349ece833966/6bd5b1ab-eee7-488f-897e-57f93ce0f8c8_1498988729.jpeg?h=225&w=225,
255887210,Roses Org. Lime Juice Cordial 1Ltr,https://www.tesco.com/groceries/en-GB/shop/drinks/all?department=Adult%20Soft%20Drinks%20%26%20Mixers&viewAll=department&page=,£2.55,£0.26/100ml,,,/groceries/en-GB/products/255887210,https://digitalcontent.api.tesco.com/v2/media/ghs/70ae5d43-3c1e-42c5-964f-765a42eaf162/6612259f-e613-4bdd-8ea1-0a31184e31d0_666425150.jpeg?h=225&w=225,
312699041,Shloer Zero Calorie Sparkling White Grape 750Ml,https://www.tesco.com/groceries/en-GB/shop/drinks/all?department=Adult%20Soft%20Drinks%20%26%20Mixers&viewAll=department&page=,£2.40,£0.32/100ml,,New,/groceries/en-GB/products/312699041,https://digitalcontent.api.tesco.com/v2/media/ghs/bbbc0a77-25c7-4979-8da5-314184ca9420/ec14dea0-50a7-48a8-a8bf-1a18e5471e45_1817903564.jpeg?h=225&w=225,
312698897,Shloer Zero Calorie Sparkling Red Grape 750Ml,https://www.tesco.com/groceries/en-GB/shop/drinks/all?department=Adult%20Soft%20Drinks%20%26%20Mixers&viewAll=department&page=,£2.40,£0.32/100ml,,New,/groceries/en-GB/products/312698897,https://digitalcontent.api.tesco.com/v2/media/ghs/ffe86643-01b2-46f9-9343-91639a8093b4/410c3979-16d9-43e0-b807-aaa4f6265743_1505452840.jpeg?h=225&w=225,
312097972,Belvior Farms Botanical Soda Floral Fizz 500Ml,https://www.tesco.com/groceries/en-GB/shop/drinks/all?department=Adult%20Soft%20Drinks%20%26%20Mixers&viewAll=department&page=,£2.25,£0.45/100ml,£1.50 Clubcard Price,,/groceries/en-GB/products/312097972,https://digitalcontent.api.tesco.com/v2/media/ghs/bab858ed-1fdd-433a-bf66-ebc74159d514/aaa91687-6862-4ccf-9f71-f96e1491f40b_1658420023.jpeg?h=225&w=225,
255877562,Tesco Low Calorie Indian Tonic Water 1 Litre,https://www.tesco.com/groceries/en-GB/shop/drinks/all?department=Adult%20Soft%20Drinks%20%26%20Mixers&viewAll=department&page=,£0.70,£0.07/100ml,,,/groceries/en-GB/products/255877562,https://digitalcontent.api.tesco.com/v2/media/ghs-mktg/b0b04216-fa73-466d-a9d7-c9fcfa1ce9b3/no-image.jpeg,
255877510,Tesco Indian Tonic Water 1 Litre,https://www.tesco.com/groceries/en-GB/shop/drinks/all?department=Adult%20Soft%20Drinks%20%26%20Mixers&viewAll=department&page=,£0.70,£0.07/100ml,,,/groceries/en-GB/products/255877510,https://digitalcontent.api.tesco.com/v2/media/ghs-mktg/b0b04216-fa73-466d-a9d7-c9fcfa1ce9b3/no-image.jpeg,
255934011,Tesco Low Calorie Indian Tonic Water With Lemon 1 Litre,https://www.tesco.com/groceries/en-GB/shop/drinks/all?department=Adult%20Soft%20Drinks%20%26%20Mixers&viewAll=department&page=,£0.70,£0.07/100ml,,,/groceries/en-GB/products/255934011,https://digitalcontent.api.tesco.com/v2/media/ghs/0cd29179-7786-44a5-b3c8-83e6dcc883d3/c69b2c66-f9cb-4d37-9be5-49a2db492cdb_965694216.jpeg?h=225&w=225,
255878025,Tesco Low Calorie Indian Tonic Water With Lime 1 Litre,https://www.tesco.com/groceries/en-GB/shop/drinks/all?department=Adult%20Soft%20Drinks%20%26%20Mixers&viewAll=department&page=,£0.70,£0.07/100ml,,,/groceries/en-GB/products/255878025,https://digitalcontent.api.tesco.com/v2/media/ghs-mktg/b0b04216-fa73-466d-a9d7-c9fcfa1ce9b3/no-image.jpeg,
254857363,Tesco Low Calorie Ginger Ale 1 Litre,https://www.tesco.com/groceries/en-GB/shop/drinks/all?department=Adult%20Soft%20Drinks%20%26%20Mixers&viewAll=department&page=,£0.70,£0.07/100ml,,,/groceries/en-GB/products/254857363,https://digitalcontent.api.tesco.com/v2/media/ghs/f1146c03-9948-4477-9af8-30381b26097c/17c244ad-2ae4-4a54-b62a-dc76c040d5e5_79238454.jpeg?h=225&w=225,
273793506,Tesco Low Calorie Soda Water With Lime 1L,https://www.tesco.com/groceries/en-GB/shop/drinks/all?department=Adult%20Soft%20Drinks%20%26%20Mixers&viewAll=department&page=,£0.70,£0.07/100ml,,,/groceries/en-GB/products/273793506,https://digitalcontent.api.tesco.com/v2/media/ghs/ca4a17fa-4a8a-42b0-ac4b-15fd6e70a558/4010ab6b-03ed-45eb-ab3e-41fa23d6f75d_1897381935.jpeg?h=225&w=225,
285019721,T.Low Calorie Indian Tonic Water With Elderflower 1L,https://www.tesco.com/groceries/en-GB/shop/drinks/all?department=Adult%20Soft%20Drinks%20%26%20Mixers&viewAll=department&page=,£0.70,£0.07/100ml,,,/groceries/en-GB/products/285019721,https://digitalcontent.api.tesco.com/v2/media/ghs/0c19ffcb-8c32-4ed6-8aa0-f4859a751b8c/fef73c85-8c9e-4909-acee-1cd9d9e218f1_1369142237.jpeg?h=225&w=225,
251246175,Schweppes Slimline Tonic Water 1L,https://www.tesco.com/groceries/en-GB/shop/drinks/all?department=Adult%20Soft%20Drinks%20%26%20Mixers&viewAll=department&page=,£1.65,£0.16/100ml,£1.00 Clubcard Price,,/groceries/en-GB/products/251246175,https://digitalcontent.api.tesco.com/v2/media/ghs/87a3c70d-273c-497c-b34a-d421b5d087dc/7d12234d-b281-4b28-bb15-5341b54c749b_657141349.jpeg?h=225&w=225,
259792252,Shloer Red Grape Juice 750Ml,https://www.tesco.com/groceries/en-GB/shop/drinks/all?department=Adult%20Soft%20Drinks%20%26%20Mixers&viewAll=department&page=,£2.40,£0.32/100ml,£1.20 Clubcard Price,,/groceries/en-GB/products/259792252,https://digitalcontent.api.tesco.com/v2/media/ghs/e96dc0a0-f2d5-45b2-9178-3adf3ef8699a/c892ecae-0551-4c6b-8c17-312423c3d309_791043167.jpeg?h=225&w=225,
258519168,Old Jamaica Ginger Beer 330Ml,https://www.tesco.com/groceries/en-GB/shop/drinks/all?department=Adult%20Soft%20Drinks%20%26%20Mixers&viewAll=department&page=,£0.55,£0.17/100ml,,,/groceries/en-GB/products/258519168,https://digitalcontent.api.tesco.com/v2/media/ghs/dabfd24f-0bbe-49a0-970a-19cae4109287/eade92f9-b88c-44ec-8c8e-40adc015f89b_77124515.jpeg?h=225&w=225,
259907078,Shloer White Grape 750Ml,https://www.tesco.com/groceries/en-GB/shop/drinks/all?department=Adult%20Soft%20Drinks%20%26%20Mixers&viewAll=department&page=,£2.40,£0.32/100ml,£1.20 Clubcard Price,,/groceries/en-GB/products/259907078,https://digitalcontent.api.tesco.com/v2/media/ghs/06b620dc-55a3-490d-ad89-c93c006c2857/c95a395c-5540-400d-8068-b90b634555cb_2003389415.jpeg?h=225&w=225,
254857432,Schweppes Tonic Water 1 Litre,https://www.tesco.com/groceries/en-GB/shop/drinks/all?department=Adult%20Soft%20Drinks%20%26%20Mixers&viewAll=department&page=,£1.65,£0.16/100ml,£1.00 Clubcard Price,,/groceries/en-GB/products/254857432,https://digitalcontent.api.tesco.com/v2/media/ghs/1f73abaa-5b53-4317-8df4-d611d2d10211/bd70dbbc-1470-4a7e-ac84-721997c01b9a_1694413407.jpeg?h=225&w=225,
312564356,Schweppes Slimline Tonic Grapefruit 1 Litre,https://www.tesco.com/groceries/en-GB/shop/drinks/all?department=Adult%20Soft%20Drinks%20%26%20Mixers&viewAll=department&page=,£1.65,£0.16/100ml,£1.00 Clubcard Price,,/groceries/en-GB/products/312564356,https://digitalcontent.api.tesco.com/v2/media/ghs/2baaf317-61db-483e-8182-91c49e699061/a5f8cb15-8c13-4294-88db-fbf0b178ab26_1588023919.jpeg?h=225&w=225,
257638733,Schweppes Canada Dry Ginger Ale 1Ltre,https://www.tesco.com/groceries/en-GB/shop/drinks/all?department=Adult%20Soft%20Drinks%20%26%20Mixers&viewAll=department&page=,£1.65,£0.16/100ml,£1.00 Clubcard Price,,/groceries/en-GB/products/257638733,https://digitalcontent.api.tesco.com/v2/media/ghs/1aeef3cb-c67d-4599-a495-07365269068d/b3b5d184-8fc7-4498-a02e-452ab23db140_1329022997.jpeg?h=225&w=225,
250891080,Tesco No Added Sugar Fiery Ginger Beer 2L Bottle,https://www.tesco.com/groceries/en-GB/shop/drinks/all?department=Adult%20Soft%20Drinks%20%26%20Mixers&viewAll=department&page=,£0.80,£0.04/100ml,,,/groceries/en-GB/products/250891080,https://digitalcontent.api.tesco.com/v2/media/ghs/fb97bafe-4749-4062-826d-aae1b939d67e/c706ea9e-f74f-444a-a973-c08d7bb70118_2106214809.jpeg?h=225&w=225,
299947764,Appletiser Appletiser 150Ml,https://www.tesco.com/groceries/en-GB/shop/drinks/all?department=Adult%20Soft%20Drinks%20%26%20Mixers&viewAll=department&page=,£0.55,£0.37/100ml,Any 5 for £2 Clubcard Price - Selected Drinks 150ml,,/groceries/en-GB/products/299947764,https://digitalcontent.api.tesco.com/v2/media/ghs/47a08fc8-0047-4175-a059-6ac0c59feadd/27b8d6dd-56e2-44be-9501-3b4d6e824483_1214912341.jpeg?h=225&w=225,
258341546,Schweppes Lemonade 150Ml,https://www.tesco.com/groceries/en-GB/shop/drinks/all?department=Adult%20Soft%20Drinks%20%26%20Mixers&viewAll=department&page=,£0.55,£0.37/100ml,Any 5 for £2 Clubcard Price - Selected Drinks 150ml,,/groceries/en-GB/products/258341546,https://digitalcontent.api.tesco.com/v2/media/ghs/1580a268-8521-4202-9f16-b19660ffe391/0227c344-3d89-4271-a5ce-051d8554af1f_941355193.jpeg?h=225&w=225,
306934498,Fever Tree Light Tonic Water 15X150ml,https://www.tesco.com/groceries/en-GB/shop/drinks/all?department=Adult%20Soft%20Drinks%20%26%20Mixers&viewAll=department&page=,£7.50,£0.33/100ml,,,/groceries/en-GB/products/306934498,https://digitalcontent.api.tesco.com/v2/media/ghs/43b4edfb-9675-4ba7-bbe0-0d4ccc8f5f5b/7e7693a4-fd30-4adc-8061-a68c8c134d7c_1396895869.jpeg?h=225&w=225,
306930306,Fever Tree Light Mediterranean Tonic Water 15X150ml,https://www.tesco.com/groceries/en-GB/shop/drinks/all?department=Adult%20Soft%20Drinks%20%26%20Mixers&viewAll=department&page=,£7.50,£0.33/100ml,,,/groceries/en-GB/products/306930306,https://digitalcontent.api.tesco.com/v2/media/ghs/3da78eaf-08d4-47c4-9d24-349c3e90738f/4761ed87-0bd4-4190-b901-dd4814401a87_1995175118.jpeg?h=225&w=225,
299914158,J2o Spritz Apple Watermelon 6X275ml,https://www.tesco.com/groceries/en-GB/shop/drinks/all?department=Adult%20Soft%20Drinks%20%26%20Mixers&viewAll=department&page=,£6.25,£0.38/100ml,,,/groceries/en-GB/products/299914158,https://digitalcontent.api.tesco.com/v2/media/ghs/4f96251b-e93d-4f93-aaad-16b316133791/fe0f241d-c592-4c20-95cc-bce236c0f0d6_513873897.jpeg?h=225&w=225,
306951097,J20 Spritz Apple & Elderflower Juice Drink 6X275ml,https://www.tesco.com/groceries/en-GB/shop/drinks/all?department=Adult%20Soft%20Drinks%20%26%20Mixers&viewAll=department&page=,£6.25,£0.38/100ml,,,/groceries/en-GB/products/306951097,https://digitalcontent.api.tesco.com/v2/media/ghs/75519a6b-159d-4f23-a1a7-caecec942564/dafd54a5-5b48-4e03-9e07-da18f8c38ad3_1366199788.jpeg?h=225&w=225,
298358086,J20 Glitterberry 6X275ml,https://www.tesco.com/groceries/en-GB/shop/drinks/all?department=Adult%20Soft%20Drinks%20%26%20Mixers&viewAll=department&page=,£6.25,£0.38/100ml,£4.00 Clubcard Price,,/groceries/en-GB/products/298358086,https://digitalcontent.api.tesco.com/v2/media/ghs/d49af9a9-a1bf-4f60-87ea-e73d7d3d096f/1f491586-545e-4f6c-bee7-b25cd1dbab0e_2082619716.jpeg?h=225&w=225,
251646554,Bottlegreen Ginger & Lemongrass Cordial 50Cl,https://www.tesco.com/groceries/en-GB/shop/drinks/all?department=Adult%20Soft%20Drinks%20%26%20Mixers&viewAll=department&page=,£3.75,£0.75/100ml,,,/groceries/en-GB/products/251646554,https://digitalcontent.api.tesco.com/v2/media/ghs/dc4cd26e-0cc3-443b-b18b-5e6ef0069fea/8813b40c-4e6b-4a4d-b2eb-f9a270128258_1481290957.jpeg?h=225&w=225,
298358063,J20 Apple & Raspberry 275Ml X 6,https://www.tesco.com/groceries/en-GB/shop/drinks/all?department=Adult%20Soft%20Drinks%20%26%20Mixers&viewAll=department&page=,£6.25,£0.38/100ml,£4.00 Clubcard Price,,/groceries/en-GB/products/298358063,https://digitalcontent.api.tesco.com/v2/media/ghs/c48c2b74-48de-48c1-8d7d-a27d5d69c5c7/21b2b3ba-29f7-4ae3-9fcb-bb211fca2dd3_1272809378.jpeg?h=225&w=225,
298358149,J20 Apple & Mango 6X275ml,https://www.tesco.com/groceries/en-GB/shop/drinks/all?department=Adult%20Soft%20Drinks%20%26%20Mixers&viewAll=department&page=,£6.25,£0.38/100ml,£4.00 Clubcard Price,,/groceries/en-GB/products/298358149,https://digitalcontent.api.tesco.com/v2/media/ghs/1d25770e-87e8-4fe3-b6a2-ccb4cba864ba/38111d3f-f6cb-4c55-b6ac-ffce4eddf81b_241253921.jpeg?h=225&w=225,
280364895,Schweppes Canada Dry Ginger Ale 12X150ml,https://www.tesco.com/groceries/en-GB/shop/drinks/all?department=Adult%20Soft%20Drinks%20%26%20Mixers&viewAll=department&page=,£5.60,£0.31/100ml,£4.00 Clubcard Price,,/groceries/en-GB/products/280364895,https://digitalcontent.api.tesco.com/v2/media/ghs/37f957b8-751c-41e5-b7ca-65c667641bc0/3096c03d-f038-4e32-b266-9816ed6ff1d9_784699653.jpeg?h=225&w=225,
275218224,Fever-Tree Naturally Light Ginger Beer 500Ml,https://www.tesco.com/groceries/en-GB/shop/drinks/all?department=Adult%20Soft%20Drinks%20%26%20Mixers&viewAll=department&page=,£1.95,£0.39/100ml,,,/groceries/en-GB/products/275218224,https://digitalcontent.api.tesco.com/v2/media/ghs/03b71ff1-778c-49a4-ae6b-6c0ccd898e1d/faec45a9-51b7-4225-b7d8-b1b52e893c0d_780010376.jpeg?h=225&w=225,
311936546,Fever-Tree Light Sicilian Lemonade 4X250ml,https://www.tesco.com/groceries/en-GB/shop/drinks/all?department=Adult%20Soft%20Drinks%20%26%20Mixers&viewAll=department&page=,£3.75,£0.38/100ml,,New,/groceries/en-GB/products/311936546,https://digitalcontent.api.tesco.com/v2/media/ghs/0c7a96c0-c086-474c-b13d-2e88513f0f25/44211fa7-fd33-4bec-b7e5-8da64ac9498b_865992553.jpeg?h=225&w=225,
299914037,Fever Tree Light Aromatic Tonic Cans 8X150ml,https://www.tesco.com/groceries/en-GB/shop/drinks/all?department=Adult%20Soft%20Drinks%20%26%20Mixers&viewAll=department&page=,£4.30,£0.36/100ml,£3.80 Clubcard Price,,/groceries/en-GB/products/299914037,https://digitalcontent.api.tesco.com/v2/media/ghs/86768090-d675-46a0-8c0c-a8578c5b5936/5b17d246-49e6-4402-bf38-a0f884ff02b2_1476415928.jpeg?h=225&w=225,
299913712,Fever Tree Light Elderflower Tonic Cans 8X150ml,https://www.tesco.com/groceries/en-GB/shop/drinks/all?department=Adult%20Soft%20Drinks%20%26%20Mixers&viewAll=department&page=,£4.30,£0.36/100ml,£3.80 Clubcard Price,,/groceries/en-GB/products/299913712,https://digitalcontent.api.tesco.com/v2/media/ghs/63e9ffa1-425d-415c-88c3-074e6d9d9686/d1292b91-a9d0-46fe-9804-5cc82bab1a70_1915599402.jpeg?h=225&w=225,
302038897,Fever-Tree Light Ginger Ale Cans 8X150ml,https://www.tesco.com/groceries/en-GB/shop/drinks/all?department=Adult%20Soft%20Drinks%20%26%20Mixers&viewAll=department&page=,£4.30,£0.36/100ml,£3.80 Clubcard Price,,/groceries/en-GB/products/302038897,https://digitalcontent.api.tesco.com/v2/media/ghs/c58776e3-3a5d-40a6-821d-b67d1533e492/9214edab-51d0-4695-be27-44915713712d_1135067914.jpeg?h=225&w=225,
275218282,Fever-Tree Naturally Light Tonic Water 500Ml,https://www.tesco.com/groceries/en-GB/shop/drinks/all?department=Adult%20Soft%20Drinks%20%26%20Mixers&viewAll=department&page=,£1.95,£0.39/100ml,£1.60 Clubcard Price,,/groceries/en-GB/products/275218282,https://digitalcontent.api.tesco.com/v2/media/ghs/443ead8a-b345-46fc-927b-70bf46564158/206f52fd-151d-4ed8-ad85-68839b6017db_641202771.jpeg?h=225&w=225,
275522226,J20 Apple & Raspberry Cans 6 X 250Ml,https://www.tesco.com/groceries/en-GB/shop/drinks/all?department=Adult%20Soft%20Drinks%20%26%20Mixers&viewAll=department&page=,£3.50,£0.23/100ml,,,/groceries/en-GB/products/275522226,https://digitalcontent.api.tesco.com/v2/media/ghs/41f65844-97cf-4414-be48-56725cd0e51a/ea219817-cbf1-4808-a541-fc217a61716f_1243663607.jpeg?h=225&w=225,
273904740,Belvoir Ginger Cordial 500Ml,https://www.tesco.com/groceries/en-GB/shop/drinks/all?department=Adult%20Soft%20Drinks%20%26%20Mixers&viewAll=department&page=,£3.50,£0.70/100ml,£2.75 Clubcard Price,,/groceries/en-GB/products/273904740,https://digitalcontent.api.tesco.com/v2/media/ghs/7aab2a84-9667-436b-b05b-6e3696a0443e/42a8a412-150e-4284-899b-48eae2e58def_448856690.jpeg?h=225&w=225,
261257452,Schweppes Citrus With Russchian Pink Soda 1Ltr,https://www.tesco.com/groceries/en-GB/shop/drinks/all?department=Adult%20Soft%20Drinks%20%26%20Mixers&viewAll=department&page=,£1.65,£0.16/100ml,,,/groceries/en-GB/products/261257452,https://digitalcontent.api.tesco.com/v2/media/ghs/0cc94a97-1b03-4263-a248-f19472bd5d3e/e97cce1d-6c93-494a-a70c-ab595273ad46_1588497117.jpeg?h=225&w=225,
264510637,Belvoir Elderflower Cordial 500Ml,https://www.tesco.com/groceries/en-GB/shop/drinks/all?department=Adult%20Soft%20Drinks%20%26%20Mixers&viewAll=department&page=,£3.50,£0.70/100ml,£2.75 Clubcard Price,,/groceries/en-GB/products/264510637,https://digitalcontent.api.tesco.com/v2/media/ghs/1f7a3ee8-b0a5-4350-97c1-300fa4249565/20ac2de5-63d7-43a6-b936-ad311affadd9_1042815577.jpeg?h=225&w=225,
312095438,Fever-Tree Light Sparkling Mexican Lime 4X250ml,https://www.tesco.com/groceries/en-GB/shop/drinks/all?department=Adult%20Soft%20Drinks%20%26%20Mixers&viewAll=department&page=,£3.75,£0.38/100ml,,New,/groceries/en-GB/products/312095438,https://digitalcontent.api.tesco.com/v2/media/ghs/ae78e7d8-35c4-4022-925a-c7682745affb/fc337f36-c7d1-4792-aed3-79840b7192b4_834659605.jpeg?h=225&w=225,
298026174,Robinson Cordial Raspberry Orange & Rhubarb 500Ml,https://www.tesco.com/groceries/en-GB/shop/drinks/all?department=Adult%20Soft%20Drinks%20%26%20Mixers&viewAll=department&page=,£2.50,£0.50/100ml,,,/groceries/en-GB/products/298026174,https://digitalcontent.api.tesco.com/v2/media/ghs/e44084d7-a9a9-42da-96cd-2c02d523395c/1a2e740a-6d57-44df-b53c-8767e5dd945e_2103619938.jpeg?h=225&w=225,
289287413,Fever-Tree Tonic Mediterranean 500Ml,https://www.tesco.com/groceries/en-GB/shop/drinks/all?department=Adult%20Soft%20Drinks%20%26%20Mixers&viewAll=department&page=,£2.10,£0.42/100ml,£1.70 Clubcard Price,,/groceries/en-GB/products/289287413,https://digitalcontent.api.tesco.com/v2/media/ghs/9cdf6ec2-3874-449e-81de-5e4255ccc9df/690b875b-41b8-40f1-919b-69ed23a5cf56_540266881.jpeg?h=225&w=225,
312347343,Fentimans Victorian Lemonade 750Ml,https://www.tesco.com/groceries/en-GB/shop/drinks/all?department=Adult%20Soft%20Drinks%20%26%20Mixers&viewAll=department&page=,£3.20,£0.43/100ml,£2.20 Clubcard Price,,/groceries/en-GB/products/312347343,https://digitalcontent.api.tesco.com/v2/media/ghs/ada2a17e-e168-4afc-8d95-8be6d5a9d47a/aa57c291-31bb-4561-b8b8-f6cc2afba5ce_538074414.jpeg?h=225&w=225,
299913919,Fever Tree Light Elderflower Tonic 500Ml,https://www.tesco.com/groceries/en-GB/shop/drinks/all?department=Adult%20Soft%20Drinks%20%26%20Mixers&viewAll=department&page=,£1.95,£0.39/100ml,£1.60 Clubcard Price,,/groceries/en-GB/products/299913919,https://digitalcontent.api.tesco.com/v2/media/ghs/07dcd6a1-7e30-4f60-a229-589a17de34f8/ce2929ea-fbf1-4fe1-bb0f-ef999b898c1c_1927697129.jpeg?h=225&w=225,
312089803,Fever-Tree Light Ginger Beer 4X250ml,https://www.tesco.com/groceries/en-GB/shop/drinks/all?department=Adult%20Soft%20Drinks%20%26%20Mixers&viewAll=department&page=,£3.75,£0.38/100ml,,New,/groceries/en-GB/products/312089803,https://digitalcontent.api.tesco.com/v2/media/ghs/4fee83ea-b77d-4082-a940-e3dbe1d705b2/a127bc7d-2820-4c89-867c-9a7663feed37_559041415.jpeg?h=225&w=225,
299913931,Fever Tree Light Mediterranean Tonic 500Ml,https://www.tesco.com/groceries/en-GB/shop/drinks/all?department=Adult%20Soft%20Drinks%20%26%20Mixers&viewAll=department&page=,£1.95,£0.39/100ml,£1.60 Clubcard Price,,/groceries/en-GB/products/299913931,https://digitalcontent.api.tesco.com/v2/media/ghs/1ab4c520-4a26-4a93-98d5-31390d452282/033ad8e2-db33-449b-8039-345ca55033e5_418759085.jpeg?h=225&w=225,
267004604,Fever Tree Premium Indian Tonic Water 500Ml,https://www.tesco.com/groceries/en-GB/shop/drinks/all?department=Adult%20Soft%20Drinks%20%26%20Mixers&viewAll=department&page=,£2.10,£0.42/100ml,£1.70 Clubcard Price,,/groceries/en-GB/products/267004604,https://digitalcontent.api.tesco.com/v2/media/ghs/7cabda39-607f-4994-8202-b7c32399cdb2/2207f3dc-4929-4d61-9e65-de9545b2768c_2079324380.jpeg?h=225&w=225,
262422831,Bottlegreen Pomegranate Elder Flower 75Cl,https://www.tesco.com/groceries/en-GB/shop/drinks/all?department=Adult%20Soft%20Drinks%20%26%20Mixers&viewAll=department&page=,£2.85,£0.38/100ml,,New,/groceries/en-GB/products/262422831,https://digitalcontent.api.tesco.com/v2/media/ghs/37e51021-0fbc-4e20-9480-6a5e91f00035/a8dea20f-f954-499b-8638-1f98da500aa3_1803745027.jpeg?h=225&w=225,
312365367,Fentimans Lemon & Pink Ginger Drink 4X250ml,https://www.tesco.com/groceries/en-GB/shop/drinks/all?department=Adult%20Soft%20Drinks%20%26%20Mixers&viewAll=department&page=,£4.00,£0.40/100ml,£3.50 Clubcard Price,,/groceries/en-GB/products/312365367,https://digitalcontent.api.tesco.com/v2/media/ghs/9d5d78bd-0956-4df7-a038-7bd889729fd2/f8960142-69c0-47ab-9ef1-7a0510cc3a64_847736394.jpeg?h=225&w=225,
257716514,Diet Coke 12 X 150Ml,https://www.tesco.com/groceries/en-GB/shop/drinks/all?department=Adult%20Soft%20Drinks%20%26%20Mixers&viewAll=department&page=,£5.60,£0.31/100ml,£4.00 Clubcard Price,,/groceries/en-GB/products/257716514,https://digitalcontent.api.tesco.com/v2/media/ghs/f1ee1ced-dd51-443a-a780-b5141c6c2181/8d4c9d81-1a30-4a3a-ad49-f51c53d4eef3_962817347.jpeg?h=225&w=225,
307357223,Belvoir Pink Lady Sparkling Apple Juice 750Ml,https://www.tesco.com/groceries/en-GB/shop/drinks/all?department=Adult%20Soft%20Drinks%20%26%20Mixers&viewAll=department&page=,£2.95,£0.39/100ml,£2.20 Clubcard Price,,/groceries/en-GB/products/307357223,https://digitalcontent.api.tesco.com/v2/media/ghs/67543cdd-9d35-4bb5-9b4e-381e5ae866a5/c0bd4980-e216-4a85-adb7-326ea73a9d80_1948876195.jpeg?h=225&w=225,
299913891,Fever Tree Light Sicilian Lemonade 500Ml,https://www.tesco.com/groceries/en-GB/shop/drinks/all?department=Adult%20Soft%20Drinks%20%26%20Mixers&viewAll=department&page=,£1.95,£0.39/100ml,,,/groceries/en-GB/products/299913891,https://digitalcontent.api.tesco.com/v2/media/ghs/fbb18341-28a3-4af3-919a-86122cb7da6e/a7a54fcf-6eb2-47d4-8325-0258eeb06359_836339962.jpeg?h=225&w=225,
299913856,Fever Tree Light Ginger Ale 500Ml,https://www.tesco.com/groceries/en-GB/shop/drinks/all?department=Adult%20Soft%20Drinks%20%26%20Mixers&viewAll=department&page=,£1.95,£0.39/100ml,£1.60 Clubcard Price,,/groceries/en-GB/products/299913856,https://digitalcontent.api.tesco.com/v2/media/ghs/16b9b6e2-fee7-4ddf-bbaf-3db142b65e2e/43220288-b93e-485d-a4cc-19723f347547_615864080.jpeg?h=225&w=225,
309464605,Fever-Tree Damson & Sloe Berry Tonic Water 500Ml,https://www.tesco.com/groceries/en-GB/shop/drinks/all?department=Adult%20Soft%20Drinks%20%26%20Mixers&viewAll=department&page=,£1.95,£0.39/100ml,£1.60 Clubcard Price,,/groceries/en-GB/products/309464605,https://digitalcontent.api.tesco.com/v2/media/ghs/dc64aef5-3f2c-474b-a341-269454c92e04/43a3259a-425f-4ff8-b636-2a131acfc497_256166409.jpeg?h=225&w=225,
310683270,Fever-Tree Light Spanish Clementine Tonic Water 500Ml,https://www.tesco.com/groceries/en-GB/shop/drinks/all?department=Adult%20Soft%20Drinks%20%26%20Mixers&viewAll=department&page=,£1.95,£0.39/100ml,£1.60 Clubcard Price,,/groceries/en-GB/products/310683270,https://digitalcontent.api.tesco.com/v2/media/ghs/43126dd2-c8db-4df0-84bb-596ed3d89c82/9b1d8f99-232b-41cb-aa3d-f9deb8573014_330553054.jpeg?h=225&w=225,
305968309,J20 Spritz Apple & Watermelon 4X250ml,https://www.tesco.com/groceries/en-GB/shop/drinks/all?department=Adult%20Soft%20Drinks%20%26%20Mixers&viewAll=department&page=,£2.00,£0.20/100ml,,,/groceries/en-GB/products/305968309,https://digitalcontent.api.tesco.com/v2/media/ghs/4c5a6393-8e91-441e-9937-63172bc8ceac/3b0d6fa1-5166-410a-9f49-8668367539c2_1006483944.jpeg?h=225&w=225,
307147132,Fever Tree Rhubarb & Raspberry Tonic Water 500Ml,https://www.tesco.com/groceries/en-GB/shop/drinks/all?department=Adult%20Soft%20Drinks%20%26%20Mixers&viewAll=department&page=,£1.95,£0.39/100ml,£1.60 Clubcard Price,,/groceries/en-GB/products/307147132,https://digitalcontent.api.tesco.com/v2/media/ghs/986fc02b-3f3c-4168-b1f5-23adb3fbdd69/1b4686d1-4b23-44ca-8a9d-cbe3277ae6dd_570144860.jpeg?h=225&w=225,
304794412,Tesco Sparkling White Grape & Elderflower 750Ml,https://www.tesco.com/groceries/en-GB/shop/drinks/all?department=Adult%20Soft%20Drinks%20%26%20Mixers&viewAll=department&page=,£1.50,£0.20/100ml,,,/groceries/en-GB/products/304794412,https://digitalcontent.api.tesco.com/v2/media/ghs/b97bcfcb-5912-4439-bf6d-e7afb3fd921b/2c9dbb63-bdbb-4f5d-9b0f-e3661ce4f33c_215331156.jpeg?h=225&w=225,
265642636,Shloer Rose 750Ml,https://www.tesco.com/groceries/en-GB/shop/drinks/all?department=Adult%20Soft%20Drinks%20%26%20Mixers&viewAll=department&page=,£2.40,£0.32/100ml,£1.20 Clubcard Price,,/groceries/en-GB/products/265642636,https://digitalcontent.api.tesco.com/v2/media/ghs/cf70a8ed-12fd-4a0c-b805-b20f3daf1a2d/027e6b3b-6f13-4e8a-96eb-aa08c20a150b_294051430.jpeg?h=225&w=225,
253485723,Schweppes Soda Water 1L,https://www.tesco.com/groceries/en-GB/shop/drinks/all?department=Adult%20Soft%20Drinks%20%26%20Mixers&viewAll=department&page=,£1.65,£0.16/100ml,£1.00 Clubcard Price,,/groceries/en-GB/products/253485723,https://digitalcontent.api.tesco.com/v2/media/ghs/465b537b-864d-48fb-864a-fd2af888d35d/928071b1-da28-468e-8540-084e7447fdc2_1123098184.jpeg?h=225&w=225,
300063823,Bundaberg Ginger Beer 4 X 375Ml,https://www.tesco.com/groceries/en-GB/shop/drinks/all?department=Adult%20Soft%20Drinks%20%26%20Mixers&viewAll=department&page=,£5.40,£0.36/100ml,,,/groceries/en-GB/products/300063823,https://digitalcontent.api.tesco.com/v2/media/ghs/7d9f2b81-e1ad-4fdd-9efb-1437b65ba994/35312a9e-979f-48df-960f-07e1cae235fb_1218306856.jpeg?h=225&w=225,
263829055,Fentimans Traditional Ginger Beer 4X275ml,https://www.tesco.com/groceries/en-GB/shop/drinks/all?department=Adult%20Soft%20Drinks%20%26%20Mixers&viewAll=department&page=,£4.50,£0.41/100ml,,,/groceries/en-GB/products/263829055,https://digitalcontent.api.tesco.com/v2/media/ghs/9bbc45d8-fafe-46b5-8410-12e3ef5105c5/9484a2a1-a0d1-494b-8900-7bd4a53ed185_888888033.jpeg?h=225&w=225,
302243360,Fentimans Curiosity Cola 4X275ml,https://www.tesco.com/groceries/en-GB/shop/drinks/all?department=Adult%20Soft%20Drinks%20%26%20Mixers&viewAll=department&page=,£4.50,£0.41/100ml,,,/groceries/en-GB/products/302243360,https://digitalcontent.api.tesco.com/v2/media/ghs/e3313921-2c8e-456b-8727-e21802de08d2/ef565810-5072-4a0a-b10b-64b2a25a598e_1203673725.jpeg?h=225&w=225,
258043686,Bottlegreen Elderflower Light Presse 75Cl,https://www.tesco.com/groceries/en-GB/shop/drinks/all?department=Adult%20Soft%20Drinks%20%26%20Mixers&viewAll=department&page=,£2.85,£0.38/100ml,,,/groceries/en-GB/products/258043686,https://digitalcontent.api.tesco.com/v2/media/ghs/fa379bc4-eae8-47c8-9b8b-d5631e8e013a/5ebbfc9f-1f4c-4c3a-b897-8b74433fe382_1853662991.jpeg?h=225&w=225,
298026623,Cawston Press Elderflower Lemonade 4X330ml,https://www.tesco.com/groceries/en-GB/shop/drinks/all?department=Adult%20Soft%20Drinks%20%26%20Mixers&viewAll=department&page=,£4.20,£0.32/100ml,,,/groceries/en-GB/products/298026623,https://digitalcontent.api.tesco.com/v2/media/ghs/395cf3da-cb0d-4e1f-acfe-d94991f2d163/101959ea-e301-40f9-b09d-4582fe140c3c_1200157225.jpeg?h=225&w=225,
298026583,Cawston Press Rhubarb 4X330,https://www.tesco.com/groceries/en-GB/shop/drinks/all?department=Adult%20Soft%20Drinks%20%26%20Mixers&viewAll=department&page=,£4.20,£0.32/100ml,,,/groceries/en-GB/products/298026583,https://digitalcontent.api.tesco.com/v2/media/ghs/808036e3-c892-47e3-afe3-050250b12726/c79e5bdc-f75f-446e-8574-cb87e6d2292b_1740821086.jpeg?h=225&w=225,
298025440,Coke 4 X 250Ml,https://www.tesco.com/groceries/en-GB/shop/drinks/all?department=Adult%20Soft%20Drinks%20%26%20Mixers&viewAll=department&page=,£4.10,£0.41/100ml,,,/groceries/en-GB/products/298025440,https://digitalcontent.api.tesco.com/v2/media/ghs/16f5ede9-e52d-43e6-a853-a9d11691a95b/b2f35c2d-0160-4f72-a733-970427be197c_775134933.jpeg?h=225&w=225,
280520808,Tesco Finest Sicilian Lemon & Mint Presse 750Ml,https://www.tesco.com/groceries/en-GB/shop/drinks/all?department=Adult%20Soft%20Drinks%20%26%20Mixers&viewAll=department&page=,£2.20,£0.29/100ml,,,/groceries/en-GB/products/280520808,https://digitalcontent.api.tesco.com/v2/media/ghs/346b0a58-8d39-4a1e-b946-e48233f74503/c3d15d01-bf61-4380-8e01-79d1a06044d3_325312350.jpeg?h=225&w=225,
268328146,Bottle Green 2 X 750Ml,https://www.tesco.com/groceries/en-GB/shop/drinks/all?department=Adult%20Soft%20Drinks%20%26%20Mixers&viewAll=department&page=,£4.95,£0.33/100ml,"Tesco Finest* Meal Deal for £12 Clubcard Price - Buy 1 Main, 1 Side, 1 Dessert & A Drink",,/groceries/en-GB/products/268328146,https://digitalcontent.api.tesco.com/v2/media/ghs/000700b7-2db4-4e05-bddd-dec0ff32cc89/8a6c7fb9-7130-4824-a120-c5f841c65532_273144432.jpeg?h=225&w=225,
280520935,Tesco Finest Cox's Apple & Elder Presse 750Ml,https://www.tesco.com/groceries/en-GB/shop/drinks/all?department=Adult%20Soft%20Drinks%20%26%20Mixers&viewAll=department&page=,£2.20,£0.29/100ml,,,/groceries/en-GB/products/280520935,https://digitalcontent.api.tesco.com/v2/media/ghs/8810338b-e1c6-4924-8010-21a4a6a4c1c7/c077d3c2-438e-4563-9cc9-c6916e38a346_1858706219.jpeg?h=225&w=225,
279361784,Shloer Celebration Pink Fizz 750Ml,https://www.tesco.com/groceries/en-GB/shop/drinks/all?department=Adult%20Soft%20Drinks%20%26%20Mixers&viewAll=department&page=,£3.55,£0.47/100ml,,,/groceries/en-GB/products/279361784,https://digitalcontent.api.tesco.com/v2/media/ghs/180a1f8f-825a-4001-a3f7-a2fa2ff48b7c/6a2cdc60-3da3-4409-a5b8-c8aac63e0bd5_680085846.jpeg?h=225&w=225,
266599154,Fentimans Traditional Rose Lemonade 750Ml,https://www.tesco.com/groceries/en-GB/shop/drinks/all?department=Adult%20Soft%20Drinks%20%26%20Mixers&viewAll=department&page=,£3.20,£0.43/100ml,£2.20 Clubcard Price,,/groceries/en-GB/products/266599154,https://digitalcontent.api.tesco.com/v2/media/ghs/b3c58e78-8383-466c-b0d3-9e38eb3faa39/d8ff0519-7b3e-443b-89bd-efa558c96422_586194465.jpeg?h=225&w=225,
309789359,Shloer Sparkling White Grape Juice 275Ml X 4,https://www.tesco.com/groceries/en-GB/shop/drinks/all?department=Adult%20Soft%20Drinks%20%26%20Mixers&viewAll=department&page=,£2.75,£0.25/100ml,,,/groceries/en-GB/products/309789359,https://digitalcontent.api.tesco.com/v2/media/ghs/2d872d6a-5971-4bb6-8a4f-097c0730ba57/00c266cf-68d5-4e20-b395-9219385abc27_1302180663.jpeg?h=225&w=225,
308490932,Fever Tree Mexican Lime Soda 500Ml,https://www.tesco.com/groceries/en-GB/shop/drinks/all?department=Adult%20Soft%20Drinks%20%26%20Mixers&viewAll=department&page=,£1.95,£0.39/100ml,£1.60 Clubcard Price,,/groceries/en-GB/products/308490932,https://digitalcontent.api.tesco.com/v2/media/ghs/b5db8a3d-5579-478b-bf2c-822d8d020eac/5d6f8039-7826-4f8b-8d03-e9a8be298954_1253467012.jpeg?h=225&w=225,
308086173,Bottlegreen Elderflower Sparkling Presse 750Ml,https://www.tesco.com/groceries/en-GB/shop/drinks/all?department=Adult%20Soft%20Drinks%20%26%20Mixers&viewAll=department&page=,£3.00,£0.40/100ml,,,/groceries/en-GB/products/308086173,https://digitalcontent.api.tesco.com/v2/media/ghs/b5389eb9-2655-43e6-8568-cff314007d87/39845679-65ae-40b3-be7d-ad1a5f2a7e20_530087263.jpeg?h=225&w=225,
310653907,Belvoir Farm Non Alcoholic Peach Bellini 750Ml,https://www.tesco.com/groceries/en-GB/shop/drinks/all?department=Adult%20Soft%20Drinks%20%26%20Mixers&viewAll=department&page=,£2.95,£0.39/100ml,£2.20 Clubcard Price,,/groceries/en-GB/products/310653907,https://digitalcontent.api.tesco.com/v2/media/ghs/7b37bfa9-09bd-4190-a7f1-6d9a489436de/1a99ac5e-c797-4e1e-82e7-cbad6eb44040_533262446.jpeg?h=225&w=225,
306660389,Tesco Finest Sloe Berry & Plum Sparkling Drink 750Ml,https://www.tesco.com/groceries/en-GB/shop/drinks/all?department=Adult%20Soft%20Drinks%20%26%20Mixers&viewAll=department&page=,£2.20,£0.29/100ml,,,/groceries/en-GB/products/306660389,https://digitalcontent.api.tesco.com/v2/media/ghs/9a216ed8-d16f-4743-bd68-4f52a1ab240c/f4d16935-610e-4887-8f94-8c9cffa411ea_550461225.jpeg?h=225&w=225,
305039321,London Essence Original Indian Tonic Water 6X150ml,https://www.tesco.com/groceries/en-GB/shop/drinks/all?department=Adult%20Soft%20Drinks%20%26%20Mixers&viewAll=department&page=,£3.50,£0.39/100ml,,,/groceries/en-GB/products/305039321,https://digitalcontent.api.tesco.com/v2/media/ghs/455488b5-fc3e-42f6-aea1-5c848f1a4085/4afcdf4f-e3b7-4c8b-ad85-ade6c9175246_767620734.jpeg?h=225&w=225,
281444753,Belvoir Light Elderflower Presse 750Ml,https://www.tesco.com/groceries/en-GB/shop/drinks/all?department=Adult%20Soft%20Drinks%20%26%20Mixers&viewAll=department&page=,£2.85,£0.38/100ml,£2.20 Clubcard Price,,/groceries/en-GB/products/281444753,https://digitalcontent.api.tesco.com/v2/media/ghs/4c57704b-2437-42f7-90ca-913a2ea1659e/e8260a03-6235-442e-b7dc-2272114e4202_1110405451.jpeg?h=225&w=225,
309183315,Belvoir Farm Passion Fruit Martini Non Alcoholic 750Ml,https://www.tesco.com/groceries/en-GB/shop/drinks/all?department=Adult%20Soft%20Drinks%20%26%20Mixers&viewAll=department&page=,£2.95,£0.39/100ml,£2.20 Clubcard Price,,/groceries/en-GB/products/309183315,https://digitalcontent.api.tesco.com/v2/media/ghs/5eb539e6-9213-4159-a049-27ee2fa29737/81ed45cb-bfba-4a2d-9f9c-7c58aa4fc4b4_1415859352.jpeg?h=225&w=225,
279055162,Belvoir Ginger Beer 750Ml,https://www.tesco.com/groceries/en-GB/shop/drinks/all?department=Adult%20Soft%20Drinks%20%26%20Mixers&viewAll=department&page=,£2.95,£0.39/100ml,£2.20 Clubcard Price,,/groceries/en-GB/products/279055162,https://digitalcontent.api.tesco.com/v2/media/ghs/88e287b3-cd0f-4882-bd6f-2c43ff2dba29/ed4101fc-1ab9-4066-a05c-3d9cac4bff87_1206009059.jpeg?h=225&w=225,
309759931,Shloer Sparkling Red Grape Juice 275Mlx4,https://www.tesco.com/groceries/en-GB/shop/drinks/all?department=Adult%20Soft%20Drinks%20%26%20Mixers&viewAll=department&page=,£2.75,£0.25/100ml,,,/groceries/en-GB/products/309759931,https://digitalcontent.api.tesco.com/v2/media/ghs/d5b6671c-3214-458c-bcb3-d909fb13bfb4/c9ddbe83-1163-4c22-9d9d-a397a0346138_1647050417.jpeg?h=225&w=225,
307355254,Nix & Kix Sparkling Mango & Ginger Drink 750Ml,https://www.tesco.com/groceries/en-GB/shop/drinks/all?department=Adult%20Soft%20Drinks%20%26%20Mixers&viewAll=department&page=,£2.60,£0.35/100ml,,,/groceries/en-GB/products/307355254,https://digitalcontent.api.tesco.com/v2/media/ghs/1a71f200-96ff-42a3-a727-2e86ddaccdbb/c33bb409-2e86-4d1f-8871-5aadc8682051_1307669689.jpeg?h=225&w=225,
280003845,Fentiman's Curiosity Cola 750Ml,https://www.tesco.com/groceries/en-GB/shop/drinks/all?department=Adult%20Soft%20Drinks%20%26%20Mixers&viewAll=department&page=,£3.20,£0.43/100ml,£2.20 Clubcard Price,,/groceries/en-GB/products/280003845,https://digitalcontent.api.tesco.com/v2/media/ghs/f4a3b260-e786-409b-86de-d21fbaa0fcab/a432f7e0-82e4-4a21-871b-58574ac0a372_691238958.jpeg?h=225&w=225,
265086912,Fentimans Traditional Ginger Beer 750Ml,https://www.tesco.com/groceries/en-GB/shop/drinks/all?department=Adult%20Soft%20Drinks%20%26%20Mixers&viewAll=department&page=,£3.20,£0.43/100ml,£2.20 Clubcard Price,,/groceries/en-GB/products/265086912,https://digitalcontent.api.tesco.com/v2/media/ghs/57cf4023-d243-4e7a-9ecc-ab1f974228fc/d2700f4e-ecf3-4b09-b3eb-4df02530d2bc_124273362.jpeg?h=225&w=225,
266599200,Fentimans Traditional Dandelion & Burdock 750Ml,https://www.tesco.com/groceries/en-GB/shop/drinks/all?department=Adult%20Soft%20Drinks%20%26%20Mixers&viewAll=department&page=,£3.20,£0.43/100ml,£2.20 Clubcard Price,,/groceries/en-GB/products/266599200,https://digitalcontent.api.tesco.com/v2/media/ghs/a4400082-c93b-4728-8d4d-0d360f99a8e7/1a1004d5-898d-4039-83e0-9eae3da68961_652920421.jpeg?h=225&w=225,
308492544,Fever Tree Italian Blood Orange Soda 500Ml,https://www.tesco.com/groceries/en-GB/shop/drinks/all?department=Adult%20Soft%20Drinks%20%26%20Mixers&viewAll=department&page=,£1.95,£0.39/100ml,£1.60 Clubcard Price,,/groceries/en-GB/products/308492544,https://digitalcontent.api.tesco.com/v2/media/ghs/3b234c4d-3731-41af-91f5-4bd6eceddbe3/3931052d-3b21-43d0-bb6a-4546fe2ccad9_970285625.jpeg?h=225&w=225,
307155024,Fever Tree Refreshingly Light Rose Lemonade 500Ml,https://www.tesco.com/groceries/en-GB/shop/drinks/all?department=Adult%20Soft%20Drinks%20%26%20Mixers&viewAll=department&page=,£1.95,£0.39/100ml,,,/groceries/en-GB/products/307155024,https://digitalcontent.api.tesco.com/v2/media/ghs/a707a143-9953-4f8c-9cc2-a6fd6bf9c377/c6352628-4fa4-463b-8fa4-a6ef7c9efc1e_1645806844.jpeg?h=225&w=225,
305959384,J20 Spritz Pear & Raspberry 4 X 250Ml,https://www.tesco.com/groceries/en-GB/shop/drinks/all?department=Adult%20Soft%20Drinks%20%26%20Mixers&viewAll=department&page=,£2.00,£0.20/100ml,,,/groceries/en-GB/products/305959384,https://digitalcontent.api.tesco.com/v2/media/ghs/46ee0725-8ad1-48a0-aec3-6ef71b8ddaad/8aa50a34-9ccf-4c56-aa59-96b5e56e0f19_1035579605.jpeg?h=225&w=225,
299913954,Fever Tree Light Aromatic Tonic 500Ml,https://www.tesco.com/groceries/en-GB/shop/drinks/all?department=Adult%20Soft%20Drinks%20%26%20Mixers&viewAll=department&page=,£1.95,£0.39/100ml,£1.60 Clubcard Price,,/groceries/en-GB/products/299913954,https://digitalcontent.api.tesco.com/v2/media/ghs/90f687ad-ca3f-4ad3-960a-db530d50e8c8/c753bb61-497f-4f93-95fb-51b11fe86f69_1632551770.jpeg?h=225&w=225,
302038851,Fever-Tree Light Spiced Orange Ginger Ale 500Ml,https://www.tesco.com/groceries/en-GB/shop/drinks/all?department=Adult%20Soft%20Drinks%20%26%20Mixers&viewAll=department&page=,£1.95,£0.39/100ml,£1.60 Clubcard Price,,/groceries/en-GB/products/302038851,https://digitalcontent.api.tesco.com/v2/media/ghs/131c9184-b6e8-4564-bdf0-7ab2d2d0144b/750c2985-47ac-47e7-bcd9-bd0645b1672b_353262643.jpeg?h=225&w=225,
305052879,London Essence Original Indian Tonic Water 500Ml,https://www.tesco.com/groceries/en-GB/shop/drinks/all?department=Adult%20Soft%20Drinks%20%26%20Mixers&viewAll=department&page=,£1.85,£0.37/100ml,,,/groceries/en-GB/products/305052879,https://digitalcontent.api.tesco.com/v2/media/ghs/3f6fe163-d9e2-4ef9-b137-a37b68d633c2/c7e4e631-ff1a-4c4e-a237-0a98ec9f6c17_1326817999.jpeg?h=225&w=225,
259808535,Shloer White Grape And Apple Juice Drink 750Ml,https://www.tesco.com/groceries/en-GB/shop/drinks/all?department=Adult%20Soft%20Drinks%20%26%20Mixers&viewAll=department&page=,£2.40,£0.32/100ml,£1.20 Clubcard Price,,/groceries/en-GB/products/259808535,https://digitalcontent.api.tesco.com/v2/media/ghs/935cb74d-c269-49f2-af9e-baba7da05b96/5590e28f-89fb-4255-a18b-fa1eb14ec290_1354947140.jpeg?h=225&w=225,
298025503,Coke Zero 4X250ml,https://www.tesco.com/groceries/en-GB/shop/drinks/all?department=Adult%20Soft%20Drinks%20%26%20Mixers&viewAll=department&page=,£3.80,£0.38/100ml,,,/groceries/en-GB/products/298025503,https://digitalcontent.api.tesco.com/v2/media/ghs/5dc5f7eb-3b75-4401-a376-2520f762acc5/5a6126aa-4e39-46fa-9fc8-ce46afd2a386_564111914.jpeg?h=225&w=225,
304781940,Tesco Sparkling Rose Grape & Rhubarb Drink 750Ml,https://www.tesco.com/groceries/en-GB/shop/drinks/all?department=Adult%20Soft%20Drinks%20%26%20Mixers&viewAll=department&page=,£1.50,£0.20/100ml,,,/groceries/en-GB/products/304781940,https://digitalcontent.api.tesco.com/v2/media/ghs/e8b5e99a-1cae-425a-8568-3e2ed991c2d8/bc605668-b957-4020-9f6f-017bef21e4fb_285312858.jpeg?h=225&w=225,
310113018,San Pellegrino Sparkling Orange Drink 330Ml,https://www.tesco.com/groceries/en-GB/shop/drinks/all?department=Adult%20Soft%20Drinks%20%26%20Mixers&viewAll=department&page=,£1.10,£0.33/100ml,"£3.40 Meal Deal Clubcard Price £3.90 Meal Deal Regular Price - Selected Drink, Snack, Wrap, Sandwich, Roll, Pasty Or Salad",,/groceries/en-GB/products/310113018,https://digitalcontent.api.tesco.com/v2/media/ghs/6f9de138-68b8-4c2a-9c16-f25a9b6da969/ff596579-3889-48b3-9573-ba8b72b016c3_1934737171.jpeg?h=225&w=225,
310689730,San Pellegrino Sparkling Lemon Drink 330Ml,https://www.tesco.com/groceries/en-GB/shop/drinks/all?department=Adult%20Soft%20Drinks%20%26%20Mixers&viewAll=department&page=,£1.10,£0.33/100ml,"£3.40 Meal Deal Clubcard Price £3.90 Meal Deal Regular Price - Selected Drink, Snack, Wrap, Sandwich, Roll, Pasty Or Salad",,/groceries/en-GB/products/310689730,https://digitalcontent.api.tesco.com/v2/media/ghs/a6c6b5b0-c203-4d5a-ac7e-97e0c7eb392b/35d1f5ce-a457-4060-bab0-4077d4f8eb42_772887761.jpeg?h=225&w=225,
259419431,Shloer White Grape And Elderflower Juice Drink 750Ml,https://www.tesco.com/groceries/en-GB/shop/drinks/all?department=Adult%20Soft%20Drinks%20%26%20Mixers&viewAll=department&page=,£2.40,£0.32/100ml,£1.20 Clubcard Price,,/groceries/en-GB/products/259419431,https://digitalcontent.api.tesco.com/v2/media/ghs/ce763b6f-500a-464a-aece-62d0b536dc87/b3a6a988-d24f-4e46-b918-e21f60747ba7_352441706.jpeg?h=225&w=225,
298025388,Diet Coke 4X250ml,https://www.tesco.com/groceries/en-GB/shop/drinks/all?department=Adult%20Soft%20Drinks%20%26%20Mixers&viewAll=department&page=,£3.80,£0.38/100ml,,,/groceries/en-GB/products/298025388,https://digitalcontent.api.tesco.com/v2/media/ghs/11609f1b-c054-4fad-8ec5-aac1c01f20fe/7183d7b2-e393-46be-b37a-270379def166_233263832.jpeg?h=225&w=225,
300063846,Bundaberg Root Beer 4 X 375Ml,https://www.tesco.com/groceries/en-GB/shop/drinks/all?department=Adult%20Soft%20Drinks%20%26%20Mixers&viewAll=department&page=,£5.40,£0.36/100ml,,,/groceries/en-GB/products/300063846,https://digitalcontent.api.tesco.com/v2/media/ghs/b29b2f06-bbb3-46fa-9b11-b07df56f29f2/6544c5d3-33ea-40bf-a041-e685f06ba395_1142828761.jpeg?h=225&w=225,
312566855,Fentimans Fruity Apple & Elderflower Drink 4X250ml,https://www.tesco.com/groceries/en-GB/shop/drinks/all?department=Adult%20Soft%20Drinks%20%26%20Mixers&viewAll=department&page=,£4.00,£0.40/100ml,£3.50 Clubcard Price,,/groceries/en-GB/products/312566855,https://digitalcontent.api.tesco.com/v2/media/ghs/fa8db22e-7e8a-47b5-b413-b9f5f9c7960c/bd9b2c7e-d5e8-47a6-957b-45723a3f14ae_446527359.jpeg?h=225&w=225,
312563858,Fentimans Cherry & Blood Orange Drink 4X250ml,https://www.tesco.com/groceries/en-GB/shop/drinks/all?department=Adult%20Soft%20Drinks%20%26%20Mixers&viewAll=department&page=,£4.00,£0.40/100ml,£3.50 Clubcard Price,,/groceries/en-GB/products/312563858,https://digitalcontent.api.tesco.com/v2/media/ghs/c6834d14-7a91-42eb-adce-53accb25ae85/be50bcec-5fee-4774-a750-86a2ab476cf2_1881784278.jpeg?h=225&w=225,
304794470,London Essence Orange & Elderflower Tonic 6 X 150Ml,https://www.tesco.com/groceries/en-GB/shop/drinks/all?department=Adult%20Soft%20Drinks%20%26%20Mixers&viewAll=department&page=,£3.50,£0.39/100ml,,,/groceries/en-GB/products/304794470,https://digitalcontent.api.tesco.com/v2/media/ghs/9aa32629-fd12-42d9-94e8-4217a25c22e0/3ec86cb3-1fb4-4f98-9c04-ab9da1a05460_264220684.jpeg?h=225&w=225,
307356459,Nix & Kix Sparkling Raspberry & Rhubarb 750Ml,https://www.tesco.com/groceries/en-GB/shop/drinks/all?department=Adult%20Soft%20Drinks%20%26%20Mixers&viewAll=department&page=,£2.60,£0.35/100ml,,,/groceries/en-GB/products/307356459,https://digitalcontent.api.tesco.com/v2/media/ghs/55ac4fe6-c941-4711-b974-aca8158c416a/629ef503-b4cf-45dc-ab96-16519222fb21_580919896.jpeg?h=225&w=225,
302038407,London Essence Orange & Elderflower Tonic Water 500Ml,https://www.tesco.com/groceries/en-GB/shop/drinks/all?department=Adult%20Soft%20Drinks%20%26%20Mixers&viewAll=department&page=,£1.85,£0.37/100ml,,,/groceries/en-GB/products/302038407,https://digitalcontent.api.tesco.com/v2/media/ghs/ba4b63eb-b23d-4ef6-a15d-e4a767c69afd/e9d560e3-275f-4048-819b-22b1aa53272f_1381122917.jpeg?h=225&w=225,
305251564,Innocent Kids Strawberry Raspberry & Apple 10X150ml,https://www.tesco.com/groceries/en-GB/shop/drinks/all?department=Kids%20Drinks&viewAll=department&page=,£6.50,£0.43/100ml,,,/groceries/en-GB/products/305251564,https://digitalcontent.api.tesco.com/v2/media/ghs/30371e9e-669f-4ae1-b965-ca52301f0fe2/b876ba36-1e90-46bf-bd5f-54839c4d028c.jpeg?h=225&w=225,
305984399,Innocent Super Smoothie Strawberry Burst 4X150ml,https://www.tesco.com/groceries/en-GB/shop/drinks/all?department=Kids%20Drinks&viewAll=department&page=,£3.80,£0.63/100ml,,,/groceries/en-GB/products/305984399,https://digitalcontent.api.tesco.com/v2/media/ghs/6050f8e3-c590-46a6-81f6-2668521e9074/a2399164-58e1-4a6f-8bb6-6becea80d1bb.jpeg?h=225&w=225,
304399241,Capri Sun No Added Sugar Orange 8 X 200Ml,https://www.tesco.com/groceries/en-GB/shop/drinks/all?department=Kids%20Drinks&viewAll=department&page=,£3.00,£0.19/100ml,,,/groceries/en-GB/products/304399241,https://digitalcontent.api.tesco.com/v2/media/ghs/6485f5de-c2e5-47b3-b921-d38a37423b09/1517fc2a-4b66-4541-81d8-9b216abccabf_146780693.jpeg?h=225&w=225,
297794371,Frijj Chocolate Milkshake 400Ml,https://www.tesco.com/groceries/en-GB/shop/drinks/all?department=Kids%20Drinks&viewAll=department&page=,£1.25,£0.31/100ml,,,/groceries/en-GB/products/297794371,https://digitalcontent.api.tesco.com/v2/media/ghs/968618cb-4016-432e-8cb8-eb44cf9fe726/9bc8a9b3-45f0-4c34-bdcc-353389603c75_500121510.jpeg?h=225&w=225,
308479486,Capri Sun No Added Sugar Blackcurrant & Apple Juice Drink 8 X 200Ml,https://www.tesco.com/groceries/en-GB/shop/drinks/all?department=Kids%20Drinks&viewAll=department&page=,£3.00,£0.19/100ml,,,/groceries/en-GB/products/308479486,https://digitalcontent.api.tesco.com/v2/media/ghs/ea20f0af-95af-42f5-a180-7f76016caa25/42d98f84-74e9-497c-bda4-7fdc5eeb84a1_293795960.jpeg?h=225&w=225,
305529830,Innocent Kids Orange Mango & Pineapple 4X150ml,https://www.tesco.com/groceries/en-GB/shop/drinks/all?department=Kids%20Drinks&viewAll=department&page=,£3.30,£0.55/100ml,£2.50 Clubcard Price,,/groceries/en-GB/products/305529830,https://digitalcontent.api.tesco.com/v2/media/ghs/c32db8bc-2627-4e96-808c-f34e61acb74b/09a81039-971b-4bdd-ac4f-9d47613c850a.jpeg?h=225&w=225,
264565520,Robinsons Fruit Shoot Orange No Added Sugar 8X200ml,https://www.tesco.com/groceries/en-GB/shop/drinks/all?department=Kids%20Drinks&viewAll=department&page=,£3.55,£0.22/100ml,,,/groceries/en-GB/products/264565520,https://digitalcontent.api.tesco.com/v2/media/ghs/211ab34d-2026-480f-bdcb-3289c15aeb2c/28c92ef7-6f6f-45ea-8cc6-993cd1c18ad0_243984570.jpeg?h=225&w=225,
305249700,Innocent Kids Strawberry Raspberry & Apple 4X150ml,https://www.tesco.com/groceries/en-GB/shop/drinks/all?department=Kids%20Drinks&viewAll=department&page=,£3.30,£0.55/100ml,£2.50 Clubcard Price,,/groceries/en-GB/products/305249700,https://digitalcontent.api.tesco.com/v2/media/ghs/e1544244-e24d-44bc-9a2f-5380b2099c3e/607ad4f5-0cfc-4ef5-963e-451d4be4622e.jpeg?h=225&w=225,
305524927,Innocent Kids Smoothies Apple & Blackcurrant 4X150ml,https://www.tesco.com/groceries/en-GB/shop/drinks/all?department=Kids%20Drinks&viewAll=department&page=,£3.30,£0.55/100ml,£2.50 Clubcard Price,,/groceries/en-GB/products/305524927,https://digitalcontent.api.tesco.com/v2/media/ghs/4ea0242a-8cb1-4e62-b4c0-bbfe288281f2/5a1cda92-1fe7-419a-88bf-db92a921b9bc.jpeg?h=225&w=225,
289724916,Crusha Strawberry No Added Sugar 500Ml,https://www.tesco.com/groceries/en-GB/shop/drinks/all?department=Kids%20Drinks&viewAll=department&page=,£2.00,£0.40/100ml,,,/groceries/en-GB/products/289724916,https://digitalcontent.api.tesco.com/v2/media/ghs/8ce70453-38d9-4b74-910a-7c4132b9f70a/bf637801-2d75-44ca-a3f0-c11f6f3c41d0_1502625065.jpeg?h=225&w=225,
305528693,Innocent Kids Smoothie Peach Passion Fruit 4X150ml,https://www.tesco.com/groceries/en-GB/shop/drinks/all?department=Kids%20Drinks&viewAll=department&page=,£3.30,£0.55/100ml,£2.50 Clubcard Price,,/groceries/en-GB/products/305528693,https://digitalcontent.api.tesco.com/v2/media/ghs/23baa8e9-67bf-4885-9d0e-7fd4190ea9ba/730e390f-1f85-4b1d-bc72-8d7d8a89b2c9.jpeg?h=225&w=225,
305529496,Innocent Kids Smoothie Cherries Strawberries 4X150ml,https://www.tesco.com/groceries/en-GB/shop/drinks/all?department=Kids%20Drinks&viewAll=department&page=,£3.30,£0.55/100ml,£2.50 Clubcard Price,,/groceries/en-GB/products/305529496,https://digitalcontent.api.tesco.com/v2/media/ghs/1f4b6285-2938-4634-b70e-52e9eb5c0665/0024af31-029c-49fe-9dd6-e32fbc4be647.jpeg?h=225&w=225,
256682600,Fruit Shoot Apple & Blackcurrant No Added Sugar 8X200ml,https://www.tesco.com/groceries/en-GB/shop/drinks/all?department=Kids%20Drinks&viewAll=department&page=,£3.55,£0.22/100ml,,,/groceries/en-GB/products/256682600,https://digitalcontent.api.tesco.com/v2/media/ghs/bdbe5924-95b7-4be2-9437-3e766da4270d/f9e3fd0e-d8d9-42af-a713-d4709907d9bd_1511718890.jpeg?h=225&w=225,
257524758,Yazoo Chocolate Milkshake 1 Litre Bottle,https://www.tesco.com/groceries/en-GB/shop/drinks/all?department=Kids%20Drinks&viewAll=department&page=,£1.65,£0.16/100ml,,,/groceries/en-GB/products/257524758,https://digitalcontent.api.tesco.com/v2/media/ghs/d72b48b8-7a93-4389-bdb8-170542130b58/da772f6d-38c9-4b81-995b-344c68beacfa_150386729.jpeg?h=225&w=225,
278584055,Cawston Press Apple & Pear 3X200ml,https://www.tesco.com/groceries/en-GB/shop/drinks/all?department=Kids%20Drinks&viewAll=department&page=,£2.00,£0.33/100ml,,,/groceries/en-GB/products/278584055,https://digitalcontent.api.tesco.com/v2/media/ghs/32205603-e84b-41e7-a055-04ae3e022828/8de6b4c1-6cca-472a-a7f6-1d3278a0fa5c_756892113.jpeg?h=225&w=225,
278583954,Cawston Press Kids Apple & Mango 3X200ml,https://www.tesco.com/groceries/en-GB/shop/drinks/all?department=Kids%20Drinks&viewAll=department&page=,£2.00,£0.33/100ml,,,/groceries/en-GB/products/278583954,https://digitalcontent.api.tesco.com/v2/media/ghs/165ac79f-e1bf-4dc1-b3a8-30f2f7de4524/9e4c4594-6cbf-482b-b448-61d4cf5a28c4_1279787917.jpeg?h=225&w=225,
265161034,Happy Monkey Orange Mango Smoothie 4X180ml,https://www.tesco.com/groceries/en-GB/shop/drinks/all?department=Kids%20Drinks&viewAll=department&page=,£2.30,£0.32/100ml,,,/groceries/en-GB/products/265161034,https://digitalcontent.api.tesco.com/v2/media/ghs/7ba8ef6c-5ffc-4479-966a-cc03534b860d/a9ae93f6-787f-4f41-b906-e9f32e623714.jpeg?h=225&w=225,
258836704,Yazoo Strawberry Milkshake 1 Litre Bottle,https://www.tesco.com/groceries/en-GB/shop/drinks/all?department=Kids%20Drinks&viewAll=department&page=,£1.65,£0.16/100ml,,,/groceries/en-GB/products/258836704,https://digitalcontent.api.tesco.com/v2/media/ghs/b431c21e-6b3a-4765-80b4-aeed13203c88/890c23b7-8112-4ddb-8fd8-11a744d25737_955672155.jpeg?h=225&w=225,
265160818,Happy Monkey Strawberries & Bananas 4 Pack,https://www.tesco.com/groceries/en-GB/shop/drinks/all?department=Kids%20Drinks&viewAll=department&page=,£2.30,£0.32/100ml,,,/groceries/en-GB/products/265160818,https://digitalcontent.api.tesco.com/v2/media/ghs/0b9a8c41-7312-4c19-a784-7b578a4c02b2/1bbe6818-8803-413e-8549-1e9da3c66742.jpeg?h=225&w=225,
282572363,Happy Monkey Chocolate Milkshake 3X200ml,https://www.tesco.com/groceries/en-GB/shop/drinks/all?department=Kids%20Drinks&viewAll=department&page=,£1.20,£0.20/100ml,,,/groceries/en-GB/products/282572363,https://digitalcontent.api.tesco.com/v2/media/ghs/865bfb76-019e-4977-8815-808bd01745be/261319a3-5bd8-4072-b1ec-0efebdecc949.jpeg?h=225&w=225,
310101608,Tesco Fudge Brownie Flavoured Milk 1L,https://www.tesco.com/groceries/en-GB/shop/drinks/all?department=Kids%20Drinks&viewAll=department&page=,£1.20,£0.12/100ml,,,/groceries/en-GB/products/310101608,https://digitalcontent.api.tesco.com/v2/media/ghs/d568080a-21ff-4f7b-976a-de6aa709493a/00e90b07-fa6b-4283-afaa-8d8ab731fb1e.jpeg?h=225&w=225,
297794470,Frijj Fudge Brownie 400Ml,https://www.tesco.com/groceries/en-GB/shop/drinks/all?department=Kids%20Drinks&viewAll=department&page=,£1.25,£0.31/100ml,,,/groceries/en-GB/products/297794470,https://digitalcontent.api.tesco.com/v2/media/ghs/8a109001-dccd-4d8c-bf68-cb659eaacfae/7b029c2d-b0e0-4f8b-aec8-d3bebec1bb67_1466197852.jpeg?h=225&w=225,
310152607,Tesco Chocolate Flavoured Milk 1L,https://www.tesco.com/groceries/en-GB/shop/drinks/all?department=Kids%20Drinks&viewAll=department&page=,£1.20,£0.12/100ml,,,/groceries/en-GB/products/310152607,https://digitalcontent.api.tesco.com/v2/media/ghs/2df6776f-bbfa-4bf1-a091-deb7d8e89b1c/820137f0-9533-4fb5-bf30-e24645979ad8.jpeg?h=225&w=225,
280485129,Cawston Press Apple & Summer Berries 3X200ml,https://www.tesco.com/groceries/en-GB/shop/drinks/all?department=Kids%20Drinks&viewAll=department&page=,£2.00,£0.33/100ml,,New,/groceries/en-GB/products/280485129,https://digitalcontent.api.tesco.com/v2/media/ghs/41283ab4-569b-44e3-8ee2-b304d7cea18c/83205e50-3471-40aa-8a83-8be439636d51_489024312.jpeg?h=225&w=225,
274209997,T.Fruit Splash Apple & Blackcurrant 12X250ml,https://www.tesco.com/groceries/en-GB/shop/drinks/all?department=Kids%20Drinks&viewAll=department&page=,£2.90,£0.10/100ml,,,/groceries/en-GB/products/274209997,https://digitalcontent.api.tesco.com/v2/media/ghs/75d9dadd-bbab-4d7f-ac64-1207770b3c32/158d5ff5-9109-4e32-9435-c36a9a5cfccf_1580518386.jpeg?h=225&w=225,
307155871,Tesco Scrumptious Strawberry Smoothie 3X200ml,https://www.tesco.com/groceries/en-GB/shop/drinks/all?department=Kids%20Drinks&viewAll=department&page=,£1.60,£0.27/100ml,,,/groceries/en-GB/products/307155871,https://digitalcontent.api.tesco.com/v2/media/ghs/fc43aabb-d545-435d-9812-f75581193a5c/7cbd3503-370f-4097-80df-52a72df9bd17_1628207325.jpeg?h=225&w=225,
305949845,Don Simon My First Juice Apple 4X125ml,https://www.tesco.com/groceries/en-GB/shop/drinks/all?department=Kids%20Drinks&viewAll=department&page=,£1.00,£0.20/100ml,,,/groceries/en-GB/products/305949845,https://digitalcontent.api.tesco.com/v2/media/ghs/5c0afd7f-fe7d-4fb7-b5fd-db9cedac38ed/b5fd272f-a42e-4a81-a1cc-632534682afb_1089831029.jpeg?h=225&w=225,
305984687,Don Simon My First Juice 100% Orange 4X125ml,https://www.tesco.com/groceries/en-GB/shop/drinks/all?department=Kids%20Drinks&viewAll=department&page=,£1.00,£0.20/100ml,,,/groceries/en-GB/products/305984687,https://digitalcontent.api.tesco.com/v2/media/ghs/aa276505-8bde-4b0d-8c2e-b91c14fd9add/2a647919-2ade-46cf-8fa7-97a8adc3e62a_53306477.jpeg?h=225&w=225,
311956257,Nesquick All Natural Strawberry Flavour Milk 180Ml,https://www.tesco.com/groceries/en-GB/shop/drinks/all?department=Kids%20Drinks&viewAll=department&page=,£0.79,£0.44/100ml,Any 3 for £1.50 Clubcard Price - Nesquick Flavoured Milk 180ml,,/groceries/en-GB/products/311956257,https://digitalcontent.api.tesco.com/v2/media/ghs/fd7556f9-48f1-4f48-b40b-840f051de743/1be09efb-0ae7-4e2f-9619-65e5d7ab0103_563972943.jpeg?h=225&w=225,
301456829,Tesco Still Mineral Water 6X330ml,https://www.tesco.com/groceries/en-GB/shop/drinks/all?department=Kids%20Drinks&viewAll=department&page=,£1.10,£0.06/100ml,,,/groceries/en-GB/products/301456829,https://digitalcontent.api.tesco.com/v2/media/ghs/a6cd300b-7563-4780-938f-b8f8368e91d6/03c6ba68-b9b5-4a94-ad4c-f5ab1d247960_1991528238.jpeg?h=225&w=225,
260448994,Tropicana Orange Juice Smooth 4 X 250Ml,https://www.tesco.com/groceries/en-GB/shop/drinks/all?department=Kids%20Drinks&viewAll=department&page=,£3.20,£0.32/100ml,£2.25 Clubcard Price,,/groceries/en-GB/products/260448994,https://digitalcontent.api.tesco.com/v2/media/ghs/dea8b518-3f78-497f-b7fd-6c3245e994f8/8cba9339-5239-4df6-9676-e6627b3a21a4_1763536162.jpeg?h=225&w=225,
274212802,Tesco Fruit Splash Orange No Added Sugar 12 X 250Ml,https://www.tesco.com/groceries/en-GB/shop/drinks/all?department=Kids%20Drinks&viewAll=department&page=,£2.90,£0.10/100ml,,,/groceries/en-GB/products/274212802,https://digitalcontent.api.tesco.com/v2/media/ghs/12086d78-7343-47eb-86ab-475a72fd8913/77f9a3b6-df23-4bf9-8ee8-4551b2686f4d_2090333045.jpeg?h=225&w=225,
312848689,Tesco Apple Juice From Concentrate 200Ml,https://www.tesco.com/groceries/en-GB/shop/drinks/all?department=Kids%20Drinks&viewAll=department&page=,£0.40,£0.20/100ml,Any 5 for £1.25 Clubcard Price - Selected Tesco Juice 200ml - 300ml,,/groceries/en-GB/products/312848689,https://digitalcontent.api.tesco.com/v2/media/ghs-mktg/b0b04216-fa73-466d-a9d7-c9fcfa1ce9b3/no-image.jpeg,
312571255,Tesco Apple & Mango Juice From Concentrate 200Ml,https://www.tesco.com/groceries/en-GB/shop/drinks/all?department=Kids%20Drinks&viewAll=department&page=,£0.40,£0.20/100ml,Any 5 for £1.25 Clubcard Price - Selected Tesco Juice 200ml - 300ml,,/groceries/en-GB/products/312571255,https://digitalcontent.api.tesco.com/v2/media/ghs/6efb7057-52b6-4001-a925-6f91d499cc62/ea07a62d-dfdf-49b3-bce4-e3e2f52cfe4a_689039877.jpeg?h=225&w=225,
312581715,Growers Harvest Apple Juice From Concentrate 200Ml,https://www.tesco.com/groceries/en-GB/shop/drinks/all?department=Kids%20Drinks&viewAll=department&page=,£0.20,£0.10/100ml,,New,/groceries/en-GB/products/312581715,https://digitalcontent.api.tesco.com/v2/media/ghs/20cb453a-13a7-4605-b71c-d36bb28ba487/aeef0be9-aeb9-4186-a905-4b21912d01a7_857428541.jpeg?h=225&w=225,
312340926,Tesco Fruit Splash No Added Sugar Apple Juice Drink 250Ml,https://www.tesco.com/groceries/en-GB/shop/drinks/all?department=Kids%20Drinks&viewAll=department&page=,£0.40,£0.16/100ml,Any 5 for £1.25 Clubcard Price - Selected Tesco Juice 200ml - 300ml,,/groceries/en-GB/products/312340926,https://digitalcontent.api.tesco.com/v2/media/ghs/e4a85f44-f853-4384-94dc-f2fdd1b54250/46dd0256-960b-4aee-8d72-f81bcaec6af8_60333850.jpeg?h=225&w=225,
312563674,Tesco Water Splash Apple & Raspberry No Added Sugar Water 300Ml,https://www.tesco.com/groceries/en-GB/shop/drinks/all?department=Kids%20Drinks&viewAll=department&page=,£0.40,£0.13/100ml,Any 5 for £1.25 Clubcard Price - Selected Tesco Juice 200ml - 300ml,,/groceries/en-GB/products/312563674,https://digitalcontent.api.tesco.com/v2/media/ghs/bda6e15c-a62f-4277-8aa0-3cac37777f31/9c30e593-17b3-408f-b9b4-6d125de2c08a_1535222457.jpeg?h=225&w=225,
312558957,Tesco Water Spalsh Blackcurrant Still Water No Added Sugar 300Ml,https://www.tesco.com/groceries/en-GB/shop/drinks/all?department=Kids%20Drinks&viewAll=department&page=,£0.40,£0.13/100ml,Any 5 for £1.25 Clubcard Price - Selected Tesco Juice 200ml - 300ml,,/groceries/en-GB/products/312558957,https://digitalcontent.api.tesco.com/v2/media/ghs/677af7a9-7e4c-41be-92f6-9df2f040d5c9/0e9ab570-9528-4899-8d73-f21b3d77c67a_325319184.jpeg?h=225&w=225,
312569656,Tesco Fruit Splash No Added Sugar Apple & Blackcurrant Juice Drink 250Ml,https://www.tesco.com/groceries/en-GB/shop/drinks/all?department=Kids%20Drinks&viewAll=department&page=,£0.40,£0.16/100ml,Any 5 for £1.25 Clubcard Price - Selected Tesco Juice 200ml - 300ml,,/groceries/en-GB/products/312569656,https://digitalcontent.api.tesco.com/v2/media/ghs/a8e232b4-243d-4fe7-994a-1ad8aafe4a56/8ed02650-af98-4fcc-96e2-34ca0b133220_1924204723.jpeg?h=225&w=225,
312369227,Tesco Fruit Splash No Added Sugar Summerfruits Juice Drink 250Ml,https://www.tesco.com/groceries/en-GB/shop/drinks/all?department=Kids%20Drinks&viewAll=department&page=,£0.40,£0.16/100ml,Any 5 for £1.25 Clubcard Price - Selected Tesco Juice 200ml - 300ml,,/groceries/en-GB/products/312369227,https://digitalcontent.api.tesco.com/v2/media/ghs/c2432d8a-ea22-45ed-9229-28d9148d91e8/19fae336-fd86-458c-b37a-56c9a3337cb8_80337881.jpeg?h=225&w=225,
312573086,Tesco Water Splash Orange & Pineapple No Added Sugar Water 300Ml,https://www.tesco.com/groceries/en-GB/shop/drinks/all?department=Kids%20Drinks&viewAll=department&page=,£0.40,£0.13/100ml,Any 5 for £1.25 Clubcard Price - Selected Tesco Juice 200ml - 300ml,,/groceries/en-GB/products/312573086,https://digitalcontent.api.tesco.com/v2/media/ghs/ec885912-3b51-4e6b-abf5-e93e408cae9a/1e2de1b0-a935-4357-9153-12b694ccd9ea_241808405.jpeg?h=225&w=225,
312561123,Tesco Fruit Splash No Added Sugar Orange Juice Drink 250Ml,https://www.tesco.com/groceries/en-GB/shop/drinks/all?department=Kids%20Drinks&viewAll=department&page=,£0.40,£0.16/100ml,Any 5 for £1.25 Clubcard Price - Selected Tesco Juice 200ml - 300ml,,/groceries/en-GB/products/312561123,https://digitalcontent.api.tesco.com/v2/media/ghs/b883bd08-dce4-49ab-a716-4bcba3e11951/eef62136-f2ec-480d-84b6-ebb0ad9abec0_527660623.jpeg?h=225&w=225,
312567255,Growers Harvest Orange Juice From Concentrate 200Ml,https://www.tesco.com/groceries/en-GB/shop/drinks/all?department=Kids%20Drinks&viewAll=department&page=,£0.20,£0.10/100ml,,,/groceries/en-GB/products/312567255,https://digitalcontent.api.tesco.com/v2/media/ghs/33276c20-c35a-4385-91a7-b611b6cc8951/6a7fe48b-24e1-4e58-8eb1-2c0f90550cbf_1264067680.jpeg?h=225&w=225,
312577082,Tesco Pineapple Juice From Concentrate 200Ml,https://www.tesco.com/groceries/en-GB/shop/drinks/all?department=Kids%20Drinks&viewAll=department&page=,£0.40,£0.20/100ml,Any 5 for £1.25 Clubcard Price - Selected Tesco Juice 200ml - 300ml,,/groceries/en-GB/products/312577082,https://digitalcontent.api.tesco.com/v2/media/ghs/576b83a5-7416-40fc-b045-14c02952e920/47785550-66d9-4a8a-a090-4c43f5e5fe0a_185116898.jpeg?h=225&w=225,
312696050,Tesco Orange Juice Smooth From Concentrate 200Ml,https://www.tesco.com/groceries/en-GB/shop/drinks/all?department=Kids%20Drinks&viewAll=department&page=,£0.40,£0.20/100ml,Any 5 for £1.25 Clubcard Price - Selected Tesco Juice 200ml - 300ml,,/groceries/en-GB/products/312696050,https://digitalcontent.api.tesco.com/v2/media/ghs/5221e702-eced-41e0-b875-bdc3a1da3131/d566f3cd-6559-4f74-8bd1-6250b781fb71_1505214002.jpeg?h=225&w=225,
305251351,Innocent Kids Orange Mango & Pineapple 10X150ml,https://www.tesco.com/groceries/en-GB/shop/drinks/all?department=Kids%20Drinks&viewAll=department&page=,£6.50,£0.43/100ml,,,/groceries/en-GB/products/305251351,https://digitalcontent.api.tesco.com/v2/media/ghs/bbd05607-f801-40c0-9d4a-5cbdc6fc265a/e4606bf7-71ab-4873-a67e-adddee3f47ae.jpeg?h=225&w=225,
254483672,Nesquik Chocolate Powder 500G,https://www.tesco.com/groceries/en-GB/shop/drinks/all?department=Kids%20Drinks&viewAll=department&page=,£4.00,£0.80/100g,,,/groceries/en-GB/products/254483672,https://digitalcontent.api.tesco.com/v2/media/ghs/98c04dc6-353d-40b2-9de0-fa81e26e0026/71be3a48-35bf-4bf3-8bad-1f33d616b99c_1295537791.jpeg?h=225&w=225,
311953151,Nesquik Banana Flavoured Milkshake Mix 500G,https://www.tesco.com/groceries/en-GB/shop/drinks/all?department=Kids%20Drinks&viewAll=department&page=,£4.00,£0.80/100g,,,/groceries/en-GB/products/311953151,https://digitalcontent.api.tesco.com/v2/media/ghs/7f14cac2-e5c1-4e95-9504-d90debfc6955/876d8fae-7f47-4ee0-af94-09745c81b197_1740329367.jpeg?h=225&w=225,
309460713,Shaken Udder Vanillalicious Milkshake 750Ml,https://www.tesco.com/groceries/en-GB/shop/drinks/all?department=Kids%20Drinks&viewAll=department&page=,£2.45,£0.33/100ml,,,/groceries/en-GB/products/309460713,https://digitalcontent.api.tesco.com/v2/media/ghs/62cdc160-c4fe-4ec7-aae0-3179288ac3a5/9d17e72c-dd34-4ed7-9995-32295f59ab64.jpeg?h=225&w=225,
305965917,Shaken Udder Strawberries & Clotted Cream Milkshake 750Ml,https://www.tesco.com/groceries/en-GB/shop/drinks/all?department=Kids%20Drinks&viewAll=department&page=,£2.45,£0.33/100ml,,,/groceries/en-GB/products/305965917,https://digitalcontent.api.tesco.com/v2/media/ghs/1c902646-e19b-4767-9f76-b7a0cfa04a81/f5a9c0cc-51cc-4562-87c7-63302d57f322.jpeg?h=225&w=225,
254483948,Nesquik Strawberry Powder 500G,https://www.tesco.com/groceries/en-GB/shop/drinks/all?department=Kids%20Drinks&viewAll=department&page=,£4.00,£0.80/100g,,,/groceries/en-GB/products/254483948,https://digitalcontent.api.tesco.com/v2/media/ghs/198866ac-233c-4748-9d4b-4b2fb91f93d1/1502a1f9-ed8c-4a44-ba64-5c3270e7b808_933440232.jpeg?h=225&w=225,
293754713,Mars Chocolate Flavoured Milk Drink No Added Sugar 400Ml,https://www.tesco.com/groceries/en-GB/shop/drinks/all?department=Kids%20Drinks&viewAll=department&page=,£1.50,£0.38/100ml,,,/groceries/en-GB/products/293754713,https://digitalcontent.api.tesco.com/v2/media/ghs/f987848e-debb-4d8d-b8d8-15661ef69a7d/74a41cdf-8c33-4114-a47f-055aeaa655fe_2012688319.jpeg?h=225&w=225,
301870592,Fruit Shoot Juiced Apple & Pear 6 X 200 Ml,https://www.tesco.com/groceries/en-GB/shop/drinks/all?department=Kids%20Drinks&viewAll=department&page=,£3.25,£0.27/100ml,,,/groceries/en-GB/products/301870592,https://digitalcontent.api.tesco.com/v2/media/ghs/89a499be-75c1-4937-9ea2-c0ee555987ce/ab20ce36-3b6d-4892-a4ac-99cbadca31b0_706110597.jpeg?h=225&w=225,
308465652,Capri Sun No Added Sugar Safari Fruits Juice Drink 8X200ml,https://www.tesco.com/groceries/en-GB/shop/drinks/all?department=Kids%20Drinks&viewAll=department&page=,£3.00,£0.19/100ml,,,/groceries/en-GB/products/308465652,https://digitalcontent.api.tesco.com/v2/media/ghs/54c64afd-09bb-40ec-bdfd-62aadbdce35f/c896eaec-cb2e-464a-b6b5-12b1de7c0dc0_888738814.jpeg?h=225&w=225,
304407037,Aqua Carpatica Kids Natural Still Water 6X250ml,https://www.tesco.com/groceries/en-GB/shop/drinks/all?department=Kids%20Drinks&viewAll=department&page=,£2.40,£0.16/100ml,,,/groceries/en-GB/products/304407037,https://digitalcontent.api.tesco.com/v2/media/ghs/b3bdf2dd-f2b0-4d79-b810-0de3f1364ff6/082878f4-d709-45ec-b3e6-e275bf1c3d4b_362746406.jpeg?h=225&w=225,
272671727,Robinsons Fruit Hydro Blackcurrant 8X200ml,https://www.tesco.com/groceries/en-GB/shop/drinks/all?department=Kids%20Drinks&viewAll=department&page=,£3.55,£0.22/100ml,,,/groceries/en-GB/products/272671727,https://digitalcontent.api.tesco.com/v2/media/ghs/e982e9db-b20b-40cb-bdab-dc7b0dfa69e2/f08b103e-4295-4172-9389-59da179632d5_2000342697.jpeg?h=225&w=225,
311960793,Nesquik Choco Caramel Powder 500G,https://www.tesco.com/groceries/en-GB/shop/drinks/all?department=Kids%20Drinks&viewAll=department&page=,£4.00,£0.80/100g,,,/groceries/en-GB/products/311960793,https://digitalcontent.api.tesco.com/v2/media/ghs/28c82ac8-6c93-4abd-b0c2-dbaa3c4cec06/22fbf98e-8347-4a68-bb9b-3235bfbef2fa_1616987282.jpeg?h=225&w=225,
305948269,Innocent Super Smoothie Mango Fandango 4X150ml,https://www.tesco.com/groceries/en-GB/shop/drinks/all?department=Kids%20Drinks&viewAll=department&page=,£3.80,£0.63/100ml,,,/groceries/en-GB/products/305948269,https://digitalcontent.api.tesco.com/v2/media/ghs/eda26ac7-e507-4fa0-a703-f705de116a94/97c18c77-dcb1-449c-b0dd-66e0723323aa.jpeg?h=225&w=225,
272417736,Fruit Shoot No Added Sugar Apple & Blackcurrant 15X200ml,https://www.tesco.com/groceries/en-GB/shop/drinks/all?department=Kids%20Drinks&viewAll=department&page=,£5.00,£0.17/100ml,,,/groceries/en-GB/products/272417736,https://digitalcontent.api.tesco.com/v2/media/ghs/a5cec5ac-0c0a-4685-9a66-19bfaa544363/39dc3b76-fd3f-4345-a29a-bdae50c6a5f5_497745528.jpeg?h=225&w=225,
292069443,Fruit Shoot Hydro Apple & Raspberry 8X200ml,https://www.tesco.com/groceries/en-GB/shop/drinks/all?department=Kids%20Drinks&viewAll=department&page=,£3.55,£0.22/100ml,,,/groceries/en-GB/products/292069443,https://digitalcontent.api.tesco.com/v2/media/ghs/006b29fd-50da-470b-824c-be2e8d45f05b/e374fc97-0bd5-46dc-a062-bcd3c05b2bff_1094573184.jpeg?h=225&w=225,
256691606,Robinsons Fruit Shoot Apple No Added Sugar 8X200ml,https://www.tesco.com/groceries/en-GB/shop/drinks/all?department=Kids%20Drinks&viewAll=department&page=,£3.55,£0.22/100ml,,,/groceries/en-GB/products/256691606,https://digitalcontent.api.tesco.com/v2/media/ghs/486f86cd-9570-4e68-aff5-807316435293/341b91f3-1222-4a1a-bbef-4410c20eeb9b_1681359797.jpeg?h=225&w=225,
305524599,Innocent Kids Pineapple Apple & Carrot 4X150ml,https://www.tesco.com/groceries/en-GB/shop/drinks/all?department=Kids%20Drinks&viewAll=department&page=,£3.30,£0.55/100ml,£2.50 Clubcard Price,,/groceries/en-GB/products/305524599,https://digitalcontent.api.tesco.com/v2/media/ghs/0ab2ec2d-68bd-4af1-8ed7-bd9b106d2430/b451ea85-cdcb-4e47-909b-576de9d96c06.jpeg?h=225&w=225,
306943464,Capri Sun No Added Sugar Multi Vitamin Juice 8X200ml,https://www.tesco.com/groceries/en-GB/shop/drinks/all?department=Kids%20Drinks&viewAll=department&page=,£3.00,£0.19/100ml,,,/groceries/en-GB/products/306943464,https://digitalcontent.api.tesco.com/v2/media/ghs/38d412bb-3e89-4525-97d5-d3cfae72f4d4/96e7bab0-88a5-49b3-9768-731ab8749086_258194102.jpeg?h=225&w=225,
264565900,Robinsons Fruit Shoot Summerfruits No Added Sugar 8X200ml,https://www.tesco.com/groceries/en-GB/shop/drinks/all?department=Kids%20Drinks&viewAll=department&page=,£3.55,£0.22/100ml,,,/groceries/en-GB/products/264565900,https://digitalcontent.api.tesco.com/v2/media/ghs/6453bf1e-f773-4f61-91c9-f6a10a5b3dce/1b8791cf-efd8-4def-b111-bc4a1ede7da8_1150114776.jpeg?h=225&w=225,
305530240,Innocent Kids Apple Juice 4X150ml,https://www.tesco.com/groceries/en-GB/shop/drinks/all?department=Kids%20Drinks&viewAll=department&page=,£3.50,£0.58/100ml,£2.50 Clubcard Price,,/groceries/en-GB/products/305530240,https://digitalcontent.api.tesco.com/v2/media/ghs/61116757-649b-46bc-807d-fff60872b9da/81605355-5b0c-4f0e-b702-9380ff486559.jpeg?h=225&w=225,
302300689,Shaken Udder Chocolush Milk Shake 750Ml,https://www.tesco.com/groceries/en-GB/shop/drinks/all?department=Kids%20Drinks&viewAll=department&page=,£2.45,£0.33/100ml,,,/groceries/en-GB/products/302300689,https://digitalcontent.api.tesco.com/v2/media/ghs/3661a2b9-7831-4994-9af2-23a95d26c968/8068d3f4-40cd-4f00-997e-13003ad9a61e.jpeg?h=225&w=225,
272691801,Robinsons Hydro Orange & Pineapple 8X200ml,https://www.tesco.com/groceries/en-GB/shop/drinks/all?department=Kids%20Drinks&viewAll=department&page=,£3.55,£0.22/100ml,,,/groceries/en-GB/products/272691801,https://digitalcontent.api.tesco.com/v2/media/ghs/2c324172-0869-45e2-b9ff-9263a1377104/38749b3c-1c1c-48b9-91ff-f1ff59c1d6f0_1638397387.jpeg?h=225&w=225,
311673067,Yazoo Chocolate & Caramel Flavoured Milk Drink 1 Litre,https://www.tesco.com/groceries/en-GB/shop/drinks/all?department=Kids%20Drinks&viewAll=department&page=,£1.65,£0.16/100ml,,,/groceries/en-GB/products/311673067,https://digitalcontent.api.tesco.com/v2/media/ghs/321bbc37-ec3e-46fe-ac28-b0f840401cbe/b530520c-67d8-4303-915d-7cba32190c93_1594010045.jpeg?h=225&w=225,
268890865,Shaken Udder Vanilla-Licious Milkshake 330Ml,https://www.tesco.com/groceries/en-GB/shop/drinks/all?department=Kids%20Drinks&viewAll=department&page=,£1.60,£0.48/100ml,£1.35 Clubcard Price,,/groceries/en-GB/products/268890865,https://digitalcontent.api.tesco.com/v2/media/ghs/bd0bfd4a-18fa-41be-b27d-2e14277a7e2d/242822df-64a0-4ba9-9aeb-656c3715e3e2.jpeg?h=225&w=225,
268891449,Shaken Udder Chocolush Milkshake 330Ml,https://www.tesco.com/groceries/en-GB/shop/drinks/all?department=Kids%20Drinks&viewAll=department&page=,£1.60,£0.48/100ml,£1.35 Clubcard Price,,/groceries/en-GB/products/268891449,https://digitalcontent.api.tesco.com/v2/media/ghs/96fc6b3f-7d21-4cb5-a589-c13bf2f71a05/1dbeccb3-d09c-43cf-b56f-415657db7a29.jpeg?h=225&w=225,
305972298,Ribena No Added Sugar Strawberry Cartons 6X250ml,https://www.tesco.com/groceries/en-GB/shop/drinks/all?department=Kids%20Drinks&viewAll=department&page=,£2.50,£0.17/100ml,,,/groceries/en-GB/products/305972298,https://digitalcontent.api.tesco.com/v2/media/ghs/5b57cc19-95de-49a9-ae77-e5ead4ed4380/a229cb80-2dbe-4845-938c-761b6a1a2bb6_1156513837.jpeg?h=225&w=225,
251328672,Yazoo Banana Milkshake 1 Litre Bottle,https://www.tesco.com/groceries/en-GB/shop/drinks/all?department=Kids%20Drinks&viewAll=department&page=,£1.65,£0.16/100ml,,,/groceries/en-GB/products/251328672,https://digitalcontent.api.tesco.com/v2/media/ghs/1e3025d0-a5b6-487f-ad0f-39b8b4d998c3/e6fe4a13-3e88-4bfd-9492-f6c6ff8710be_1380517812.jpeg?h=225&w=225,
301870619,Fruit Shoot Juiced Strawberry & Raspberry 6 X 200 Ml,https://www.tesco.com/groceries/en-GB/shop/drinks/all?department=Kids%20Drinks&viewAll=department&page=,£3.25,£0.27/100ml,,,/groceries/en-GB/products/301870619,https://digitalcontent.api.tesco.com/v2/media/ghs/09249d36-8dd0-43e8-9b0b-e702018babe8/45993c70-b426-4d9b-8c52-4c45eed06411_1286259414.jpeg?h=225&w=225,
306502059,Ribena No Added Sugar Blackcurrant Cartons 6X250ml,https://www.tesco.com/groceries/en-GB/shop/drinks/all?department=Kids%20Drinks&viewAll=department&page=,£2.50,£0.17/100ml,,,/groceries/en-GB/products/306502059,https://digitalcontent.api.tesco.com/v2/media/ghs/321f9067-5ee3-4291-80a7-46debb3ab115/9b643504-5147-44c5-8ffd-5f22219561ee_2099345314.jpeg?h=225&w=225,
311206345,Tesco No Added Sugar Strawberry Flavoured Milkshake Mix 300G,https://www.tesco.com/groceries/en-GB/shop/drinks/all?department=Kids%20Drinks&viewAll=department&page=,£2.00,£0.67/100g,,,/groceries/en-GB/products/311206345,https://digitalcontent.api.tesco.com/v2/media/ghs/295228c7-8795-4a85-b85c-0a0d1f2cc29e/04699eef-f26b-4726-a4fb-c053a08c7047_2038235398.jpeg?h=225&w=225,
262460802,Fruit Shoot Apple & Blackcurrant No Added Sugar 24 X 200Ml,https://www.tesco.com/groceries/en-GB/shop/drinks/all?department=Kids%20Drinks&viewAll=department&page=,£5.75,£0.12/100ml,,,/groceries/en-GB/products/262460802,https://digitalcontent.api.tesco.com/v2/media/ghs/7c169291-794a-407b-a7fb-d086d98dbf20/8a384b74-d720-42b8-82fe-2257b3093bc2_924648020.jpeg?h=225&w=225,
282572461,Happy Monkey Milkshake Strawberry 3X200ml,https://www.tesco.com/groceries/en-GB/shop/drinks/all?department=Kids%20Drinks&viewAll=department&page=,£1.20,£0.20/100ml,,,/groceries/en-GB/products/282572461,https://digitalcontent.api.tesco.com/v2/media/ghs/f40eb1b2-ef3b-4cc9-a107-68e39f8d2855/8221192f-8eac-4ac7-b3ca-56985bb79597.jpeg?h=225&w=225,
311223981,Tesco No Added Sugar Chocolate Flavoured Milkshake Mix 300G,https://www.tesco.com/groceries/en-GB/shop/drinks/all?department=Kids%20Drinks&viewAll=department&page=,£2.00,£0.67/100g,,,/groceries/en-GB/products/311223981,https://digitalcontent.api.tesco.com/v2/media/ghs/f67bb718-09b5-4050-ba2e-c2ad729c6815/225e0b21-93a3-4c4b-8a8c-75b28e199d0a_1509903037.jpeg?h=225&w=225,
310136792,Tesco White Chocolate Flavoured Milk 1L,https://www.tesco.com/groceries/en-GB/shop/drinks/all?department=Kids%20Drinks&viewAll=department&page=,£1.20,£0.12/100ml,,,/groceries/en-GB/products/310136792,https://digitalcontent.api.tesco.com/v2/media/ghs/12178734-3007-4960-a456-880662807be9/b272ff05-516c-4d6b-959a-eaff7094ed29.jpeg?h=225&w=225,
306938091,Tesco Tropical Twist Smoothie 3X200ml,https://www.tesco.com/groceries/en-GB/shop/drinks/all?department=Kids%20Drinks&viewAll=department&page=,£1.60,£0.27/100ml,,,/groceries/en-GB/products/306938091,https://digitalcontent.api.tesco.com/v2/media/ghs/90cf3683-5a1a-456c-8b54-ac5edad74e89/15918035-9a2f-42a4-8b6d-c17927114398_994519246.jpeg?h=225&w=225,
264565883,Fruit Shoot Summer Fruits No Added Sugar 4 X 200Ml,https://www.tesco.com/groceries/en-GB/shop/drinks/all?department=Kids%20Drinks&viewAll=department&page=,£2.00,£0.25/100ml,,,/groceries/en-GB/products/264565883,https://digitalcontent.api.tesco.com/v2/media/ghs/2f1e8d2f-77e2-4772-8208-8e4526a3c069/c3437359-e5aa-4da1-8b88-c16646a88f4f_1343486160.jpeg?h=225&w=225,
256660315,Robinsons Fruit Shoots Blackcurrant & Apple No Added Sugar 4X200ml,https://www.tesco.com/groceries/en-GB/shop/drinks/all?department=Kids%20Drinks&viewAll=department&page=,£2.00,£0.25/100ml,,,/groceries/en-GB/products/256660315,https://digitalcontent.api.tesco.com/v2/media/ghs/4aebbc59-1757-4c93-87d4-96ae3e2a9e7d/14c00477-0374-4298-85e7-52dbbb226b5f_371283593.jpeg?h=225&w=225,
264565819,Robinsons Fruit Shoot Orange No Added Sugar 4X200ml,https://www.tesco.com/groceries/en-GB/shop/drinks/all?department=Kids%20Drinks&viewAll=department&page=,£2.00,£0.25/100ml,,,/groceries/en-GB/products/264565819,https://digitalcontent.api.tesco.com/v2/media/ghs/ff307c65-f640-438c-8e47-6e6aeb06cbbd/0e1389ad-f77e-4038-8f7d-642e5ab457d4_293976160.jpeg?h=225&w=225,
305252586,Fruit Shoot Hydro Apple & Raspberry Spring Water 4X200ml,https://www.tesco.com/groceries/en-GB/shop/drinks/all?department=Kids%20Drinks&viewAll=department&page=,£2.00,£0.25/100ml,,,/groceries/en-GB/products/305252586,https://digitalcontent.api.tesco.com/v2/media/ghs/7a01b113-9d35-4d02-8a45-f6a2b60ba2c0/0c11f93e-90dd-47bd-96a2-00d9f4a9519a_1688171905.jpeg?h=225&w=225,
305254647,Fruit Shoot Hydro Blackcurrant Spring Water No Added Sugar 4 X 200Ml,https://www.tesco.com/groceries/en-GB/shop/drinks/all?department=Kids%20Drinks&viewAll=department&page=,£2.00,£0.25/100ml,,,/groceries/en-GB/products/305254647,https://digitalcontent.api.tesco.com/v2/media/ghs/dede6327-295a-4cad-8fe1-b55b786a3d7e/393ae4ac-f02b-4827-9750-9978d40d6d89_1899861424.jpeg?h=225&w=225,
262253149,Capri Sun Orange 330Ml,https://www.tesco.com/groceries/en-GB/shop/drinks/all?department=Kids%20Drinks&viewAll=department&page=,£1.30,£0.39/100ml,"£3.40 Meal Deal Clubcard Price £3.90 Meal Deal Regular Price - Selected Drink, Snack, Wrap, Sandwich, Roll, Pasty Or Salad",,/groceries/en-GB/products/262253149,https://digitalcontent.api.tesco.com/v2/media/ghs/38aff681-7a64-433c-b1ba-f9c0c66c67b8/9fc2e456-a589-427c-839d-f2cac0c61407_1100171754.jpeg?h=225&w=225,
305037559,Capri Sun No Added Sugar Orange 4 X 200Ml,https://www.tesco.com/groceries/en-GB/shop/drinks/all?department=Kids%20Drinks&viewAll=department&page=,£1.75,£0.22/100ml,£1.25 Clubcard Price,,/groceries/en-GB/products/305037559,https://digitalcontent.api.tesco.com/v2/media/ghs/81be19d7-5f65-4e19-ac45-1c1ec450961d/870c4999-7bf0-4434-9bf5-be3bd01f120a_366884685.jpeg?h=225&w=225,
312219392,Nesquick All Natural Chocolate Flavour Milk 180Ml,https://www.tesco.com/groceries/en-GB/shop/drinks/all?department=Kids%20Drinks&viewAll=department&page=,£0.79,£0.44/100ml,Any 3 for £1.50 Clubcard Price - Nesquick Flavoured Milk 180ml,,/groceries/en-GB/products/312219392,https://digitalcontent.api.tesco.com/v2/media/ghs/c3cee5e0-58e3-4cf8-a151-200fcdc16277/9c8b3b2c-735d-487b-941b-f7d076c9da88_1534427482.jpeg?h=225&w=225,
274173594,Robinsons Fruit Shoot B/Crnt&Apl Low Sugar 275Ml,https://www.tesco.com/groceries/en-GB/shop/drinks/all?department=Kids%20Drinks&viewAll=department&page=,£0.90,£0.33/100ml,"£3.40 Meal Deal Clubcard Price £3.90 Meal Deal Regular Price - Selected Drink, Snack, Wrap, Sandwich, Roll, Pasty Or Salad",,/groceries/en-GB/products/274173594,https://digitalcontent.api.tesco.com/v2/media/ghs/cbf04e8a-f390-4aaa-ad57-4288b92e22e9/3e3112e9-b028-485f-9979-e0bb31334fac_1487138.jpeg?h=225&w=225,
274207688,Tesco Fruit Splash Apple & Blackcurrant 4X250ml,https://www.tesco.com/groceries/en-GB/shop/drinks/all?department=Kids%20Drinks&viewAll=department&page=,£0.89,£0.09/100ml,Reduced to Clear Was £1.05 Now £0.89,,/groceries/en-GB/products/274207688,https://digitalcontent.api.tesco.com/v2/media/ghs/169dfb0b-fe3a-4ee6-bcb4-36759a5b4ed6/eca89f64-e7d1-48c2-957d-74cb1ff29b70_1643016442.jpeg?h=225&w=225,
302365941,Monster Energy Ultra 8X500ml,https://www.tesco.com/groceries/en-GB/shop/drinks/all?department=Sports%2C%20Energy%20%26%20Wellness%20Drinks&viewAll=department&page=,£8.00,£0.20/100ml,,,/groceries/en-GB/products/302365941,https://digitalcontent.api.tesco.com/v2/media/ghs/e2bb95e1-810f-4f9a-8e92-25a1f6a10e83/fea17ed8-399a-4958-ac21-6373a3d4d96b_819730476.jpeg?h=225&w=225,
301421220,Tesco Blue Spark Sugar Free 24X250ml,https://www.tesco.com/groceries/en-GB/shop/drinks/all?department=Sports%2C%20Energy%20%26%20Wellness%20Drinks&viewAll=department&page=,£8.15,£0.14/100ml,,,/groceries/en-GB/products/301421220,https://digitalcontent.api.tesco.com/v2/media/ghs/fac1b7dc-c88b-4dbd-bc65-e72301548f28/81cd0d06-81c5-4cf9-acf7-ab4270cfb493_2027980066.jpeg?h=225&w=225,
283924539,Emmi Caffe Latte Cappuccino Mr Big 370Ml,https://www.tesco.com/groceries/en-GB/shop/drinks/all?department=Sports%2C%20Energy%20%26%20Wellness%20Drinks&viewAll=department&page=,£2.65,£0.72/100ml,£2.00 Clubcard Price,,/groceries/en-GB/products/283924539,https://digitalcontent.api.tesco.com/v2/media/ghs/0410d223-0ee8-436e-b364-82a330a79e32/8dcab844-fb24-4005-aa56-c0c12abbb67c.jpeg?h=225&w=225,
294085564,Monster Ultra White Multipack 4 X 500Ml,https://www.tesco.com/groceries/en-GB/shop/drinks/all?department=Sports%2C%20Energy%20%26%20Wellness%20Drinks&viewAll=department&page=,£4.85,£0.24/100ml,,,/groceries/en-GB/products/294085564,https://digitalcontent.api.tesco.com/v2/media/ghs/ca388f33-7039-43a9-9285-3b5acc14dcf2/daf2b1bb-69f7-4c5a-bb9f-6ee1fcf1eaa5_1995633329.jpeg?h=225&w=225,
277569409,Starbucks Skinny Latte 220Ml,https://www.tesco.com/groceries/en-GB/shop/drinks/all?department=Sports%2C%20Energy%20%26%20Wellness%20Drinks&viewAll=department&page=,£2.10,£0.96/100ml,£1.50 Clubcard Price,,/groceries/en-GB/products/277569409,https://digitalcontent.api.tesco.com/v2/media/ghs/f00b69b7-361c-470b-8433-49f3eb74f34c/1431f37e-761d-4e3c-958b-fd3b7ee0d20b.jpeg?h=225&w=225,
266891815,Starbucks Caramel Macchiato 220Ml,https://www.tesco.com/groceries/en-GB/shop/drinks/all?department=Sports%2C%20Energy%20%26%20Wellness%20Drinks&viewAll=department&page=,£2.10,£0.96/100ml,£1.50 Clubcard Price,,/groceries/en-GB/products/266891815,https://digitalcontent.api.tesco.com/v2/media/ghs/6ab11285-c3bc-4f47-9b66-ee617398abd5/1d666598-112a-4d4c-8604-9bfda4f397df.jpeg?h=225&w=225,
292442519,Relentless Multipack 4 X 500Ml,https://www.tesco.com/groceries/en-GB/shop/drinks/all?department=Sports%2C%20Energy%20%26%20Wellness%20Drinks&viewAll=department&page=,£3.70,£0.18/100ml,,,/groceries/en-GB/products/292442519,https://digitalcontent.api.tesco.com/v2/media/ghs/62dc6240-dc84-40ee-9d1c-e663d2753f04/158c6bf9-86dc-4496-bb71-c31f2d34bc24_1357024717.jpeg?h=225&w=225,
276547921,Tesco Blue Spark Sugar Free Drink 6X250ml,https://www.tesco.com/groceries/en-GB/shop/drinks/all?department=Sports%2C%20Energy%20%26%20Wellness%20Drinks&viewAll=department&page=,£2.65,£0.18/100ml,,,/groceries/en-GB/products/276547921,https://digitalcontent.api.tesco.com/v2/media/ghs/2e254ffe-700b-4d2f-9f67-a66d812d51cb/37e983db-71e6-4ed6-86fb-7624eed1a5c0_305548475.jpeg?h=225&w=225,
306504230,Ufit High Protein Milkshake Drink Strawberry 330Ml,https://www.tesco.com/groceries/en-GB/shop/drinks/all?department=Sports%2C%20Energy%20%26%20Wellness%20Drinks&viewAll=department&page=,£2.00,£0.61/100ml,,,/groceries/en-GB/products/306504230,https://digitalcontent.api.tesco.com/v2/media/ghs/fd61e11f-c348-45d8-bdd8-6aa26a2eef4a/31260563-6e8f-418b-8584-e22e88b64c17_295954728.jpeg?h=225&w=225,
300661887,Arctic Coffee Cafe Latte 330Ml,https://www.tesco.com/groceries/en-GB/shop/drinks/all?department=Sports%2C%20Energy%20%26%20Wellness%20Drinks&viewAll=department&page=,£1.10,£0.33/100ml,,,/groceries/en-GB/products/300661887,https://digitalcontent.api.tesco.com/v2/media/ghs/814fd6be-e2d9-42fe-ba6d-6c3998f56ed3/edf7cdab-2009-4825-a5b3-f5e5423e2adb_1212134957.jpeg?h=225&w=225,
276547834,Tesco Blue Spark 6X250ml,https://www.tesco.com/groceries/en-GB/shop/drinks/all?department=Sports%2C%20Energy%20%26%20Wellness%20Drinks&viewAll=department&page=,£2.75,£0.18/100ml,,,/groceries/en-GB/products/276547834,https://digitalcontent.api.tesco.com/v2/media/ghs/7d083bc8-71e4-4c8b-88bd-3ac1990bad3c/01346177-6a75-44c3-92d8-660665a23bc7_2103489178.jpeg?h=225&w=225,
308115508,Ufit High Protein Milkshake White Chocolate Flavoured 330Ml,https://www.tesco.com/groceries/en-GB/shop/drinks/all?department=Sports%2C%20Energy%20%26%20Wellness%20Drinks&viewAll=department&page=,£2.00,£0.61/100ml,,,/groceries/en-GB/products/308115508,https://digitalcontent.api.tesco.com/v2/media/ghs/c0778454-5ef3-46b0-b73f-d7ce536606d0/517148a9-1435-41ca-9c87-80ba13744ddb_1347172515.jpeg?h=225&w=225,
312847039,Red Bull Red Watermelon Edition 4 X 250Ml,https://www.tesco.com/groceries/en-GB/shop/drinks/all?department=Sports%2C%20Energy%20%26%20Wellness%20Drinks&viewAll=department&page=,£4.75,£0.48/100ml,,New,/groceries/en-GB/products/312847039,https://digitalcontent.api.tesco.com/v2/media/ghs/c54da4ca-62e3-49ad-9f22-d10506bc4503/249cea58-bfbb-403f-afc1-e6a37225a799_814961670.jpeg?h=225&w=225,
312363761,Wowhydrate Orange Electrolyte & Vitamin Water 4X500ml,https://www.tesco.com/groceries/en-GB/shop/drinks/all?department=Sports%2C%20Energy%20%26%20Wellness%20Drinks&viewAll=department&page=,£4.00,£0.20/100ml,,New,/groceries/en-GB/products/312363761,https://digitalcontent.api.tesco.com/v2/media/ghs/766e67a3-9825-460b-b4f5-f23c108c8513/9a80e7b2-74e0-4d77-a799-53cdd2da319b_983960279.jpeg?h=225&w=225,
305946232,Arctic Coffee Cafe Latte 1 Litre,https://www.tesco.com/groceries/en-GB/shop/drinks/all?department=Sports%2C%20Energy%20%26%20Wellness%20Drinks&viewAll=department&page=,£2.00,£0.20/100ml,,,/groceries/en-GB/products/305946232,https://digitalcontent.api.tesco.com/v2/media/ghs/098ba83c-f1a3-41fc-885e-a8c3e3301a53/69278f6f-3dbd-40cd-8398-952efa1c5ad1_1730975734.jpeg?h=225&w=225,
309198389,Coffee & Milk Latte Caramel Macchiato Iced Coffee 250Ml,https://www.tesco.com/groceries/en-GB/shop/drinks/all?department=Sports%2C%20Energy%20%26%20Wellness%20Drinks&viewAll=department&page=,£0.85,£0.34/100ml,,,/groceries/en-GB/products/309198389,https://digitalcontent.api.tesco.com/v2/media/ghs/338cef8d-d535-46ec-ab45-78be622f2bf1/6fcca10f-13da-46ec-97b9-bd3f49ab2872_2123530620.jpeg?h=225&w=225,
309175170,Coffee & Milk Latte Cappuccino Iced Coffee 250Ml,https://www.tesco.com/groceries/en-GB/shop/drinks/all?department=Sports%2C%20Energy%20%26%20Wellness%20Drinks&viewAll=department&page=,£0.85,£0.34/100ml,,,/groceries/en-GB/products/309175170,https://digitalcontent.api.tesco.com/v2/media/ghs/099bce9f-29a0-4e6c-b23a-c8faf6d6248a/6497e4c6-b60d-4a5f-b6c5-31192e09685f_1552295497.jpeg?h=225&w=225,
306493016,Arctic Coffee Caramel Latte 1L,https://www.tesco.com/groceries/en-GB/shop/drinks/all?department=Sports%2C%20Energy%20%26%20Wellness%20Drinks&viewAll=department&page=,£2.00,£0.20/100ml,,,/groceries/en-GB/products/306493016,https://digitalcontent.api.tesco.com/v2/media/ghs/05b1bc8e-a962-4cca-9171-77fec2aa20bd/ebe7f39c-94db-45c4-a1ef-bf1436b28cd7_2033503404.jpeg?h=225&w=225,
268094074,Vita Coco Natural Coconut Water 1L,https://www.tesco.com/groceries/en-GB/shop/drinks/all?department=Sports%2C%20Energy%20%26%20Wellness%20Drinks&viewAll=department&page=,£4.00,£0.40/100ml,,,/groceries/en-GB/products/268094074,https://digitalcontent.api.tesco.com/v2/media/ghs/d252e073-33ce-4b34-9aa6-c1a7b3cec19b/2bd593ff-425b-4b14-8de2-7e61c519633d_1747976840.jpeg?h=225&w=225,
250249801,Red Bull Energy Drink 4 X 250Ml,https://www.tesco.com/groceries/en-GB/shop/drinks/all?department=Sports%2C%20Energy%20%26%20Wellness%20Drinks&viewAll=department&page=,£4.50,£0.45/100ml,£3.75 Clubcard Price,,/groceries/en-GB/products/250249801,https://digitalcontent.api.tesco.com/v2/media/ghs/7ff0268e-13a3-45b9-a998-aeb7485547ac/e35a974f-b59a-4441-9e04-fc52e4dc8fbf_1268891618.jpeg?h=225&w=225,
304400252,Costa Coffee Late 250Ml,https://www.tesco.com/groceries/en-GB/shop/drinks/all?department=Sports%2C%20Energy%20%26%20Wellness%20Drinks&viewAll=department&page=,£1.80,£0.72/100ml,£1.00 Clubcard Price,,/groceries/en-GB/products/304400252,https://digitalcontent.api.tesco.com/v2/media/ghs/85bca949-6fe1-4ac4-993e-cf75e92765a6/2a67388d-5fb7-40af-91c1-66d03eae42af_1801251317.jpeg?h=225&w=225,
312708913,Wowhydrate Lemon & Lime Electrolyte Vitamin Water 4X500ml,https://www.tesco.com/groceries/en-GB/shop/drinks/all?department=Sports%2C%20Energy%20%26%20Wellness%20Drinks&viewAll=department&page=,£4.00,£0.20/100ml,,New,/groceries/en-GB/products/312708913,https://digitalcontent.api.tesco.com/v2/media/ghs/f97d95b4-0d49-40bb-831f-0aef2c032bad/f6833d62-d0cc-40b2-bab9-08ca8849ebb5_79770297.jpeg?h=225&w=225,
304413473,Lucozade Energy Original Fridge Pack 4 X 380Ml,https://www.tesco.com/groceries/en-GB/shop/drinks/all?department=Sports%2C%20Energy%20%26%20Wellness%20Drinks&viewAll=department&page=,£2.49,£0.16/100ml,Aldi Price Match,,/groceries/en-GB/products/304413473,https://digitalcontent.api.tesco.com/v2/media/ghs/f4a9049b-376e-4e8b-a411-b4eaeca37a19/80d69a15-83e9-45c7-b64f-06274cd6d805_560553027.jpeg?h=225&w=225,
274437450,Lucozade Energy Orange 4 X 380Ml,https://www.tesco.com/groceries/en-GB/shop/drinks/all?department=Sports%2C%20Energy%20%26%20Wellness%20Drinks&viewAll=department&page=,£2.49,£0.16/100ml,Aldi Price Match,,/groceries/en-GB/products/274437450,https://digitalcontent.api.tesco.com/v2/media/ghs/47bf047b-1d73-494b-a4af-f66e1c3c6b01/bb6ba3da-cd39-4bd2-aac7-27382432c000_1891418152.jpeg?h=225&w=225,
255236993,Lucozade Sport Orange 4X500ml,https://www.tesco.com/groceries/en-GB/shop/drinks/all?department=Sports%2C%20Energy%20%26%20Wellness%20Drinks&viewAll=department&page=,£3.00,£0.15/100ml,£2.50 Clubcard Price,,/groceries/en-GB/products/255236993,https://digitalcontent.api.tesco.com/v2/media/ghs/948c4b34-becb-4204-931f-508d1bef364f/c986dc6c-1581-473c-b63f-494d2d76c24f_1624357762.jpeg?h=225&w=225,
262001990,Lucozade Sport Raspberry 4X500ml,https://www.tesco.com/groceries/en-GB/shop/drinks/all?department=Sports%2C%20Energy%20%26%20Wellness%20Drinks&viewAll=department&page=,£3.00,£0.15/100ml,£2.50 Clubcard Price,,/groceries/en-GB/products/262001990,https://digitalcontent.api.tesco.com/v2/media/ghs/67373a9c-d4df-42f6-a652-3274d01778a0/381631e8-2da6-4c92-b62e-669a907d0509_350631940.jpeg?h=225&w=225,
304407792,Costa Coffee Caramel Latte 250Ml,https://www.tesco.com/groceries/en-GB/shop/drinks/all?department=Sports%2C%20Energy%20%26%20Wellness%20Drinks&viewAll=department&page=,£1.75,£0.70/100ml,£1.00 Clubcard Price,,/groceries/en-GB/products/304407792,https://digitalcontent.api.tesco.com/v2/media/ghs/a20e1adc-4c11-44d9-b9d7-7843efdb2bf1/da0d8a3f-fdbd-4b27-8efc-7a76ccd3ef12_1157108718.jpeg?h=225&w=225,
279845143,For Goodness Shakes Recovery Milk Chocolate 475Ml,https://www.tesco.com/groceries/en-GB/shop/drinks/all?department=Sports%2C%20Energy%20%26%20Wellness%20Drinks&viewAll=department&page=,£2.00,£0.42/100ml,,,/groceries/en-GB/products/279845143,https://digitalcontent.api.tesco.com/v2/media/ghs/ac6e3c4f-865b-4a5d-a3cd-a4ee37de3109/893302a9-4b58-4102-8683-b9895401e503_68272834.jpeg?h=225&w=225,
308494283,Lucozade Zero Sugar Pink Lemonade 900Ml,https://www.tesco.com/groceries/en-GB/shop/drinks/all?department=Sports%2C%20Energy%20%26%20Wellness%20Drinks&viewAll=department&page=,£1.25,£0.14/100ml,,,/groceries/en-GB/products/308494283,https://digitalcontent.api.tesco.com/v2/media/ghs/c8eabe93-e099-4f31-a7c7-eea5b9b386b5/58f3952a-b4f8-40a7-9508-9b9f3dea906b_413812154.jpeg?h=225&w=225,
308476178,Lucozade Energy Original 900Ml,https://www.tesco.com/groceries/en-GB/shop/drinks/all?department=Sports%2C%20Energy%20%26%20Wellness%20Drinks&viewAll=department&page=,£1.25,£0.14/100ml,Aldi Price Match,,/groceries/en-GB/products/308476178,https://digitalcontent.api.tesco.com/v2/media/ghs/e54d1a4f-8f78-4b5d-93e3-bebeb7c39fc3/7dbd8af1-a945-4ddd-932d-80a60dc49cbf_2095570401.jpeg?h=225&w=225,
253978518,Emmi Caffe Latte Cappuccino 230Ml,https://www.tesco.com/groceries/en-GB/shop/drinks/all?department=Sports%2C%20Energy%20%26%20Wellness%20Drinks&viewAll=department&page=,£1.60,£0.70/100ml,,,/groceries/en-GB/products/253978518,https://digitalcontent.api.tesco.com/v2/media/ghs/64ef3c22-f782-459e-a952-b23c9dff0450/fad76dfd-c6d8-40e2-9c83-a0d258cfd50c.jpeg?h=225&w=225,
308460149,Lucozade Energy Orange 900Ml,https://www.tesco.com/groceries/en-GB/shop/drinks/all?department=Sports%2C%20Energy%20%26%20Wellness%20Drinks&viewAll=department&page=,£1.25,£0.14/100ml,Aldi Price Match,,/groceries/en-GB/products/308460149,https://digitalcontent.api.tesco.com/v2/media/ghs/6370d82e-4df0-42b7-850e-7d8bd695cabe/4cb77ff4-9aa9-4171-8f8d-0ce0bc558e6d_2028549472.jpeg?h=225&w=225,
312830266,Red Bull Sugar Free Apricot Edition 4X250ml,https://www.tesco.com/groceries/en-GB/shop/drinks/all?department=Sports%2C%20Energy%20%26%20Wellness%20Drinks&viewAll=department&page=,£4.55,£0.46/100ml,,New,/groceries/en-GB/products/312830266,https://digitalcontent.api.tesco.com/v2/media/ghs/d9c5cda5-c0c2-4bbb-b040-028f0985edb8/92b4c282-bb50-4179-92d1-65235c507c85_1793100649.jpeg?h=225&w=225,
287043106,Gatorade Cool Blue 500Ml,https://www.tesco.com/groceries/en-GB/shop/drinks/all?department=Sports%2C%20Energy%20%26%20Wellness%20Drinks&viewAll=department&page=,£1.45,£0.29/100ml,"£3.40 Meal Deal Clubcard Price £3.90 Meal Deal Regular Price - Selected Drink, Snack, Wrap, Sandwich, Roll, Pasty Or Salad",,/groceries/en-GB/products/287043106,https://digitalcontent.api.tesco.com/v2/media/ghs/0ce7630c-4aa8-4f00-a0d8-564a009c2e00/b4445d09-1824-41b8-932a-14b1dafcb4e6_1712092961.jpeg?h=225&w=225,
262079459,Red Bull Energy Drink 355Ml,https://www.tesco.com/groceries/en-GB/shop/drinks/all?department=Sports%2C%20Energy%20%26%20Wellness%20Drinks&viewAll=department&page=,£1.90,£0.54/100ml,"£3.40 Meal Deal Clubcard Price £3.90 Meal Deal Regular Price - Selected Drink, Snack, Wrap, Sandwich, Roll, Pasty Or Salad",,/groceries/en-GB/products/262079459,https://digitalcontent.api.tesco.com/v2/media/ghs/770d4d2a-4774-48f6-9b4f-9d5e4c1a5410/18673b4b-ccad-4681-b769-b7506b60c29d_1427477289.jpeg?h=225&w=225,
264556446,Red Bull Energy Drink 473Ml,https://www.tesco.com/groceries/en-GB/shop/drinks/all?department=Sports%2C%20Energy%20%26%20Wellness%20Drinks&viewAll=department&page=,£2.40,£0.51/100ml,"£3.40 Meal Deal Clubcard Price £3.90 Meal Deal Regular Price - Selected Drink, Snack, Wrap, Sandwich, Roll, Pasty Or Salad",,/groceries/en-GB/products/264556446,https://digitalcontent.api.tesco.com/v2/media/ghs/6c77c582-1ea6-4010-96ce-bd960769f6d7/77d7fe56-bbd8-4f37-a5a7-5f0ae41436e2_1886086727.jpeg?h=225&w=225,
312830842,Relentless Raspberry Zero 500Ml,https://www.tesco.com/groceries/en-GB/shop/drinks/all?department=Sports%2C%20Energy%20%26%20Wellness%20Drinks&viewAll=department&page=,£1.20,£0.24/100ml,"£3.40 Meal Deal Clubcard Price £3.90 Meal Deal Regular Price - Selected Drink, Snack, Wrap, Sandwich, Roll, Pasty Or Salad",,/groceries/en-GB/products/312830842,https://digitalcontent.api.tesco.com/v2/media/ghs/f8d1db9b-58b8-4197-9239-645642599cbb/6bee4422-c4ce-447d-9f6c-a346ea7d138a_332476516.jpeg?h=225&w=225,
312856443,Red Bull Sugar Free Tropical Fruit Edition 4X250ml,https://www.tesco.com/groceries/en-GB/shop/drinks/all?department=Sports%2C%20Energy%20%26%20Wellness%20Drinks&viewAll=department&page=,£4.55,£0.46/100ml,,New,/groceries/en-GB/products/312856443,https://digitalcontent.api.tesco.com/v2/media/ghs/280558cc-f028-4d97-8326-c9fe1f62e2ba/cf6a0bba-235c-4efc-9937-e2e05a435125_65718778.jpeg?h=225&w=225,
301227116,Tesco Blue Spark Sugar Free Energy Drink 1L,https://www.tesco.com/groceries/en-GB/shop/drinks/all?department=Sports%2C%20Energy%20%26%20Wellness%20Drinks&viewAll=department&page=,£0.80,£0.08/100ml,,,/groceries/en-GB/products/301227116,https://digitalcontent.api.tesco.com/v2/media/ghs/fe024099-5b6f-4c94-9eaf-ba03381b3f85/fd2b2dd7-8f61-4a2f-9625-f987870dc9f4_501139832.jpeg?h=225&w=225,
301227099,Tesco Blue Spark Original 1L,https://www.tesco.com/groceries/en-GB/shop/drinks/all?department=Sports%2C%20Energy%20%26%20Wellness%20Drinks&viewAll=department&page=,£0.80,£0.08/100ml,,,/groceries/en-GB/products/301227099,https://digitalcontent.api.tesco.com/v2/media/ghs/cffded90-f2e0-4a88-82a7-8aef84bc9095/e3109c49-6a64-444b-990e-633fe9305d3a_953431171.jpeg?h=225&w=225,
301400809,Tesco Isotonic Sports Drink Orange 4X500ml,https://www.tesco.com/groceries/en-GB/shop/drinks/all?department=Sports%2C%20Energy%20%26%20Wellness%20Drinks&viewAll=department&page=,£1.35,£0.07/100ml,,,/groceries/en-GB/products/301400809,https://digitalcontent.api.tesco.com/v2/media/ghs/2025f505-a487-49ff-b02e-319cb9e6aa9d/2f25986f-5ecc-4bd7-88ff-9df8c0f90798_98320637.jpeg?h=225&w=225,
274483993,N-Gine Energy Drink Blue 250Ml,https://www.tesco.com/groceries/en-GB/shop/drinks/all?department=Sports%2C%20Energy%20%26%20Wellness%20Drinks&viewAll=department&page=,,,,,/groceries/en-GB/products/274483993,https://digitalcontent.api.tesco.com/v2/media/ghs/4412c72c-002e-43ef-91ba-3dad53f80250/758e37b4-6f6b-4696-92a2-29faa57cf010_1547889531.jpeg?h=225&w=225,This product's currently out of stock
301400821,Tesco Isotonic Sports Drink Raspberry 4X500ml,https://www.tesco.com/groceries/en-GB/shop/drinks/all?department=Sports%2C%20Energy%20%26%20Wellness%20Drinks&viewAll=department&page=,£1.35,£0.07/100ml,,,/groceries/en-GB/products/301400821,https://digitalcontent.api.tesco.com/v2/media/ghs/3811d2d8-3fd4-4a2a-b24a-0df71b19ad3d/af0a15a8-cf62-47c7-acb6-215e5f8a502c_1896331742.jpeg?h=225&w=225,
299835499,Red Bull Energy Drink Sugar Free 12 X 250Ml,https://www.tesco.com/groceries/en-GB/shop/drinks/all?department=Sports%2C%20Energy%20%26%20Wellness%20Drinks&viewAll=department&page=,£10.25,£0.34/100ml,,,/groceries/en-GB/products/299835499,https://digitalcontent.api.tesco.com/v2/media/ghs/7c2af872-4624-4251-9f66-595c4dfb96c2/73b54cb8-8797-4382-8b04-c95b18e94873_1208941092.jpeg?h=225&w=225,
294085604,Monster Energy 8 X 500Ml,https://www.tesco.com/groceries/en-GB/shop/drinks/all?department=Sports%2C%20Energy%20%26%20Wellness%20Drinks&viewAll=department&page=,£9.00,£0.22/100ml,,,/groceries/en-GB/products/294085604,https://digitalcontent.api.tesco.com/v2/media/ghs/cacb233a-6ada-48c5-9f1b-2707f7bc571f/d742dd60-897c-4f96-bc7d-d1d9cef2b87f_1816710681.jpeg?h=225&w=225,
281282926,Monster Absolute Zero 4X500ml,https://www.tesco.com/groceries/en-GB/shop/drinks/all?department=Sports%2C%20Energy%20%26%20Wellness%20Drinks&viewAll=department&page=,£5.25,£0.26/100ml,,,/groceries/en-GB/products/281282926,https://digitalcontent.api.tesco.com/v2/media/ghs/aa789443-39c5-4694-b366-4090a79c851b/91abef2d-cb17-4888-b322-eee350666b54_1894762432.jpeg?h=225&w=225,
301421208,Tesco Blue Spark 24X250ml,https://www.tesco.com/groceries/en-GB/shop/drinks/all?department=Sports%2C%20Energy%20%26%20Wellness%20Drinks&viewAll=department&page=,£8.40,£0.14/100ml,,,/groceries/en-GB/products/301421208,https://digitalcontent.api.tesco.com/v2/media/ghs/6cad08a0-55d7-474f-bd8a-6c445be0f8dc/4ada27e8-9ccb-4f2a-b03e-b74dc880a9fa_1371470681.jpeg?h=225&w=225,
274307944,Red Bull Sugar Free Energy Drink 8 X 250Ml,https://www.tesco.com/groceries/en-GB/shop/drinks/all?department=Sports%2C%20Energy%20%26%20Wellness%20Drinks&viewAll=department&page=,£7.00,£0.35/100ml,,,/groceries/en-GB/products/274307944,,
283690780,Ufit Pro50 Protein Drink Chocolate 500Ml,https://www.tesco.com/groceries/en-GB/shop/drinks/all?department=Sports%2C%20Energy%20%26%20Wellness%20Drinks&viewAll=department&page=,£3.00,£0.60/100ml,£2.50 Clubcard Price,,/groceries/en-GB/products/283690780,https://digitalcontent.api.tesco.com/v2/media/ghs/31273d7b-c160-48a7-bee1-0d76df979a10/42942256-5e64-4ae0-91a2-3015e698e7f7.jpeg?h=225&w=225,
312563567,Relentless Zero Sugar Raspberry Energy Drink 4X500ml,https://www.tesco.com/groceries/en-GB/shop/drinks/all?department=Sports%2C%20Energy%20%26%20Wellness%20Drinks&viewAll=department&page=,£3.70,£0.18/100ml,,New,/groceries/en-GB/products/312563567,https://digitalcontent.api.tesco.com/v2/media/ghs/435771ec-d895-42e7-9c90-39a9769c3a21/ff0a313a-b713-4811-a0cc-b52636141ad0_773385842.jpeg?h=225&w=225,
308468712,Purdeys Grape & Apple Natural Energy Drink 4X250ml,https://www.tesco.com/groceries/en-GB/shop/drinks/all?department=Sports%2C%20Energy%20%26%20Wellness%20Drinks&viewAll=department&page=,£3.50,£0.35/100ml,,,/groceries/en-GB/products/308468712,https://digitalcontent.api.tesco.com/v2/media/ghs/b0141d2a-02df-4e2e-9e6d-bacf32eca98a/763db66c-1300-4d11-b17d-5b7111ed4b15_1679834442.jpeg?h=225&w=225,
277820452,Vita Coco 100% Natural Coconut Water 4 X 330Ml,https://www.tesco.com/groceries/en-GB/shop/drinks/all?department=Sports%2C%20Energy%20%26%20Wellness%20Drinks&viewAll=department&page=,£5.00,£0.38/100ml,,,/groceries/en-GB/products/277820452,https://digitalcontent.api.tesco.com/v2/media/ghs/b396f39b-fdf0-41c3-9215-082a6f7c76f0/3718446a-da19-412a-b05e-964cba8841c5_390212806.jpeg?h=225&w=225,
272620610,Monster Origin Energy Drink 4 X 500Ml,https://www.tesco.com/groceries/en-GB/shop/drinks/all?department=Sports%2C%20Energy%20%26%20Wellness%20Drinks&viewAll=department&page=,£5.25,£0.26/100ml,,,/groceries/en-GB/products/272620610,https://digitalcontent.api.tesco.com/v2/media/ghs/7b0b7c91-3c3a-4284-a253-eec00e9837b5/8a0a3127-23d4-438a-96c2-b2b3fe0f1dc0_1349088284.jpeg?h=225&w=225,
306933469,Monster Mango Loco Energy Drink 4X500ml,https://www.tesco.com/groceries/en-GB/shop/drinks/all?department=Sports%2C%20Energy%20%26%20Wellness%20Drinks&viewAll=department&page=,£5.25,£0.26/100ml,,,/groceries/en-GB/products/306933469,https://digitalcontent.api.tesco.com/v2/media/ghs/10dfae0c-6a7d-4977-b85a-d45e5c231244/0ec53dcf-0e11-4dfe-b784-a755159614a2_981544297.jpeg?h=225&w=225,
307366235,Lucozade Energy Sparkling Orange Drink 24 X 330Ml,https://www.tesco.com/groceries/en-GB/shop/drinks/all?department=Sports%2C%20Energy%20%26%20Wellness%20Drinks&viewAll=department&page=,£8.00,£0.10/100ml,,,/groceries/en-GB/products/307366235,https://digitalcontent.api.tesco.com/v2/media/ghs/451bae56-e4ef-49d9-a4aa-7d07ad4b0c4f/85775cde-b3ae-41fb-a09a-8aa68a7098e0_254810022.jpeg?h=225&w=225,
306955784,Monster Pipeline Punch 4X500ml,https://www.tesco.com/groceries/en-GB/shop/drinks/all?department=Sports%2C%20Energy%20%26%20Wellness%20Drinks&viewAll=department&page=,£5.25,£0.26/100ml,,,/groceries/en-GB/products/306955784,https://digitalcontent.api.tesco.com/v2/media/ghs/6ad35dee-abf9-4cfc-b6d7-77f370fc0888/ff115429-17a4-4a4d-a9f9-3da5b5ef6ebf_1391080870.jpeg?h=225&w=225,
310143063,Monster Energy Drink Ultra Gold 4 X 500Ml,https://www.tesco.com/groceries/en-GB/shop/drinks/all?department=Sports%2C%20Energy%20%26%20Wellness%20Drinks&viewAll=department&page=,£4.85,£0.24/100ml,,,/groceries/en-GB/products/310143063,https://digitalcontent.api.tesco.com/v2/media/ghs/1e7cb68d-93c4-4d77-83e5-515bfa8d214f/5b6dede5-bf52-4d6b-9ad2-fac7813f7585_1900102081.jpeg?h=225&w=225,
279846240,For Goodness Shakes Protein Chocolate 475Ml,https://www.tesco.com/groceries/en-GB/shop/drinks/all?department=Sports%2C%20Energy%20%26%20Wellness%20Drinks&viewAll=department&page=,£2.30,£0.48/100ml,,,/groceries/en-GB/products/279846240,https://digitalcontent.api.tesco.com/v2/media/ghs/a6d0c27f-765a-42ca-9afb-ec4c912a100c/40b115d9-fd90-4001-b1b3-9246c596c6b4_1857118271.jpeg?h=225&w=225,
256133076,Red Bull Sugar Free Energy Drink 4 X 250Ml,https://www.tesco.com/groceries/en-GB/shop/drinks/all?department=Sports%2C%20Energy%20%26%20Wellness%20Drinks&viewAll=department&page=,£4.25,£0.42/100ml,,,/groceries/en-GB/products/256133076,https://digitalcontent.api.tesco.com/v2/media/ghs/e4b36a65-0468-4d33-9184-c3bf187b6862/7368e953-feb2-4c77-9451-6450462f7751_1634597009.jpeg?h=225&w=225,
310669339,Monster Energy Ultra Watermelon Drink 500Ml X 4,https://www.tesco.com/groceries/en-GB/shop/drinks/all?department=Sports%2C%20Energy%20%26%20Wellness%20Drinks&viewAll=department&page=,£4.85,£0.24/100ml,,,/groceries/en-GB/products/310669339,https://digitalcontent.api.tesco.com/v2/media/ghs/c07e85aa-ac33-46b0-9458-4c99975bebe6/0c2ec4cb-f999-4813-91ee-cb5eb033f2ed_1423730873.jpeg?h=225&w=225,
288178112,Innocent Coconut Water 1L,https://www.tesco.com/groceries/en-GB/shop/drinks/all?department=Sports%2C%20Energy%20%26%20Wellness%20Drinks&viewAll=department&page=,£4.00,£0.40/100ml,,,/groceries/en-GB/products/288178112,https://digitalcontent.api.tesco.com/v2/media/ghs/4044262c-1cfb-4e29-b357-bd83c9eabc60/71073bff-4c80-4c5a-b294-9206bfdd1577_1081071766.jpeg?h=225&w=225,
283668387,Ufit Pro50 Protein Drink Strawberry 500Ml,https://www.tesco.com/groceries/en-GB/shop/drinks/all?department=Sports%2C%20Energy%20%26%20Wellness%20Drinks&viewAll=department&page=,£3.00,£0.60/100ml,£2.50 Clubcard Price,,/groceries/en-GB/products/283668387,https://digitalcontent.api.tesco.com/v2/media/ghs/c8cdc06b-e31a-41fc-be7f-18002da48d4d/e167a8a0-fca2-4ae9-94ca-e8ee4ef3f411.jpeg?h=225&w=225,
309449935,Emmi Caffe Latte Vanilla 230Ml,https://www.tesco.com/groceries/en-GB/shop/drinks/all?department=Sports%2C%20Energy%20%26%20Wellness%20Drinks&viewAll=department&page=,£1.60,£0.70/100ml,,,/groceries/en-GB/products/309449935,https://digitalcontent.api.tesco.com/v2/media/ghs/d035523d-e803-48c4-8ade-d90018116e3f/7d43bf29-94ae-4ce5-bf5c-3767786205ba.jpeg?h=225&w=225,
308463032,Purdeys Raspberry & Rose Energy Drink 4X250ml,https://www.tesco.com/groceries/en-GB/shop/drinks/all?department=Sports%2C%20Energy%20%26%20Wellness%20Drinks&viewAll=department&page=,£4.00,£0.40/100ml,,New,/groceries/en-GB/products/308463032,https://digitalcontent.api.tesco.com/v2/media/ghs/fc26df53-9c62-4968-a970-364c3a367aae/78d25bf2-50e7-407d-ab8b-053a73f0909f_43861822.jpeg?h=225&w=225,
308472960,Lucozade Zero Tropical 4 X 380Ml,https://www.tesco.com/groceries/en-GB/shop/drinks/all?department=Sports%2C%20Energy%20%26%20Wellness%20Drinks&viewAll=department&page=,£2.50,£0.16/100ml,,,/groceries/en-GB/products/308472960,https://digitalcontent.api.tesco.com/v2/media/ghs/9fc6199f-01a1-4ba8-a4ce-95917a407d8a/5f3681e4-111a-4723-bf1a-2c3eff574fc6_2091309976.jpeg?h=225&w=225,
274623051,Vita Coco 100% Natural Coconut Water 500Ml,https://www.tesco.com/groceries/en-GB/shop/drinks/all?department=Sports%2C%20Energy%20%26%20Wellness%20Drinks&viewAll=department&page=,£2.49,£0.50/100ml,"£3.40 Meal Deal Clubcard Price £3.90 Meal Deal Regular Price - Selected Drink, Snack, Wrap, Sandwich, Roll, Pasty Or Salad",,/groceries/en-GB/products/274623051,https://digitalcontent.api.tesco.com/v2/media/ghs/e6911c79-36ad-40dc-9a36-59ab8563837f/95d20562-3f2b-45a0-9b4b-5a8590431c4b_759522811.jpeg?h=225&w=225,
310093772,Nexba Elderflower & Lemon Kombucha 1L,https://www.tesco.com/groceries/en-GB/shop/drinks/all?department=Sports%2C%20Energy%20%26%20Wellness%20Drinks&viewAll=department&page=,£2.75,£0.28/100ml,£2.00 Clubcard Price,,/groceries/en-GB/products/310093772,https://digitalcontent.api.tesco.com/v2/media/ghs/f6006855-9d7a-4e71-81ec-cc17cf051404/snapshotimagehandler_874344990.jpeg?h=225&w=225,
309469715,Arctic White Chocolatte 330Ml,https://www.tesco.com/groceries/en-GB/shop/drinks/all?department=Sports%2C%20Energy%20%26%20Wellness%20Drinks&viewAll=department&page=,£1.10,£0.33/100ml,,,/groceries/en-GB/products/309469715,https://digitalcontent.api.tesco.com/v2/media/ghs/aeb060d0-9fcc-446b-bbc6-267499a52bd3/82cc0098-e792-4109-a267-3d58aa797e78.jpeg?h=225&w=225,
309461999,Arctic Coffee Intenso 330Ml,https://www.tesco.com/groceries/en-GB/shop/drinks/all?department=Sports%2C%20Energy%20%26%20Wellness%20Drinks&viewAll=department&page=,£1.10,£0.33/100ml,,,/groceries/en-GB/products/309461999,https://digitalcontent.api.tesco.com/v2/media/ghs/5c127b26-6185-4318-a071-62aa005176ff/28fa93bd-93e7-4f07-a732-6da8f4f9128f_1110443760.jpeg?h=225&w=225,
263674951,Red Bull Sugar Free Energy Drink 355Ml,https://www.tesco.com/groceries/en-GB/shop/drinks/all?department=Sports%2C%20Energy%20%26%20Wellness%20Drinks&viewAll=department&page=,£1.80,£0.51/100ml,"£3.40 Meal Deal Clubcard Price £3.90 Meal Deal Regular Price - Selected Drink, Snack, Wrap, Sandwich, Roll, Pasty Or Salad",,/groceries/en-GB/products/263674951,https://digitalcontent.api.tesco.com/v2/media/ghs/c15d70fb-710a-4add-863f-b5c13415db6d/1b0fecfb-2b07-4d97-8c5e-4a3558fc8137_1564721808.jpeg?h=225&w=225,
296660139,Get More Vitamin D Still Mango & Passion Fruit 1Ltr,https://www.tesco.com/groceries/en-GB/shop/drinks/all?department=Sports%2C%20Energy%20%26%20Wellness%20Drinks&viewAll=department&page=,£1.80,£0.18/100ml,,,/groceries/en-GB/products/296660139,https://digitalcontent.api.tesco.com/v2/media/ghs/88b078ff-125a-4daf-9a40-ebc191f6618c/2b5c6bdf-ea9f-47b2-9557-94b92aadac44_146901047.jpeg?h=225&w=225,
272855015,Purdeys Rejuvenation Fruit Drink 330Ml,https://www.tesco.com/groceries/en-GB/shop/drinks/all?department=Sports%2C%20Energy%20%26%20Wellness%20Drinks&viewAll=department&page=,£1.50,£0.46/100ml,"£3.40 Meal Deal Clubcard Price £3.90 Meal Deal Regular Price - Selected Drink, Snack, Wrap, Sandwich, Roll, Pasty Or Salad",,/groceries/en-GB/products/272855015,https://digitalcontent.api.tesco.com/v2/media/ghs/e06548cf-44bf-47d5-aa2d-c3269ccd73e1/154a53bd-302b-4719-a00f-998a9caaa08b_1085632155.jpeg?h=225&w=225,
250792387,Lucozade Original 500Ml,https://www.tesco.com/groceries/en-GB/shop/drinks/all?department=Sports%2C%20Energy%20%26%20Wellness%20Drinks&viewAll=department&page=,£1.60,£0.32/100ml,"£3.40 Meal Deal Clubcard Price £3.90 Meal Deal Regular Price - Selected Drink, Snack, Wrap, Sandwich, Roll, Pasty Or Salad",,/groceries/en-GB/products/250792387,https://digitalcontent.api.tesco.com/v2/media/ghs/5f8f9246-896a-4def-8a06-47af62eef4e4/ce36a2cc-b7e0-4fdd-8ad9-f0a4613ce5ea_1590687902.jpeg?h=225&w=225,
255231748,Lucozade Sport Orange Still 500Ml,https://www.tesco.com/groceries/en-GB/shop/drinks/all?department=Sports%2C%20Energy%20%26%20Wellness%20Drinks&viewAll=department&page=,£1.60,£0.32/100ml,"£3.40 Meal Deal Clubcard Price £3.90 Meal Deal Regular Price - Selected Drink, Snack, Wrap, Sandwich, Roll, Pasty Or Salad",,/groceries/en-GB/products/255231748,https://digitalcontent.api.tesco.com/v2/media/ghs/6c1b7017-3f85-4ef9-887c-12a24ce9c2ce/0fe0ea4d-65c9-4f15-81dd-155a01332bde_241833085.jpeg?h=225&w=225,
290328463,Monster Energy Ultra 500Ml,https://www.tesco.com/groceries/en-GB/shop/drinks/all?department=Sports%2C%20Energy%20%26%20Wellness%20Drinks&viewAll=department&page=,£1.55,£0.31/100ml,"£3.40 Meal Deal Clubcard Price £3.90 Meal Deal Regular Price - Selected Drink, Snack, Wrap, Sandwich, Roll, Pasty Or Salad",,/groceries/en-GB/products/290328463,https://digitalcontent.api.tesco.com/v2/media/ghs/daecc50d-cce8-4612-8b87-232a1d722a74/993fb743-4e59-41a6-8ef3-26935305b483_204783473.jpeg?h=225&w=225,
267482964,Mountain Dew Energy 500Ml,https://www.tesco.com/groceries/en-GB/shop/drinks/all?department=Sports%2C%20Energy%20%26%20Wellness%20Drinks&viewAll=department&page=,£1.40,£0.28/100ml,"£3.40 Meal Deal Clubcard Price £3.90 Meal Deal Regular Price - Selected Drink, Snack, Wrap, Sandwich, Roll, Pasty Or Salad",,/groceries/en-GB/products/267482964,https://digitalcontent.api.tesco.com/v2/media/ghs/74315bad-2c0e-4c12-8352-a72ff8fb4051/8dd1c63f-b0dc-4a63-80a5-ddd2f1b964d1_1971634551.jpeg?h=225&w=225,
305967119,Arctic Coffee Caramel Latte 330Ml,https://www.tesco.com/groceries/en-GB/shop/drinks/all?department=Sports%2C%20Energy%20%26%20Wellness%20Drinks&viewAll=department&page=,£1.10,£0.33/100ml,,,/groceries/en-GB/products/305967119,https://digitalcontent.api.tesco.com/v2/media/ghs/bc73ffe5-8e81-4e63-b049-919024a4a6ed/42669ff8-9ba9-48e4-8ed5-209ff9ae1507_552386375.jpeg?h=225&w=225,
263850201,Lucozade Energy Orange 500Ml,https://www.tesco.com/groceries/en-GB/shop/drinks/all?department=Sports%2C%20Energy%20%26%20Wellness%20Drinks&viewAll=department&page=,£1.60,£0.32/100ml,"£3.40 Meal Deal Clubcard Price £3.90 Meal Deal Regular Price - Selected Drink, Snack, Wrap, Sandwich, Roll, Pasty Or Salad",,/groceries/en-GB/products/263850201,https://digitalcontent.api.tesco.com/v2/media/ghs/fb5c0695-428f-4ac6-826e-5e7feb8ce1e6/1dcae46f-45b0-4eea-80bd-3a04f02a688b_568070125.jpeg?h=225&w=225,
260274716,Relentless Origin 500Ml,https://www.tesco.com/groceries/en-GB/shop/drinks/all?department=Sports%2C%20Energy%20%26%20Wellness%20Drinks&viewAll=department&page=,£1.20,£0.24/100ml,"£3.40 Meal Deal Clubcard Price £3.90 Meal Deal Regular Price - Selected Drink, Snack, Wrap, Sandwich, Roll, Pasty Or Salad",,/groceries/en-GB/products/260274716,https://digitalcontent.api.tesco.com/v2/media/ghs/c84069c8-8b35-492f-b4a1-9e25f45bf5f6/2f702d38-5046-411c-b6ec-9f9e3169a772_945335984.jpeg?h=225&w=225,
303068069,Monster Juiced Mango Loco 500Ml,https://www.tesco.com/groceries/en-GB/shop/drinks/all?department=Sports%2C%20Energy%20%26%20Wellness%20Drinks&viewAll=department&page=,£1.65,£0.33/100ml,"£3.40 Meal Deal Clubcard Price £3.90 Meal Deal Regular Price - Selected Drink, Snack, Wrap, Sandwich, Roll, Pasty Or Salad",,/groceries/en-GB/products/303068069,https://digitalcontent.api.tesco.com/v2/media/ghs/9ce1bd9b-365b-4602-8e54-c263d3fade75/77a13a27-5a77-46b7-8f42-0725edf5379b_986309078.jpeg?h=225&w=225,
264556669,Monster Energy 500 Ml Can,https://www.tesco.com/groceries/en-GB/shop/drinks/all?department=Sports%2C%20Energy%20%26%20Wellness%20Drinks&viewAll=department&page=,£1.65,£0.33/100ml,"£3.40 Meal Deal Clubcard Price £3.90 Meal Deal Regular Price - Selected Drink, Snack, Wrap, Sandwich, Roll, Pasty Or Salad",,/groceries/en-GB/products/264556669,https://digitalcontent.api.tesco.com/v2/media/ghs/2fa43bbc-5a50-40d9-bd44-3084ca6002b9/df91bf17-6664-485a-a328-ba15ca8e0d93_468310332.jpeg?h=225&w=225,
308850651,Costa Coffee Caramel Latte Cans 4 X 250Ml,https://www.tesco.com/groceries/en-GB/shop/drinks/all?department=Sports%2C%20Energy%20%26%20Wellness%20Drinks&viewAll=department&page=,£3.49,£0.35/100ml,Aldi Price Match,,/groceries/en-GB/products/308850651,https://digitalcontent.api.tesco.com/v2/media/ghs/d845e723-ff48-4c81-b8c1-c1835793263e/74ababae-7c0e-422a-b351-c497f31cbec1_715264842.jpeg?h=225&w=225,
307156501,Remedy Kombucha Ginger & Lemon 4X330ml,https://www.tesco.com/groceries/en-GB/shop/drinks/all?department=Sports%2C%20Energy%20%26%20Wellness%20Drinks&viewAll=department&page=,£5.25,£0.40/100ml,,,/groceries/en-GB/products/307156501,https://digitalcontent.api.tesco.com/v2/media/ghs/caca35bc-54ba-4e35-9254-665948c3d851/c64fc799-027d-4a95-9f85-fdb6eeb1476b_835295778.jpeg?h=225&w=225,
307142575,Remedy Kombucha Raspberry Lemonade 4X330ml,https://www.tesco.com/groceries/en-GB/shop/drinks/all?department=Sports%2C%20Energy%20%26%20Wellness%20Drinks&viewAll=department&page=,£5.25,£0.40/100ml,,,/groceries/en-GB/products/307142575,https://digitalcontent.api.tesco.com/v2/media/ghs/6b681c3c-ef4a-4dfd-beda-fc7229af02fa/2deaa368-49d5-45c2-85af-dc4ac8219293_1432169890.jpeg?h=225&w=225,
311267977,Remedy Kombucha Mango Passion Drink 4 X 330Ml,https://www.tesco.com/groceries/en-GB/shop/drinks/all?department=Sports%2C%20Energy%20%26%20Wellness%20Drinks&viewAll=department&page=,£5.25,£0.40/100ml,,,/groceries/en-GB/products/311267977,https://digitalcontent.api.tesco.com/v2/media/ghs/2352fa23-0440-41e5-8fc3-536210cce111/8ae184f9-8751-47eb-b2d2-d3a344dc4450_875201969.jpeg?h=225&w=225,
311220137,Remedy Kombucha Wild Berry Drink 4 X 330Ml,https://www.tesco.com/groceries/en-GB/shop/drinks/all?department=Sports%2C%20Energy%20%26%20Wellness%20Drinks&viewAll=department&page=,£5.25,£0.40/100ml,,,/groceries/en-GB/products/311220137,https://digitalcontent.api.tesco.com/v2/media/ghs/5ca1ac69-a8c3-499d-aaf3-fdadc10bdcec/5c578780-f92f-4b2a-96e5-90650aac3f11_1763516596.jpeg?h=225&w=225,
308460692,Purdeys Refocus Dark Fruits Energy Drink 4X250ml,https://www.tesco.com/groceries/en-GB/shop/drinks/all?department=Sports%2C%20Energy%20%26%20Wellness%20Drinks&viewAll=department&page=,£3.50,£0.35/100ml,,,/groceries/en-GB/products/308460692,https://digitalcontent.api.tesco.com/v2/media/ghs/902db6cf-647b-43d8-b156-e3a96836ea7e/aed68db8-9cab-404f-8524-700b2481092d_1050370761.jpeg?h=225&w=225,
277234040,Monster Ripper 4X500ml,https://www.tesco.com/groceries/en-GB/shop/drinks/all?department=Sports%2C%20Energy%20%26%20Wellness%20Drinks&viewAll=department&page=,£5.25,£0.26/100ml,,,/groceries/en-GB/products/277234040,https://digitalcontent.api.tesco.com/v2/media/ghs/238731d7-ab5e-44cd-bad2-44149a1d6666/d10e0446-00f1-4472-9cf0-7162801b35e2_1848068806.jpeg?h=225&w=225,
279855937,For Goodness Shakes Protein Strawberry 475Ml,https://www.tesco.com/groceries/en-GB/shop/drinks/all?department=Sports%2C%20Energy%20%26%20Wellness%20Drinks&viewAll=department&page=,£2.30,£0.48/100ml,,,/groceries/en-GB/products/279855937,https://digitalcontent.api.tesco.com/v2/media/ghs/d66999d2-6a38-48db-bc2a-572041555af8/14ca9705-b75b-47ae-8df4-c28e961709fb_1573828929.jpeg?h=225&w=225,
310187598,Monster Energy Juiced Monarch 500Ml X4,https://www.tesco.com/groceries/en-GB/shop/drinks/all?department=Sports%2C%20Energy%20%26%20Wellness%20Drinks&viewAll=department&page=,£5.25,£0.26/100ml,,,/groceries/en-GB/products/310187598,https://digitalcontent.api.tesco.com/v2/media/ghs/ca314c40-0aa6-4a97-bfd6-101303660b49/8e31f0ea-2899-479d-83d8-d9317928b4f9_1463321299.jpeg?h=225&w=225,
312714905,Goodrays Natural Cbd Raspberry & Guava Drink 4 X 250Ml,https://www.tesco.com/groceries/en-GB/shop/drinks/all?department=Sports%2C%20Energy%20%26%20Wellness%20Drinks&viewAll=department&page=,£7.50,£0.75/100ml,£6.00 Clubcard Price,,/groceries/en-GB/products/312714905,https://digitalcontent.api.tesco.com/v2/media/ghs/93697460-4c0a-42cd-8c1c-ecb38fb014db/53dbce75-918b-43b3-b936-70262764c5f3_854446534.jpeg?h=225&w=225,
312982304,Goodrays Natural Cbd Elderflower & Yuzu Drink 4 X 250Ml,https://www.tesco.com/groceries/en-GB/shop/drinks/all?department=Sports%2C%20Energy%20%26%20Wellness%20Drinks&viewAll=department&page=,£7.50,£0.75/100ml,£6.00 Clubcard Price,,/groceries/en-GB/products/312982304,https://digitalcontent.api.tesco.com/v2/media/ghs/6172848e-7ba4-4a38-a8d6-e8c7f598f0de/9ba1b76e-9851-465f-9c8a-395f540433f9_1035156019.jpeg?h=225&w=225,
307148344,Wow Hydrate Protein Summer Fruits 4X500ml,https://www.tesco.com/groceries/en-GB/shop/drinks/all?department=Sports%2C%20Energy%20%26%20Wellness%20Drinks&viewAll=department&page=,£4.50,£0.22/100ml,,,/groceries/en-GB/products/307148344,https://digitalcontent.api.tesco.com/v2/media/ghs/b4db9bfb-e29c-4a9f-96ed-8511ff3e9754/298aed0b-9980-4df5-8f87-3e8f8151d034_235642188.jpeg?h=225&w=225,
312706339,Goodrays Natural Cbd Blood Orange & Grapefruit Drink 4 X 250Ml,https://www.tesco.com/groceries/en-GB/shop/drinks/all?department=Sports%2C%20Energy%20%26%20Wellness%20Drinks&viewAll=department&page=,£7.50,£0.75/100ml,£6.00 Clubcard Price,,/groceries/en-GB/products/312706339,https://digitalcontent.api.tesco.com/v2/media/ghs/22513237-a01e-4591-b5b5-99f673f653d0/9a7320a7-89db-4830-bb0d-e1a892fce3cf_1833980407.jpeg?h=225&w=225,
303448116,Vita Pressed Coco Coconut Water 1L,https://www.tesco.com/groceries/en-GB/shop/drinks/all?department=Sports%2C%20Energy%20%26%20Wellness%20Drinks&viewAll=department&page=,£4.00,£0.40/100ml,,,/groceries/en-GB/products/303448116,https://digitalcontent.api.tesco.com/v2/media/ghs/e367b46e-9da4-4aa0-9c87-e8e199de0cb2/640195ec-00b6-4618-a1f0-35ccd2b68d9d_1692687639.jpeg?h=225&w=225,
302313519,Alpro Caffe Ethiopian Coffee & Soya Caramel 235Ml,https://www.tesco.com/groceries/en-GB/shop/drinks/all?department=Sports%2C%20Energy%20%26%20Wellness%20Drinks&viewAll=department&page=,£1.80,£0.77/100ml,,,/groceries/en-GB/products/302313519,https://digitalcontent.api.tesco.com/v2/media/ghs/90d5ba57-f40a-44fe-a5c0-e139128e0bd3/af956dc4-b138-42da-9425-c506653c8162.jpeg?h=225&w=225,
312835439,Monster Energy Ultra Rosa Drink 4X500ml,https://www.tesco.com/groceries/en-GB/shop/drinks/all?department=Sports%2C%20Energy%20%26%20Wellness%20Drinks&viewAll=department&page=,£4.85,£0.24/100ml,,,/groceries/en-GB/products/312835439,https://digitalcontent.api.tesco.com/v2/media/ghs/8ec5232e-73c6-4d73-b32f-2478dd7a1141/04f62b3a-f3b0-48c7-969b-31f2081bc39c_594757603.jpeg?h=225&w=225,
309176249,Monster Pacific Punch Energy Drink 4 X 500Ml,https://www.tesco.com/groceries/en-GB/shop/drinks/all?department=Sports%2C%20Energy%20%26%20Wellness%20Drinks&viewAll=department&page=,£5.25,£0.26/100ml,,,/groceries/en-GB/products/309176249,https://digitalcontent.api.tesco.com/v2/media/ghs/137a0afb-bc6c-473e-8c2e-5642acf913e8/82848879-de1d-4e77-8946-449a8698d620_1749605946.jpeg?h=225&w=225,
298026024,Red Bull Energy Drink Sugar Free 473Ml,https://www.tesco.com/groceries/en-GB/shop/drinks/all?department=Sports%2C%20Energy%20%26%20Wellness%20Drinks&viewAll=department&page=,£2.30,£0.49/100ml,"£3.40 Meal Deal Clubcard Price £3.90 Meal Deal Regular Price - Selected Drink, Snack, Wrap, Sandwich, Roll, Pasty Or Salad",,/groceries/en-GB/products/298026024,https://digitalcontent.api.tesco.com/v2/media/ghs/c6ef823c-461a-4af8-a478-ffabc59992ce/16ab407c-abed-408c-9a1a-4519f7d720ab_771215796.jpeg?h=225&w=225,
310692512,Nexba Mixed Berry Kombucha 1L,https://www.tesco.com/groceries/en-GB/shop/drinks/all?department=Sports%2C%20Energy%20%26%20Wellness%20Drinks&viewAll=department&page=,£2.75,£0.28/100ml,£2.00 Clubcard Price,,/groceries/en-GB/products/310692512,https://digitalcontent.api.tesco.com/v2/media/ghs/f0bf3f67-906c-467f-bca3-3d048c992faf/ecc0caf6-e4e6-47bb-b637-f7c9b1cd1fe6_1943792419.jpeg?h=225&w=225,
310665087,Nexba Strawberry & Peach Kombucha Drink 1 Litre,https://www.tesco.com/groceries/en-GB/shop/drinks/all?department=Sports%2C%20Energy%20%26%20Wellness%20Drinks&viewAll=department&page=,£2.75,£0.28/100ml,£2.00 Clubcard Price,,/groceries/en-GB/products/310665087,https://digitalcontent.api.tesco.com/v2/media/ghs/f0f3b98f-bede-459e-80a5-ce0076d71647/4ab06ae4-c79d-4d6f-ac99-5b1ce454d19a_1307371070.jpeg?h=225&w=225,
310667658,Red Bull Sugar Free Strawberry & Apricot Summer Edition 355Ml,https://www.tesco.com/groceries/en-GB/shop/drinks/all?department=Sports%2C%20Energy%20%26%20Wellness%20Drinks&viewAll=department&page=,£1.80,£0.51/100ml,"£3.40 Meal Deal Clubcard Price £3.90 Meal Deal Regular Price - Selected Drink, Snack, Wrap, Sandwich, Roll, Pasty Or Salad",,/groceries/en-GB/products/310667658,https://digitalcontent.api.tesco.com/v2/media/ghs/b5211c3d-f855-40d4-8e2d-f893b50d86e1/708ed039-41af-4664-bf86-b59518ad4aa2_713017208.jpeg?h=225&w=225,
296660151,Get More Multivitamins Sparkling Lemon & Lime 1 Litre,https://www.tesco.com/groceries/en-GB/shop/drinks/all?department=Sports%2C%20Energy%20%26%20Wellness%20Drinks&viewAll=department&page=,£1.80,£0.18/100ml,,,/groceries/en-GB/products/296660151,https://digitalcontent.api.tesco.com/v2/media/ghs/42fb7d11-6a4e-44c1-929a-98774ce0b855/05e60540-6ffa-4273-933c-401e57411661_1800107543.jpeg?h=225&w=225,
304372514,Monster Energy Ultra Paradise 500Ml,https://www.tesco.com/groceries/en-GB/shop/drinks/all?department=Sports%2C%20Energy%20%26%20Wellness%20Drinks&viewAll=department&page=,£1.55,£0.31/100ml,"£3.40 Meal Deal Clubcard Price £3.90 Meal Deal Regular Price - Selected Drink, Snack, Wrap, Sandwich, Roll, Pasty Or Salad",,/groceries/en-GB/products/304372514,https://digitalcontent.api.tesco.com/v2/media/ghs/5b88f04d-24af-436a-9532-745ee79be40c/411ea7ba-ca42-4428-9041-c1be2875a890_776979391.jpeg?h=225&w=225,
305958500,Get More Vitamins B12 Pink Grapefruit Sugar Free Still 1L,https://www.tesco.com/groceries/en-GB/shop/drinks/all?department=Sports%2C%20Energy%20%26%20Wellness%20Drinks&viewAll=department&page=,£1.80,£0.18/100ml,,,/groceries/en-GB/products/305958500,https://digitalcontent.api.tesco.com/v2/media/ghs/f91da9d7-2918-4e89-b160-4f001bec08d6/535a5ac3-6f8c-40a8-96a1-65544824d48a_135974966.jpeg?h=225&w=225,
305988470,"Get More Vitamins Peach & Apricot S/Free, Still 1L",https://www.tesco.com/groceries/en-GB/shop/drinks/all?department=Sports%2C%20Energy%20%26%20Wellness%20Drinks&viewAll=department&page=,£1.80,£0.18/100ml,,,/groceries/en-GB/products/305988470,https://digitalcontent.api.tesco.com/v2/media/ghs/973dfb1b-ff3b-4fb1-9369-e17211b243c7/4f91925a-ff91-4cfa-8e25-894fb9f4ed51_71423200.jpeg?h=225&w=225,
310675343,Monster Energy Juiced Monarch 500Ml,https://www.tesco.com/groceries/en-GB/shop/drinks/all?department=Sports%2C%20Energy%20%26%20Wellness%20Drinks&viewAll=department&page=,£1.65,£0.33/100ml,"£3.40 Meal Deal Clubcard Price £3.90 Meal Deal Regular Price - Selected Drink, Snack, Wrap, Sandwich, Roll, Pasty Or Salad",,/groceries/en-GB/products/310675343,https://digitalcontent.api.tesco.com/v2/media/ghs/77bf945a-8fef-45aa-b881-758983c133da/3e4ce90c-bbc7-4659-919c-af6761c4d168_1131984918.jpeg?h=225&w=225,
292215645,Lucozade Energy Zero Pink Lemonade 500Ml,https://www.tesco.com/groceries/en-GB/shop/drinks/all?department=Sports%2C%20Energy%20%26%20Wellness%20Drinks&viewAll=department&page=,£1.60,£0.32/100ml,"£3.40 Meal Deal Clubcard Price £3.90 Meal Deal Regular Price - Selected Drink, Snack, Wrap, Sandwich, Roll, Pasty Or Salad",,/groceries/en-GB/products/292215645,https://digitalcontent.api.tesco.com/v2/media/ghs/67368713-0814-4022-9ff2-d468c8df29b2/3e9be865-9560-4b92-87d2-241f88852342_952594156.jpeg?h=225&w=225,
307342223,Monster Energy Ultra Fiesta 500Ml,https://www.tesco.com/groceries/en-GB/shop/drinks/all?department=Sports%2C%20Energy%20%26%20Wellness%20Drinks&viewAll=department&page=,£1.55,£0.31/100ml,"£3.40 Meal Deal Clubcard Price £3.90 Meal Deal Regular Price - Selected Drink, Snack, Wrap, Sandwich, Roll, Pasty Or Salad",,/groceries/en-GB/products/307342223,https://digitalcontent.api.tesco.com/v2/media/ghs/1ee120c9-eda8-4aa7-a207-54de52b3b675/42e7119e-f544-4cdf-81d0-9a3ca9aacc90_1706297544.jpeg?h=225&w=225,
259153617,Red Bull Energy Drink 250Ml,https://www.tesco.com/groceries/en-GB/shop/drinks/all?department=Sports%2C%20Energy%20%26%20Wellness%20Drinks&viewAll=department&page=,£1.50,£0.60/100ml,"£3.40 Meal Deal Clubcard Price £3.90 Meal Deal Regular Price - Selected Drink, Snack, Wrap, Sandwich, Roll, Pasty Or Salad",,/groceries/en-GB/products/259153617,https://digitalcontent.api.tesco.com/v2/media/ghs/cd455f40-c4c4-4498-a988-e0467f7c9dcc/7a7fefd8-b73c-4fe5-9cc7-e39822e796d3_632370232.jpeg?h=225&w=225,
304386636,Tenzing Energy Drink Raspberry & Yuzu 250Ml,https://www.tesco.com/groceries/en-GB/shop/drinks/all?department=Sports%2C%20Energy%20%26%20Wellness%20Drinks&viewAll=department&page=,£1.45,£0.58/100ml,"£3.40 Meal Deal Clubcard Price £3.90 Meal Deal Regular Price - Selected Drink, Snack, Wrap, Sandwich, Roll, Pasty Or Salad",,/groceries/en-GB/products/304386636,https://digitalcontent.api.tesco.com/v2/media/ghs/a3f00425-72e5-4892-9697-a0661a8de156/8f0eb65b-454b-4ae3-8c81-74109450cb7d_748579478.jpeg?h=225&w=225,
310100391,Lucozade Alert Cherry Blast 500Ml,https://www.tesco.com/groceries/en-GB/shop/drinks/all?department=Sports%2C%20Energy%20%26%20Wellness%20Drinks&viewAll=department&page=,£1.55,£0.31/100ml,"£3.40 Meal Deal Clubcard Price £3.90 Meal Deal Regular Price - Selected Drink, Snack, Wrap, Sandwich, Roll, Pasty Or Salad",,/groceries/en-GB/products/310100391,https://digitalcontent.api.tesco.com/v2/media/ghs/965728b1-9f39-4909-985d-798db8d9b0f6/18d7b96e-d4c4-4c41-9433-0cc7a1b1741e_202001736.jpeg?h=225&w=225,
262001206,Lucozade Sport Raspberry 500Ml,https://www.tesco.com/groceries/en-GB/shop/drinks/all?department=Sports%2C%20Energy%20%26%20Wellness%20Drinks&viewAll=department&page=,£1.60,£0.32/100ml,"£3.40 Meal Deal Clubcard Price £3.90 Meal Deal Regular Price - Selected Drink, Snack, Wrap, Sandwich, Roll, Pasty Or Salad",,/groceries/en-GB/products/262001206,https://digitalcontent.api.tesco.com/v2/media/ghs/c5e0402d-a7e3-48b7-aef9-e23410beec00/325beff0-29e1-4341-9c22-661939c2636f_1319597245.jpeg?h=225&w=225,
256128751,Red Bull Sugar Free Energy Drink 250Ml,https://www.tesco.com/groceries/en-GB/shop/drinks/all?department=Sports%2C%20Energy%20%26%20Wellness%20Drinks&viewAll=department&page=,£1.40,£0.56/100ml,"£3.40 Meal Deal Clubcard Price £3.90 Meal Deal Regular Price - Selected Drink, Snack, Wrap, Sandwich, Roll, Pasty Or Salad",,/groceries/en-GB/products/256128751,https://digitalcontent.api.tesco.com/v2/media/ghs/49dedf8d-64e2-4431-8056-74b927c831b6/5ccaef00-aae2-4a35-b723-b5eb2e0664df_1463849066.jpeg?h=225&w=225,
278002866,Get More Vitamin D 500 Ml,https://www.tesco.com/groceries/en-GB/shop/drinks/all?department=Sports%2C%20Energy%20%26%20Wellness%20Drinks&viewAll=department&page=,£1.25,£0.25/100ml,"£3.40 Meal Deal Clubcard Price £3.90 Meal Deal Regular Price - Selected Drink, Snack, Wrap, Sandwich, Roll, Pasty Or Salad",,/groceries/en-GB/products/278002866,https://digitalcontent.api.tesco.com/v2/media/ghs/d7cbe7ea-10af-4c07-aaed-ad7952d08461/d0308280-62f0-46c6-89fa-2ebbb21bcf66_317928373.jpeg?h=225&w=225,
303068047,Monster Pipeline Punch 500Ml,https://www.tesco.com/groceries/en-GB/shop/drinks/all?department=Sports%2C%20Energy%20%26%20Wellness%20Drinks&viewAll=department&page=,£1.65,£0.33/100ml,"£3.40 Meal Deal Clubcard Price £3.90 Meal Deal Regular Price - Selected Drink, Snack, Wrap, Sandwich, Roll, Pasty Or Salad",,/groceries/en-GB/products/303068047,https://digitalcontent.api.tesco.com/v2/media/ghs/407eb66e-ee92-4e5e-ba40-25b77b9c4a40/71f6576b-b421-49c8-9658-57b15ef02147_2012100590.jpeg?h=225&w=225,
310146342,Get More Vitamins B Vitamin Still Apple & Raspberry 1L,https://www.tesco.com/groceries/en-GB/shop/drinks/all?department=Sports%2C%20Energy%20%26%20Wellness%20Drinks&viewAll=department&page=,£1.80,£0.18/100ml,,,/groceries/en-GB/products/310146342,https://digitalcontent.api.tesco.com/v2/media/ghs/f014c07c-19e8-4095-b869-3552b10bc941/bfb225a6-7bad-40f8-af08-c45c6151e2f6_919798485.jpeg?h=225&w=225,
302012052,Get More Vitamins Recovery Cranberry 500Ml,https://www.tesco.com/groceries/en-GB/shop/drinks/all?department=Sports%2C%20Energy%20%26%20Wellness%20Drinks&viewAll=department&page=,£1.25,£0.25/100ml,"£3.40 Meal Deal Clubcard Price £3.90 Meal Deal Regular Price - Selected Drink, Snack, Wrap, Sandwich, Roll, Pasty Or Salad",,/groceries/en-GB/products/302012052,https://digitalcontent.api.tesco.com/v2/media/ghs/337ea358-a50a-46ab-baba-a58c6a951302/c4faa46b-6ff7-4d44-8105-eeab86214e80_1716339117.jpeg?h=225&w=225,
306500418,Rockstar Juiced Tropical Punched Juice 500Ml,https://www.tesco.com/groceries/en-GB/shop/drinks/all?department=Sports%2C%20Energy%20%26%20Wellness%20Drinks&viewAll=department&page=,£1.00,£0.20/100ml,"£3.40 Meal Deal Clubcard Price £3.90 Meal Deal Regular Price - Selected Drink, Snack, Wrap, Sandwich, Roll, Pasty Or Salad",,/groceries/en-GB/products/306500418,https://digitalcontent.api.tesco.com/v2/media/ghs/60d8d5c9-a910-41cc-8dfb-e3e6e7322fe2/385b58e7-16ea-48d3-8632-16e8f098ccf9_1318191948.jpeg?h=225&w=225,
305056818,Rockstar Juiced Enery El Mango 500Ml,https://www.tesco.com/groceries/en-GB/shop/drinks/all?department=Sports%2C%20Energy%20%26%20Wellness%20Drinks&viewAll=department&page=,£1.00,£0.20/100ml,"£3.40 Meal Deal Clubcard Price £3.90 Meal Deal Regular Price - Selected Drink, Snack, Wrap, Sandwich, Roll, Pasty Or Salad",,/groceries/en-GB/products/305056818,https://digitalcontent.api.tesco.com/v2/media/ghs/c88ca101-c2c7-4d11-ad9b-9ac9cdc12c71/a908835d-e434-4a77-a9c3-feb235111b5d_663929673.jpeg?h=225&w=225,
272582527,Rockstar Punched Tropical Guava Drink 500Ml,https://www.tesco.com/groceries/en-GB/shop/drinks/all?department=Sports%2C%20Energy%20%26%20Wellness%20Drinks&viewAll=department&page=,£1.00,£0.20/100ml,"£3.40 Meal Deal Clubcard Price £3.90 Meal Deal Regular Price - Selected Drink, Snack, Wrap, Sandwich, Roll, Pasty Or Salad",,/groceries/en-GB/products/272582527,https://digitalcontent.api.tesco.com/v2/media/ghs/2766428c-d52f-4132-a093-585d166ced9d/959c3eba-f3d6-469c-b2d4-5cfdf910ca34_1589196388.jpeg?h=225&w=225,
308839591,Rubicon Raw Energy Raspberry Blueberry 500Ml,https://www.tesco.com/groceries/en-GB/shop/drinks/all?department=Sports%2C%20Energy%20%26%20Wellness%20Drinks&viewAll=department&page=,£1.40,£0.28/100ml,"£3.40 Meal Deal Clubcard Price £3.90 Meal Deal Regular Price - Selected Drink, Snack, Wrap, Sandwich, Roll, Pasty Or Salad",,/groceries/en-GB/products/308839591,https://digitalcontent.api.tesco.com/v2/media/ghs/7fb6b847-97ef-4ae0-89c6-03b941eab934/22f27b8a-a8a4-40ac-87cf-57e6b908c308_1399218924.jpeg?h=225&w=225,
308831674,Rubicon Raw Energy Orange & Mango Drink 500Ml,https://www.tesco.com/groceries/en-GB/shop/drinks/all?department=Sports%2C%20Energy%20%26%20Wellness%20Drinks&viewAll=department&page=,£1.40,£0.28/100ml,"£3.40 Meal Deal Clubcard Price £3.90 Meal Deal Regular Price - Selected Drink, Snack, Wrap, Sandwich, Roll, Pasty Or Salad",,/groceries/en-GB/products/308831674,https://digitalcontent.api.tesco.com/v2/media/ghs/f3b5daec-bae8-4ae7-a0c8-052fc9fe4113/36a6a8ef-960c-419a-ac90-bc82baf83dcb_1979498738.jpeg?h=225&w=225,
310152098,Tenzing Energy Drink Pineapple & Passion Fruit 4X330ml,https://www.tesco.com/groceries/en-GB/shop/drinks/all?department=Sports%2C%20Energy%20%26%20Wellness%20Drinks&viewAll=department&page=,£6.70,£0.51/100ml,,,/groceries/en-GB/products/310152098,https://digitalcontent.api.tesco.com/v2/media/ghs/75882dcc-e305-49f2-98eb-a505a7eaca1f/b3cdd64b-7da5-4ee3-8d7a-14386b192a1b_86835574.jpeg?h=225&w=225,
312997742,Acti+ Zero Sugar Blood Orange Drink 4X250ml,https://www.tesco.com/groceries/en-GB/shop/drinks/all?department=Sports%2C%20Energy%20%26%20Wellness%20Drinks&viewAll=department&page=,£5.00,£0.50/100ml,£4.00 Clubcard Price,,/groceries/en-GB/products/312997742,https://digitalcontent.api.tesco.com/v2/media/ghs-mktg/b0b04216-fa73-466d-a9d7-c9fcfa1ce9b3/no-image.jpeg,
312833418,Virtue Clean Energy Berries Drink 4X250ml,https://www.tesco.com/groceries/en-GB/shop/drinks/all?department=Sports%2C%20Energy%20%26%20Wellness%20Drinks&viewAll=department&page=,£5.00,£0.50/100ml,,,/groceries/en-GB/products/312833418,https://digitalcontent.api.tesco.com/v2/media/ghs/01172bb3-f27a-4c4b-be3f-261a7c8cd804/989db58e-f01f-4874-9719-cf0b13031748_1447997541.jpeg?h=225&w=225,
310091486,Tenzing Energy Drink Raspberry & Yuzu 4X250ml,https://www.tesco.com/groceries/en-GB/shop/drinks/all?department=Sports%2C%20Energy%20%26%20Wellness%20Drinks&viewAll=department&page=,£5.00,£0.50/100ml,,,/groceries/en-GB/products/310091486,https://digitalcontent.api.tesco.com/v2/media/ghs/c7251eb0-7563-463c-b9f7-ccc9fee6e6af/d067d4a4-274b-4889-ba69-78ee03a6bc77_144244003.jpeg?h=225&w=225,
302054105,Tenzing Natural Energy Cans 4X250ml,https://www.tesco.com/groceries/en-GB/shop/drinks/all?department=Sports%2C%20Energy%20%26%20Wellness%20Drinks&viewAll=department&page=,£5.00,£0.50/100ml,,,/groceries/en-GB/products/302054105,https://digitalcontent.api.tesco.com/v2/media/ghs/c3bcd6af-542a-4aaa-b0b7-cefb35b190a4/24561285-1114-40fc-a1b0-b2c364a3d75f_347194038.jpeg?h=225&w=225,
310178488,Activit Tropical Drink 330Ml X4,https://www.tesco.com/groceries/en-GB/shop/drinks/all?department=Sports%2C%20Energy%20%26%20Wellness%20Drinks&viewAll=department&page=,£4.50,£0.34/100ml,,,/groceries/en-GB/products/310178488,https://digitalcontent.api.tesco.com/v2/media/ghs/c7a35eed-7dcf-40bc-b900-4ae99ad9986b/9c7bd4b5-4848-494a-8a8a-c24feef20947_1952373139.jpeg?h=225&w=225,
309758402,Activit Drink Blackcurrant Apple & Raspberry 4X330ml,https://www.tesco.com/groceries/en-GB/shop/drinks/all?department=Sports%2C%20Energy%20%26%20Wellness%20Drinks&viewAll=department&page=,£4.50,£0.34/100ml,,,/groceries/en-GB/products/309758402,https://digitalcontent.api.tesco.com/v2/media/ghs/5649d3c9-8d28-4d36-b096-277a204c5f49/5a99a44b-6870-46fb-abe8-169628350ed7_590548347.jpeg?h=225&w=225,
310131463,Rubicon Raw Energy Raspberry /Blberry 4X500ml,https://www.tesco.com/groceries/en-GB/shop/drinks/all?department=Sports%2C%20Energy%20%26%20Wellness%20Drinks&viewAll=department&page=,£4.60,£0.23/100ml,,,/groceries/en-GB/products/310131463,https://digitalcontent.api.tesco.com/v2/media/ghs/51dbb2f5-a538-4699-a47d-5b042e70639f/7db6fb82-b3b0-441e-9385-2e0046e6d58c_907438874.jpeg?h=225&w=225,
310662433,Activit Lemon Lime & Orange Sparkling Water 4 X 330Ml,https://www.tesco.com/groceries/en-GB/shop/drinks/all?department=Sports%2C%20Energy%20%26%20Wellness%20Drinks&viewAll=department&page=,£4.50,£0.34/100ml,,,/groceries/en-GB/products/310662433,https://digitalcontent.api.tesco.com/v2/media/ghs/62fdbec7-4304-48f2-a689-82bf64a41994/b4010e5c-2ac7-403f-bc9c-f8cd1b84897c_69721116.jpeg?h=225&w=225,
310138513,Rubicon Raw Energy Orange & Mango 4 X 500Ml,https://www.tesco.com/groceries/en-GB/shop/drinks/all?department=Sports%2C%20Energy%20%26%20Wellness%20Drinks&viewAll=department&page=,£4.60,£0.23/100ml,,,/groceries/en-GB/products/310138513,https://digitalcontent.api.tesco.com/v2/media/ghs/13dad279-925b-4016-9fe9-6be308283089/7153492a-f1a3-4b04-8dbb-db5682238a69_435204444.jpeg?h=225&w=225,
307136151,Wow Hydrate Protein Tropical 4X500ml,https://www.tesco.com/groceries/en-GB/shop/drinks/all?department=Sports%2C%20Energy%20%26%20Wellness%20Drinks&viewAll=department&page=,£4.50,£0.22/100ml,,,/groceries/en-GB/products/307136151,https://digitalcontent.api.tesco.com/v2/media/ghs/8a8b8f29-3107-4f82-9a6b-3edebb3a1bbf/c81c036f-a0c1-4f72-bf15-d65064dce487_129253919.jpeg?h=225&w=225,
312995266,Virtue Clean Energy Tropical Drink 4X250ml,https://www.tesco.com/groceries/en-GB/shop/drinks/all?department=Sports%2C%20Energy%20%26%20Wellness%20Drinks&viewAll=department&page=,£5.00,£0.50/100ml,,,/groceries/en-GB/products/312995266,https://digitalcontent.api.tesco.com/v2/media/ghs/3eb77f81-4318-4e02-a781-544015b957fa/e1a5d991-6798-4aa6-b529-87687ab2b520_111877838.jpeg?h=225&w=225,
310670279,Red Bull The Red Edition Watermelon 355Ml,https://www.tesco.com/groceries/en-GB/shop/drinks/all?department=Sports%2C%20Energy%20%26%20Wellness%20Drinks&viewAll=department&page=,£1.90,£0.54/100ml,"£3.40 Meal Deal Clubcard Price £3.90 Meal Deal Regular Price - Selected Drink, Snack, Wrap, Sandwich, Roll, Pasty Or Salad",,/groceries/en-GB/products/310670279,https://digitalcontent.api.tesco.com/v2/media/ghs/aa55a0ed-36be-41ff-b15e-9d22367f4605/3a101a65-9e68-404c-9a92-fe148eef1b99_680170138.jpeg?h=225&w=225,
310115379,Lucozade Alert Original 500Ml,https://www.tesco.com/groceries/en-GB/shop/drinks/all?department=Sports%2C%20Energy%20%26%20Wellness%20Drinks&viewAll=department&page=,£1.55,£0.31/100ml,"£3.40 Meal Deal Clubcard Price £3.90 Meal Deal Regular Price - Selected Drink, Snack, Wrap, Sandwich, Roll, Pasty Or Salad",,/groceries/en-GB/products/310115379,https://digitalcontent.api.tesco.com/v2/media/ghs/1732e1eb-8183-48ac-9fb4-18ff08d5fc69/3b2a9576-b928-42e2-a06e-fd46d9e7823e_454529727.jpeg?h=225&w=225,
310161717,Red Bull Sugar Free The Red Edition Watermelon 355Ml,https://www.tesco.com/groceries/en-GB/shop/drinks/all?department=Sports%2C%20Energy%20%26%20Wellness%20Drinks&viewAll=department&page=,£1.80,£0.51/100ml,"£3.40 Meal Deal Clubcard Price £3.90 Meal Deal Regular Price - Selected Drink, Snack, Wrap, Sandwich, Roll, Pasty Or Salad",,/groceries/en-GB/products/310161717,https://digitalcontent.api.tesco.com/v2/media/ghs/36f613db-730c-450a-9f3a-cac63233a16c/2be34748-8539-4ad2-ba78-14db3d8039c4_1825856986.jpeg?h=225&w=225,
310678567,Red Bull Sugar Free The Tropical Edition 355Ml,https://www.tesco.com/groceries/en-GB/shop/drinks/all?department=Sports%2C%20Energy%20%26%20Wellness%20Drinks&viewAll=department&page=,£1.80,£0.51/100ml,"£3.40 Meal Deal Clubcard Price £3.90 Meal Deal Regular Price - Selected Drink, Snack, Wrap, Sandwich, Roll, Pasty Or Salad",,/groceries/en-GB/products/310678567,https://digitalcontent.api.tesco.com/v2/media/ghs/398e0b40-e4eb-4ea8-ad09-df5ee49b5f91/817c60f4-ee44-481f-8089-67d4a953e518_954697441.jpeg?h=225&w=225,
310690439,Monster Energy Ultra Watermelon Drink 500Ml,https://www.tesco.com/groceries/en-GB/shop/drinks/all?department=Sports%2C%20Energy%20%26%20Wellness%20Drinks&viewAll=department&page=,£1.55,£0.31/100ml,"£3.40 Meal Deal Clubcard Price £3.90 Meal Deal Regular Price - Selected Drink, Snack, Wrap, Sandwich, Roll, Pasty Or Salad",,/groceries/en-GB/products/310690439,https://digitalcontent.api.tesco.com/v2/media/ghs/cf8d0fe4-efd4-429f-8a94-56c0ac6f64f3/1992c6a6-2067-421a-8e11-d86d9939f9d7_1231673467.jpeg?h=225&w=225,
311669833,Monster Energy Ultra Gold Drink 500Ml,https://www.tesco.com/groceries/en-GB/shop/drinks/all?department=Sports%2C%20Energy%20%26%20Wellness%20Drinks&viewAll=department&page=,£1.55,£0.31/100ml,"£3.40 Meal Deal Clubcard Price £3.90 Meal Deal Regular Price - Selected Drink, Snack, Wrap, Sandwich, Roll, Pasty Or Salad",,/groceries/en-GB/products/311669833,https://digitalcontent.api.tesco.com/v2/media/ghs/5c17282c-1227-4454-b188-833247d96a90/fb1393c4-2865-4387-9341-d52b820ad450_1255440734.jpeg?h=225&w=225,
311690616,Remedy Kombucha Raspberry Lemonade Sugar Free 250Ml,https://www.tesco.com/groceries/en-GB/shop/drinks/all?department=Sports%2C%20Energy%20%26%20Wellness%20Drinks&viewAll=department&page=,£1.60,£0.64/100ml,"£3.40 Meal Deal Clubcard Price £3.90 Meal Deal Regular Price - Selected Drink, Snack, Wrap, Sandwich, Roll, Pasty Or Salad",,/groceries/en-GB/products/311690616,https://digitalcontent.api.tesco.com/v2/media/ghs/48da9d6d-a2b8-4ad4-928d-6685ed4ddda2/75d190c7-4487-4c16-9980-381963178f06_1019337295.jpeg?h=225&w=225,
311432900,Remedy Kombucha Wild Berry 250Ml,https://www.tesco.com/groceries/en-GB/shop/drinks/all?department=Sports%2C%20Energy%20%26%20Wellness%20Drinks&viewAll=department&page=,£1.60,£0.64/100ml,"£3.40 Meal Deal Clubcard Price £3.90 Meal Deal Regular Price - Selected Drink, Snack, Wrap, Sandwich, Roll, Pasty Or Salad",,/groceries/en-GB/products/311432900,https://digitalcontent.api.tesco.com/v2/media/ghs/03fc76a2-0f27-46ce-8ce5-9b12a51671a3/94b3b8ed-ac27-4f58-b809-b0efda6a95d7_1024017445.jpeg?h=225&w=225,
296660116,Tenzing Natural Energy Drink 250Ml,https://www.tesco.com/groceries/en-GB/shop/drinks/all?department=Sports%2C%20Energy%20%26%20Wellness%20Drinks&viewAll=department&page=,£1.45,£0.58/100ml,"£3.40 Meal Deal Clubcard Price £3.90 Meal Deal Regular Price - Selected Drink, Snack, Wrap, Sandwich, Roll, Pasty Or Salad",,/groceries/en-GB/products/296660116,https://digitalcontent.api.tesco.com/v2/media/ghs/2291328c-a72a-455a-a82a-78e281a0c93c/1d298cb1-c554-48d3-b99a-0d8c310a27f5_320224914.jpeg?h=225&w=225,
308473544,Purdey's Refocus Natural Energy Dark Fruit Drink 330Ml,https://www.tesco.com/groceries/en-GB/shop/drinks/all?department=Sports%2C%20Energy%20%26%20Wellness%20Drinks&viewAll=department&page=,£1.50,£0.46/100ml,"£3.40 Meal Deal Clubcard Price £3.90 Meal Deal Regular Price - Selected Drink, Snack, Wrap, Sandwich, Roll, Pasty Or Salad",,/groceries/en-GB/products/308473544,https://digitalcontent.api.tesco.com/v2/media/ghs/4f8578f5-27bd-42a1-8eaf-e7422864b696/074ec0fa-001c-49e8-be4b-d6146a5cd36b_1753644320.jpeg?h=225&w=225,
311950197,Get More Vitamins Vitamin C Orange Sugar Free 1Ltr,https://www.tesco.com/groceries/en-GB/shop/drinks/all?department=Sports%2C%20Energy%20%26%20Wellness%20Drinks&viewAll=department&page=,£1.50,£0.15/100ml,,,/groceries/en-GB/products/311950197,https://digitalcontent.api.tesco.com/v2/media/ghs/e43efc57-d8b5-4cff-86b5-2138087ca8f6/31fceefb-36cf-43ab-bb8e-b6ea104bf4c4_269236607.jpeg?h=225&w=225,
313004707,Acti+ Zero Sugar Strawberry & Dragon Fruit 4X250ml,https://www.tesco.com/groceries/en-GB/shop/drinks/all?department=Sports%2C%20Energy%20%26%20Wellness%20Drinks&viewAll=department&page=,£5.00,£0.50/100ml,£4.00 Clubcard Price,,/groceries/en-GB/products/313004707,https://digitalcontent.api.tesco.com/v2/media/ghs-mktg/b0b04216-fa73-466d-a9d7-c9fcfa1ce9b3/no-image.jpeg,
304385597,Lucozade Sport Fruit Punch 4X500ml,https://www.tesco.com/groceries/en-GB/shop/drinks/all?department=Sports%2C%20Energy%20%26%20Wellness%20Drinks&viewAll=department&page=,£3.00,£0.15/100ml,,,/groceries/en-GB/products/304385597,https://digitalcontent.api.tesco.com/v2/media/ghs/c814e650-ea69-45de-b174-0e1bd9c1fbb8/a9f10bde-1391-4758-a5a3-9fb6c13380a2_1525374756.jpeg?h=225&w=225,
309474668,Huel Ready To Drink Chocolate 500Ml,https://www.tesco.com/groceries/en-GB/shop/drinks/all?department=Milkshake&viewAll=department&page=,£3.50,£0.70/100ml,,,/groceries/en-GB/products/309474668,https://digitalcontent.api.tesco.com/v2/media/ghs/7c368b81-beec-40cc-8bb2-d5c018eb41ff/b4fe9da2-0de0-424a-9bb0-08877abe3126_1254610910.jpeg?h=225&w=225,
283924539,Emmi Caffe Latte Cappuccino Mr Big 370Ml,https://www.tesco.com/groceries/en-GB/shop/drinks/all?department=Milkshake&viewAll=department&page=,£2.65,£0.72/100ml,£2.00 Clubcard Price,,/groceries/en-GB/products/283924539,https://digitalcontent.api.tesco.com/v2/media/ghs/0410d223-0ee8-436e-b364-82a330a79e32/8dcab844-fb24-4005-aa56-c0c12abbb67c.jpeg?h=225&w=225,
277569409,Starbucks Skinny Latte 220Ml,https://www.tesco.com/groceries/en-GB/shop/drinks/all?department=Milkshake&viewAll=department&page=,£2.10,£0.96/100ml,£1.50 Clubcard Price,,/groceries/en-GB/products/277569409,https://digitalcontent.api.tesco.com/v2/media/ghs/f00b69b7-361c-470b-8433-49f3eb74f34c/1431f37e-761d-4e3c-958b-fd3b7ee0d20b.jpeg?h=225&w=225,
266891815,Starbucks Caramel Macchiato 220Ml,https://www.tesco.com/groceries/en-GB/shop/drinks/all?department=Milkshake&viewAll=department&page=,£2.10,£0.96/100ml,£1.50 Clubcard Price,,/groceries/en-GB/products/266891815,https://digitalcontent.api.tesco.com/v2/media/ghs/6ab11285-c3bc-4f47-9b66-ee617398abd5/1d666598-112a-4d4c-8604-9bfda4f397df.jpeg?h=225&w=225,
254483672,Nesquik Chocolate Powder 500G,https://www.tesco.com/groceries/en-GB/shop/drinks/all?department=Milkshake&viewAll=department&page=,£4.00,£0.80/100g,,,/groceries/en-GB/products/254483672,https://digitalcontent.api.tesco.com/v2/media/ghs/98c04dc6-353d-40b2-9de0-fa81e26e0026/71be3a48-35bf-4bf3-8bad-1f33d616b99c_1295537791.jpeg?h=225&w=225,
312844486,Chocomel Chocolate Flavoured Milk 1L,https://www.tesco.com/groceries/en-GB/shop/drinks/all?department=Milkshake&viewAll=department&page=,£3.00,£0.30/100ml,£2.00 Clubcard Price,,/groceries/en-GB/products/312844486,https://digitalcontent.api.tesco.com/v2/media/ghs/18f14835-a5a6-4606-8dde-2c5ebb0a2de0/b348623c-de45-48f2-ab85-3a8db19b7cd4_53037632.jpeg?h=225&w=225,
306504230,Ufit High Protein Milkshake Drink Strawberry 330Ml,https://www.tesco.com/groceries/en-GB/shop/drinks/all?department=Milkshake&viewAll=department&page=,£2.00,£0.61/100ml,,,/groceries/en-GB/products/306504230,https://digitalcontent.api.tesco.com/v2/media/ghs/fd61e11f-c348-45d8-bdd8-6aa26a2eef4a/31260563-6e8f-418b-8584-e22e88b64c17_295954728.jpeg?h=225&w=225,
300661887,Arctic Coffee Cafe Latte 330Ml,https://www.tesco.com/groceries/en-GB/shop/drinks/all?department=Milkshake&viewAll=department&page=,£1.10,£0.33/100ml,,,/groceries/en-GB/products/300661887,https://digitalcontent.api.tesco.com/v2/media/ghs/814fd6be-e2d9-42fe-ba6d-6c3998f56ed3/edf7cdab-2009-4825-a5b3-f5e5423e2adb_1212134957.jpeg?h=225&w=225,
309758349,Huel Ready To Drink Vanilla 500Ml,https://www.tesco.com/groceries/en-GB/shop/drinks/all?department=Milkshake&viewAll=department&page=,£3.50,£0.70/100ml,,,/groceries/en-GB/products/309758349,https://digitalcontent.api.tesco.com/v2/media/ghs/d61360af-4fb7-4835-a577-f70368f8b8a5/877a9f72-46b3-4ade-b9ab-996dc1d936fe_1637098412.jpeg?h=225&w=225,
311953151,Nesquik Banana Flavoured Milkshake Mix 500G,https://www.tesco.com/groceries/en-GB/shop/drinks/all?department=Milkshake&viewAll=department&page=,£4.00,£0.80/100g,,,/groceries/en-GB/products/311953151,https://digitalcontent.api.tesco.com/v2/media/ghs/7f14cac2-e5c1-4e95-9504-d90debfc6955/876d8fae-7f47-4ee0-af94-09745c81b197_1740329367.jpeg?h=225&w=225,
279846240,For Goodness Shakes Protein Chocolate 475Ml,https://www.tesco.com/groceries/en-GB/shop/drinks/all?department=Milkshake&viewAll=department&page=,£2.30,£0.48/100ml,,,/groceries/en-GB/products/279846240,https://digitalcontent.api.tesco.com/v2/media/ghs/a6d0c27f-765a-42ca-9afb-ec4c912a100c/40b115d9-fd90-4001-b1b3-9246c596c6b4_1857118271.jpeg?h=225&w=225,
308115508,Ufit High Protein Milkshake White Chocolate Flavoured 330Ml,https://www.tesco.com/groceries/en-GB/shop/drinks/all?department=Milkshake&viewAll=department&page=,£2.00,£0.61/100ml,,,/groceries/en-GB/products/308115508,https://digitalcontent.api.tesco.com/v2/media/ghs/c0778454-5ef3-46b0-b73f-d7ce536606d0/517148a9-1435-41ca-9c87-80ba13744ddb_1347172515.jpeg?h=225&w=225,
254483948,Nesquik Strawberry Powder 500G,https://www.tesco.com/groceries/en-GB/shop/drinks/all?department=Milkshake&viewAll=department&page=,£4.00,£0.80/100g,,,/groceries/en-GB/products/254483948,https://digitalcontent.api.tesco.com/v2/media/ghs/198866ac-233c-4748-9d4b-4b2fb91f93d1/1502a1f9-ed8c-4a44-ba64-5c3270e7b808_933440232.jpeg?h=225&w=225,
293754713,Mars Chocolate Flavoured Milk Drink No Added Sugar 400Ml,https://www.tesco.com/groceries/en-GB/shop/drinks/all?department=Milkshake&viewAll=department&page=,£1.50,£0.38/100ml,,,/groceries/en-GB/products/293754713,https://digitalcontent.api.tesco.com/v2/media/ghs/f987848e-debb-4d8d-b8d8-15661ef69a7d/74a41cdf-8c33-4114-a47f-055aeaa655fe_2012688319.jpeg?h=225&w=225,
305946232,Arctic Coffee Cafe Latte 1 Litre,https://www.tesco.com/groceries/en-GB/shop/drinks/all?department=Milkshake&viewAll=department&page=,£2.00,£0.20/100ml,,,/groceries/en-GB/products/305946232,https://digitalcontent.api.tesco.com/v2/media/ghs/098ba83c-f1a3-41fc-885e-a8c3e3301a53/69278f6f-3dbd-40cd-8398-952efa1c5ad1_1730975734.jpeg?h=225&w=225,
297794371,Frijj Chocolate Milkshake 400Ml,https://www.tesco.com/groceries/en-GB/shop/drinks/all?department=Milkshake&viewAll=department&page=,£1.25,£0.31/100ml,,,/groceries/en-GB/products/297794371,https://digitalcontent.api.tesco.com/v2/media/ghs/968618cb-4016-432e-8cb8-eb44cf9fe726/9bc8a9b3-45f0-4c34-bdcc-353389603c75_500121510.jpeg?h=225&w=225,
309198389,Coffee & Milk Latte Caramel Macchiato Iced Coffee 250Ml,https://www.tesco.com/groceries/en-GB/shop/drinks/all?department=Milkshake&viewAll=department&page=,£0.85,£0.34/100ml,,,/groceries/en-GB/products/309198389,https://digitalcontent.api.tesco.com/v2/media/ghs/338cef8d-d535-46ec-ab45-78be622f2bf1/6fcca10f-13da-46ec-97b9-bd3f49ab2872_2123530620.jpeg?h=225&w=225,
309175170,Coffee & Milk Latte Cappuccino Iced Coffee 250Ml,https://www.tesco.com/groceries/en-GB/shop/drinks/all?department=Milkshake&viewAll=department&page=,£0.85,£0.34/100ml,,,/groceries/en-GB/products/309175170,https://digitalcontent.api.tesco.com/v2/media/ghs/099bce9f-29a0-4e6c-b23a-c8faf6d6248a/6497e4c6-b60d-4a5f-b6c5-31192e09685f_1552295497.jpeg?h=225&w=225,
306493016,Arctic Coffee Caramel Latte 1L,https://www.tesco.com/groceries/en-GB/shop/drinks/all?department=Milkshake&viewAll=department&page=,£2.00,£0.20/100ml,,,/groceries/en-GB/products/306493016,https://digitalcontent.api.tesco.com/v2/media/ghs/05b1bc8e-a962-4cca-9171-77fec2aa20bd/ebe7f39c-94db-45c4-a1ef-bf1436b28cd7_2033503404.jpeg?h=225&w=225,
302300689,Shaken Udder Chocolush Milk Shake 750Ml,https://www.tesco.com/groceries/en-GB/shop/drinks/all?department=Milkshake&viewAll=department&page=,£2.45,£0.33/100ml,,,/groceries/en-GB/products/302300689,https://digitalcontent.api.tesco.com/v2/media/ghs/3661a2b9-7831-4994-9af2-23a95d26c968/8068d3f4-40cd-4f00-997e-13003ad9a61e.jpeg?h=225&w=225,
289724916,Crusha Strawberry No Added Sugar 500Ml,https://www.tesco.com/groceries/en-GB/shop/drinks/all?department=Milkshake&viewAll=department&page=,£2.00,£0.40/100ml,,,/groceries/en-GB/products/289724916,https://digitalcontent.api.tesco.com/v2/media/ghs/8ce70453-38d9-4b74-910a-7c4132b9f70a/bf637801-2d75-44ca-a3f0-c11f6f3c41d0_1502625065.jpeg?h=225&w=225,
304400252,Costa Coffee Late 250Ml,https://www.tesco.com/groceries/en-GB/shop/drinks/all?department=Milkshake&viewAll=department&page=,£1.80,£0.72/100ml,£1.00 Clubcard Price,,/groceries/en-GB/products/304400252,https://digitalcontent.api.tesco.com/v2/media/ghs/85bca949-6fe1-4ac4-993e-cf75e92765a6/2a67388d-5fb7-40af-91c1-66d03eae42af_1801251317.jpeg?h=225&w=225,
268890865,Shaken Udder Vanilla-Licious Milkshake 330Ml,https://www.tesco.com/groceries/en-GB/shop/drinks/all?department=Milkshake&viewAll=department&page=,£1.60,£0.48/100ml,£1.35 Clubcard Price,,/groceries/en-GB/products/268890865,https://digitalcontent.api.tesco.com/v2/media/ghs/bd0bfd4a-18fa-41be-b27d-2e14277a7e2d/242822df-64a0-4ba9-9aeb-656c3715e3e2.jpeg?h=225&w=225,
257524758,Yazoo Chocolate Milkshake 1 Litre Bottle,https://www.tesco.com/groceries/en-GB/shop/drinks/all?department=Milkshake&viewAll=department&page=,£1.65,£0.16/100ml,,,/groceries/en-GB/products/257524758,https://digitalcontent.api.tesco.com/v2/media/ghs/d72b48b8-7a93-4389-bdb8-170542130b58/da772f6d-38c9-4b81-995b-344c68beacfa_150386729.jpeg?h=225&w=225,
268891449,Shaken Udder Chocolush Milkshake 330Ml,https://www.tesco.com/groceries/en-GB/shop/drinks/all?department=Milkshake&viewAll=department&page=,£1.60,£0.48/100ml,£1.35 Clubcard Price,,/groceries/en-GB/products/268891449,https://digitalcontent.api.tesco.com/v2/media/ghs/96fc6b3f-7d21-4cb5-a589-c13bf2f71a05/1dbeccb3-d09c-43cf-b56f-415657db7a29.jpeg?h=225&w=225,
289725679,Crusha Chocolate No Added Sugar 500Ml,https://www.tesco.com/groceries/en-GB/shop/drinks/all?department=Milkshake&viewAll=department&page=,£2.00,£0.40/100ml,,,/groceries/en-GB/products/289725679,https://digitalcontent.api.tesco.com/v2/media/ghs/83e61d3c-fdc1-43f9-a9f1-756db116c30a/d7f920d2-16f7-4b63-b8ef-2e53e698ab63_1423673134.jpeg?h=225&w=225,
251328672,Yazoo Banana Milkshake 1 Litre Bottle,https://www.tesco.com/groceries/en-GB/shop/drinks/all?department=Milkshake&viewAll=department&page=,£1.65,£0.16/100ml,,,/groceries/en-GB/products/251328672,https://digitalcontent.api.tesco.com/v2/media/ghs/1e3025d0-a5b6-487f-ad0f-39b8b4d998c3/e6fe4a13-3e88-4bfd-9492-f6c6ff8710be_1380517812.jpeg?h=225&w=225,
258836704,Yazoo Strawberry Milkshake 1 Litre Bottle,https://www.tesco.com/groceries/en-GB/shop/drinks/all?department=Milkshake&viewAll=department&page=,£1.65,£0.16/100ml,,,/groceries/en-GB/products/258836704,https://digitalcontent.api.tesco.com/v2/media/ghs/b431c21e-6b3a-4765-80b4-aeed13203c88/890c23b7-8112-4ddb-8fd8-11a744d25737_955672155.jpeg?h=225&w=225,
304407792,Costa Coffee Caramel Latte 250Ml,https://www.tesco.com/groceries/en-GB/shop/drinks/all?department=Milkshake&viewAll=department&page=,£1.75,£0.70/100ml,£1.00 Clubcard Price,,/groceries/en-GB/products/304407792,https://digitalcontent.api.tesco.com/v2/media/ghs/a20e1adc-4c11-44d9-b9d7-7843efdb2bf1/da0d8a3f-fdbd-4b27-8efc-7a76ccd3ef12_1157108718.jpeg?h=225&w=225,
309461999,Arctic Coffee Intenso 330Ml,https://www.tesco.com/groceries/en-GB/shop/drinks/all?department=Milkshake&viewAll=department&page=,£1.10,£0.33/100ml,,,/groceries/en-GB/products/309461999,https://digitalcontent.api.tesco.com/v2/media/ghs/5c127b26-6185-4318-a071-62aa005176ff/28fa93bd-93e7-4f07-a732-6da8f4f9128f_1110443760.jpeg?h=225&w=225,
290369696,Yazoo Chilled Chocolate Flavoured Milkshake 400Ml,https://www.tesco.com/groceries/en-GB/shop/drinks/all?department=Milkshake&viewAll=department&page=,£1.20,£0.30/100ml,75p Clubcard Price,,/groceries/en-GB/products/290369696,https://digitalcontent.api.tesco.com/v2/media/ghs/a84e67c2-1f8c-4d5c-be43-c2bee2f24f5f/77c5a02e-24a1-4531-969b-296de8499f4c.jpeg?h=225&w=225,
279845143,For Goodness Shakes Recovery Milk Chocolate 475Ml,https://www.tesco.com/groceries/en-GB/shop/drinks/all?department=Milkshake&viewAll=department&page=,£2.00,£0.42/100ml,,,/groceries/en-GB/products/279845143,https://digitalcontent.api.tesco.com/v2/media/ghs/ac6e3c4f-865b-4a5d-a3cd-a4ee37de3109/893302a9-4b58-4102-8683-b9895401e503_68272834.jpeg?h=225&w=225,
289767548,Yazoo Vanilla Milk 400Ml,https://www.tesco.com/groceries/en-GB/shop/drinks/all?department=Milkshake&viewAll=department&page=,£1.20,£0.30/100ml,75p Clubcard Price,,/groceries/en-GB/products/289767548,https://digitalcontent.api.tesco.com/v2/media/ghs/d91540a5-1c08-4b22-a816-818fb44b7218/393b4285-4f31-4b45-a52d-939f1d5b138f.jpeg?h=225&w=225,
253978518,Emmi Caffe Latte Cappuccino 230Ml,https://www.tesco.com/groceries/en-GB/shop/drinks/all?department=Milkshake&viewAll=department&page=,£1.60,£0.70/100ml,,,/groceries/en-GB/products/253978518,https://digitalcontent.api.tesco.com/v2/media/ghs/64ef3c22-f782-459e-a952-b23c9dff0450/fad76dfd-c6d8-40e2-9c83-a0d258cfd50c.jpeg?h=225&w=225,
310101608,Tesco Fudge Brownie Flavoured Milk 1L,https://www.tesco.com/groceries/en-GB/shop/drinks/all?department=Milkshake&viewAll=department&page=,£1.20,£0.12/100ml,,,/groceries/en-GB/products/310101608,https://digitalcontent.api.tesco.com/v2/media/ghs/d568080a-21ff-4f7b-976a-de6aa709493a/00e90b07-fa6b-4283-afaa-8d8ab731fb1e.jpeg?h=225&w=225,
310136792,Tesco White Chocolate Flavoured Milk 1L,https://www.tesco.com/groceries/en-GB/shop/drinks/all?department=Milkshake&viewAll=department&page=,£1.20,£0.12/100ml,,,/groceries/en-GB/products/310136792,https://digitalcontent.api.tesco.com/v2/media/ghs/12178734-3007-4960-a456-880662807be9/b272ff05-516c-4d6b-959a-eaff7094ed29.jpeg?h=225&w=225,
311785476,Wicked Kitchen Chocolate Shake 250Ml,https://www.tesco.com/groceries/en-GB/shop/drinks/all?department=Milkshake&viewAll=department&page=,£1.25,£5.00/litre,,New,/groceries/en-GB/products/311785476,https://digitalcontent.api.tesco.com/v2/media/ghs/192b07ad-a2e7-4308-b8cc-a6fdff4d13b6/9b093693-e174-4118-a592-c885ba09004f_64245240.jpeg?h=225&w=225,
297794470,Frijj Fudge Brownie 400Ml,https://www.tesco.com/groceries/en-GB/shop/drinks/all?department=Milkshake&viewAll=department&page=,£1.25,£0.31/100ml,,,/groceries/en-GB/products/297794470,https://digitalcontent.api.tesco.com/v2/media/ghs/8a109001-dccd-4d8c-bf68-cb659eaacfae/7b029c2d-b0e0-4f8b-aec8-d3bebec1bb67_1466197852.jpeg?h=225&w=225,
310152607,Tesco Chocolate Flavoured Milk 1L,https://www.tesco.com/groceries/en-GB/shop/drinks/all?department=Milkshake&viewAll=department&page=,£1.20,£0.12/100ml,,,/groceries/en-GB/products/310152607,https://digitalcontent.api.tesco.com/v2/media/ghs/2df6776f-bbfa-4bf1-a091-deb7d8e89b1c/820137f0-9533-4fb5-bf30-e24645979ad8.jpeg?h=225&w=225,
311420309,Wicked Kitchen Strawberry Shake 250Ml,https://www.tesco.com/groceries/en-GB/shop/drinks/all?department=Milkshake&viewAll=department&page=,£1.25,£5.00/litre,,New,/groceries/en-GB/products/311420309,https://digitalcontent.api.tesco.com/v2/media/ghs/124ea2f4-8f17-4796-96bf-fdeecb8c68c7/82eb1ed0-de56-4eec-8863-5d5829525fa2_47739771.jpeg?h=225&w=225,
305967119,Arctic Coffee Caramel Latte 330Ml,https://www.tesco.com/groceries/en-GB/shop/drinks/all?department=Milkshake&viewAll=department&page=,£1.10,£0.33/100ml,,,/groceries/en-GB/products/305967119,https://digitalcontent.api.tesco.com/v2/media/ghs/bc73ffe5-8e81-4e63-b049-919024a4a6ed/42669ff8-9ba9-48e4-8ed5-209ff9ae1507_552386375.jpeg?h=225&w=225,
290369713,Yazoo Chilled Strawberry Flavoured Milkshake 400Ml,https://www.tesco.com/groceries/en-GB/shop/drinks/all?department=Milkshake&viewAll=department&page=,£1.20,£0.30/100ml,75p Clubcard Price,,/groceries/en-GB/products/290369713,https://digitalcontent.api.tesco.com/v2/media/ghs/600c3c50-ea04-4fbc-b34f-7039512e3a41/c78abbc9-2369-47ae-8785-f4f0b3de0aab.jpeg?h=225&w=225,
311666560,Wicked Kitchen Banana Shake 250Ml,https://www.tesco.com/groceries/en-GB/shop/drinks/all?department=Milkshake&viewAll=department&page=,£1.25,£5.00/litre,,,/groceries/en-GB/products/311666560,https://digitalcontent.api.tesco.com/v2/media/ghs/fd3b5caa-8b50-48f5-a113-bc838c974c9c/c5af09ac-6ac9-4587-be63-6f9b5b5ea1ed_28052294.jpeg?h=225&w=225,
290369673,Yazoo Chilled Banana Flavour Milkshake 400Ml,https://www.tesco.com/groceries/en-GB/shop/drinks/all?department=Milkshake&viewAll=department&page=,£1.20,£0.30/100ml,75p Clubcard Price,,/groceries/en-GB/products/290369673,https://digitalcontent.api.tesco.com/v2/media/ghs/323f5701-2d29-4678-a227-c36b7b20bd67/46db6c25-9426-4c27-9fe5-b88744d79560.jpeg?h=225&w=225,
283690780,Ufit Pro50 Protein Drink Chocolate 500Ml,https://www.tesco.com/groceries/en-GB/shop/drinks/all?department=Milkshake&viewAll=department&page=,£3.00,£0.60/100ml,£2.50 Clubcard Price,,/groceries/en-GB/products/283690780,https://digitalcontent.api.tesco.com/v2/media/ghs/31273d7b-c160-48a7-bee1-0d76df979a10/42942256-5e64-4ae0-91a2-3015e698e7f7.jpeg?h=225&w=225,
279855937,For Goodness Shakes Protein Strawberry 475Ml,https://www.tesco.com/groceries/en-GB/shop/drinks/all?department=Milkshake&viewAll=department&page=,£2.30,£0.48/100ml,,,/groceries/en-GB/products/279855937,https://digitalcontent.api.tesco.com/v2/media/ghs/d66999d2-6a38-48db-bc2a-572041555af8/14ca9705-b75b-47ae-8df4-c28e961709fb_1573828929.jpeg?h=225&w=225,
309460713,Shaken Udder Vanillalicious Milkshake 750Ml,https://www.tesco.com/groceries/en-GB/shop/drinks/all?department=Milkshake&viewAll=department&page=,£2.45,£0.33/100ml,,,/groceries/en-GB/products/309460713,https://digitalcontent.api.tesco.com/v2/media/ghs/62cdc160-c4fe-4ec7-aae0-3179288ac3a5/9d17e72c-dd34-4ed7-9995-32295f59ab64.jpeg?h=225&w=225,
305965917,Shaken Udder Strawberries & Clotted Cream Milkshake 750Ml,https://www.tesco.com/groceries/en-GB/shop/drinks/all?department=Milkshake&viewAll=department&page=,£2.45,£0.33/100ml,,,/groceries/en-GB/products/305965917,https://digitalcontent.api.tesco.com/v2/media/ghs/1c902646-e19b-4767-9f76-b7a0cfa04a81/f5a9c0cc-51cc-4562-87c7-63302d57f322.jpeg?h=225&w=225,
311960793,Nesquik Choco Caramel Powder 500G,https://www.tesco.com/groceries/en-GB/shop/drinks/all?department=Milkshake&viewAll=department&page=,£4.00,£0.80/100g,,,/groceries/en-GB/products/311960793,https://digitalcontent.api.tesco.com/v2/media/ghs/28c82ac8-6c93-4abd-b0c2-dbaa3c4cec06/22fbf98e-8347-4a68-bb9b-3235bfbef2fa_1616987282.jpeg?h=225&w=225,
283668387,Ufit Pro50 Protein Drink Strawberry 500Ml,https://www.tesco.com/groceries/en-GB/shop/drinks/all?department=Milkshake&viewAll=department&page=,£3.00,£0.60/100ml,£2.50 Clubcard Price,,/groceries/en-GB/products/283668387,https://digitalcontent.api.tesco.com/v2/media/ghs/c8cdc06b-e31a-41fc-be7f-18002da48d4d/e167a8a0-fca2-4ae9-94ca-e8ee4ef3f411.jpeg?h=225&w=225,
309449935,Emmi Caffe Latte Vanilla 230Ml,https://www.tesco.com/groceries/en-GB/shop/drinks/all?department=Milkshake&viewAll=department&page=,£1.60,£0.70/100ml,,,/groceries/en-GB/products/309449935,https://digitalcontent.api.tesco.com/v2/media/ghs/d035523d-e803-48c4-8ade-d90018116e3f/7d43bf29-94ae-4ce5-bf5c-3767786205ba.jpeg?h=225&w=225,
291596570,Shaken Udder Salted Caramel Milkshake 330Ml,https://www.tesco.com/groceries/en-GB/shop/drinks/all?department=Milkshake&viewAll=department&page=,£1.60,£0.48/100ml,£1.35 Clubcard Price,,/groceries/en-GB/products/291596570,https://digitalcontent.api.tesco.com/v2/media/ghs/c948bb6f-ff4b-4166-97c1-acc3a894566a/55a2c166-d900-44fc-866d-d07d78a0dc65.jpeg?h=225&w=225,
306929453,Chocomel Chocolate Flavoured Milk Drink 250Ml,https://www.tesco.com/groceries/en-GB/shop/drinks/all?department=Milkshake&viewAll=department&page=,£1.50,£6.00/litre,,,/groceries/en-GB/products/306929453,https://digitalcontent.api.tesco.com/v2/media/ghs/b82a85cd-f6f7-4005-86ee-39c5d0c68d36/b35a1642-0ff3-4bf7-9b92-3ff1d89401cc_2032519129.jpeg?h=225&w=225,
311673067,Yazoo Chocolate & Caramel Flavoured Milk Drink 1 Litre,https://www.tesco.com/groceries/en-GB/shop/drinks/all?department=Milkshake&viewAll=department&page=,£1.65,£0.16/100ml,,,/groceries/en-GB/products/311673067,https://digitalcontent.api.tesco.com/v2/media/ghs/321bbc37-ec3e-46fe-ac28-b0f840401cbe/b530520c-67d8-4303-915d-7cba32190c93_1594010045.jpeg?h=225&w=225,
309454715,Mighty Shake Chocolate 330Ml,https://www.tesco.com/groceries/en-GB/shop/drinks/all?department=Milkshake&viewAll=department&page=,£1.60,£0.48/100ml,,,/groceries/en-GB/products/309454715,https://digitalcontent.api.tesco.com/v2/media/ghs/a8e8fb85-65ce-425f-93d5-25cf64debad9/b427b815-ff87-4be1-b97f-d38d56ff1f59_1171902104.jpeg?h=225&w=225,
311206345,Tesco No Added Sugar Strawberry Flavoured Milkshake Mix 300G,https://www.tesco.com/groceries/en-GB/shop/drinks/all?department=Milkshake&viewAll=department&page=,£2.00,£0.67/100g,,,/groceries/en-GB/products/311206345,https://digitalcontent.api.tesco.com/v2/media/ghs/295228c7-8795-4a85-b85c-0a0d1f2cc29e/04699eef-f26b-4726-a4fb-c053a08c7047_2038235398.jpeg?h=225&w=225,
309469715,Arctic White Chocolatte 330Ml,https://www.tesco.com/groceries/en-GB/shop/drinks/all?department=Milkshake&viewAll=department&page=,£1.10,£0.33/100ml,,,/groceries/en-GB/products/309469715,https://digitalcontent.api.tesco.com/v2/media/ghs/aeb060d0-9fcc-446b-bbc6-267499a52bd3/82cc0098-e792-4109-a267-3d58aa797e78.jpeg?h=225&w=225,
311223981,Tesco No Added Sugar Chocolate Flavoured Milkshake Mix 300G,https://www.tesco.com/groceries/en-GB/shop/drinks/all?department=Milkshake&viewAll=department&page=,£2.00,£0.67/100g,,,/groceries/en-GB/products/311223981,https://digitalcontent.api.tesco.com/v2/media/ghs/f67bb718-09b5-4050-ba2e-c2ad729c6815/225e0b21-93a3-4c4b-8a8c-75b28e199d0a_1509903037.jpeg?h=225&w=225,
308462937,Crusha Limited Edition Milk Shake Mix Lime Flavoured 500Ml,https://www.tesco.com/groceries/en-GB/shop/drinks/all?department=Milkshake&viewAll=department&page=,£2.00,£0.40/100ml,,,/groceries/en-GB/products/308462937,https://digitalcontent.api.tesco.com/v2/media/ghs/5fa3dad1-4483-40c6-9a5e-1e1c4618c562/818309b4-2a94-4078-b83c-a8fcc4a95953_618273382.jpeg?h=225&w=225,
308858660,Costa Coffee Flat White 200Ml,https://www.tesco.com/groceries/en-GB/shop/drinks/all?department=Milkshake&viewAll=department&page=,£1.80,£0.90/100ml,£1.00 Clubcard Price,,/groceries/en-GB/products/308858660,https://digitalcontent.api.tesco.com/v2/media/ghs/e0c4a12b-6057-4fa9-adb5-02732a8d80f6/53f5d278-3ccb-477b-b3c1-28a0561cdc42_1896838640.jpeg?h=225&w=225,
312110099,Starbucks Caffe Latte Chilled Coffee 220Ml,https://www.tesco.com/groceries/en-GB/shop/drinks/all?department=On%20The%20Go%20Drinks&viewAll=department&page=,£2.10,£0.96/100ml,£1.50 Clubcard Price,,/groceries/en-GB/products/312110099,https://digitalcontent.api.tesco.com/v2/media/ghs/63e5a038-2852-464a-aae2-72015d40a026/5aa3e028-9233-47ec-970f-2dc60886a55c_794487070.jpeg?h=225&w=225,
277569409,Starbucks Skinny Latte 220Ml,https://www.tesco.com/groceries/en-GB/shop/drinks/all?department=On%20The%20Go%20Drinks&viewAll=department&page=,£2.10,£0.96/100ml,£1.50 Clubcard Price,,/groceries/en-GB/products/277569409,https://digitalcontent.api.tesco.com/v2/media/ghs/f00b69b7-361c-470b-8433-49f3eb74f34c/1431f37e-761d-4e3c-958b-fd3b7ee0d20b.jpeg?h=225&w=225,
300661887,Arctic Coffee Cafe Latte 330Ml,https://www.tesco.com/groceries/en-GB/shop/drinks/all?department=On%20The%20Go%20Drinks&viewAll=department&page=,£1.10,£0.33/100ml,,,/groceries/en-GB/products/300661887,https://digitalcontent.api.tesco.com/v2/media/ghs/814fd6be-e2d9-42fe-ba6d-6c3998f56ed3/edf7cdab-2009-4825-a5b3-f5e5423e2adb_1212134957.jpeg?h=225&w=225,
311945011,Starbucks Cappuccino Chilled Coffee 220Ml,https://www.tesco.com/groceries/en-GB/shop/drinks/all?department=On%20The%20Go%20Drinks&viewAll=department&page=,£2.10,£0.96/100ml,"£3.40 Meal Deal Clubcard Price £3.90 Meal Deal Regular Price - Selected Drink, Snack, Wrap, Sandwich, Roll, Pasty Or Salad",,/groceries/en-GB/products/311945011,https://digitalcontent.api.tesco.com/v2/media/ghs/e8f05f32-dbd6-4632-ba3f-41a56633cd4c/31a1e8a8-fe53-4a56-a378-3273c96ddde7_306242982.jpeg?h=225&w=225,
305946232,Arctic Coffee Cafe Latte 1 Litre,https://www.tesco.com/groceries/en-GB/shop/drinks/all?department=On%20The%20Go%20Drinks&viewAll=department&page=,£2.00,£0.20/100ml,,,/groceries/en-GB/products/305946232,https://digitalcontent.api.tesco.com/v2/media/ghs/098ba83c-f1a3-41fc-885e-a8c3e3301a53/69278f6f-3dbd-40cd-8398-952efa1c5ad1_1730975734.jpeg?h=225&w=225,
287438170,Tropicana Orange Juice Smooth 300Ml,https://www.tesco.com/groceries/en-GB/shop/drinks/all?department=On%20The%20Go%20Drinks&viewAll=department&page=,£1.65,£0.55/100ml,"£3.40 Meal Deal Clubcard Price £3.90 Meal Deal Regular Price - Selected Drink, Snack, Wrap, Sandwich, Roll, Pasty Or Salad",,/groceries/en-GB/products/287438170,https://digitalcontent.api.tesco.com/v2/media/ghs/cda7a9db-b0ed-4c21-987e-eb8030f2f0ed/f343caef-5448-4b15-8fc7-c5ea790aaecc.jpeg?h=225&w=225,
309198389,Coffee & Milk Latte Caramel Macchiato Iced Coffee 250Ml,https://www.tesco.com/groceries/en-GB/shop/drinks/all?department=On%20The%20Go%20Drinks&viewAll=department&page=,£0.85,£0.34/100ml,,,/groceries/en-GB/products/309198389,https://digitalcontent.api.tesco.com/v2/media/ghs/338cef8d-d535-46ec-ab45-78be622f2bf1/6fcca10f-13da-46ec-97b9-bd3f49ab2872_2123530620.jpeg?h=225&w=225,
312082799,Starbucks Mocha Frappuccino 250Ml,https://www.tesco.com/groceries/en-GB/shop/drinks/all?department=On%20The%20Go%20Drinks&viewAll=department&page=,£2.10,£0.84/100ml,£1.25 Clubcard Price,,/groceries/en-GB/products/312082799,https://digitalcontent.api.tesco.com/v2/media/ghs/0c52f587-ed3e-4f81-83f7-2f56d3d1ce14/5c132288-e1aa-4233-9299-c0e06998bc7e_1343575125.jpeg?h=225&w=225,
309175170,Coffee & Milk Latte Cappuccino Iced Coffee 250Ml,https://www.tesco.com/groceries/en-GB/shop/drinks/all?department=On%20The%20Go%20Drinks&viewAll=department&page=,£0.85,£0.34/100ml,,,/groceries/en-GB/products/309175170,https://digitalcontent.api.tesco.com/v2/media/ghs/099bce9f-29a0-4e6c-b23a-c8faf6d6248a/6497e4c6-b60d-4a5f-b6c5-31192e09685f_1552295497.jpeg?h=225&w=225,
306493016,Arctic Coffee Caramel Latte 1L,https://www.tesco.com/groceries/en-GB/shop/drinks/all?department=On%20The%20Go%20Drinks&viewAll=department&page=,£2.00,£0.20/100ml,,,/groceries/en-GB/products/306493016,https://digitalcontent.api.tesco.com/v2/media/ghs/05b1bc8e-a962-4cca-9171-77fec2aa20bd/ebe7f39c-94db-45c4-a1ef-bf1436b28cd7_2033503404.jpeg?h=225&w=225,
304400252,Costa Coffee Late 250Ml,https://www.tesco.com/groceries/en-GB/shop/drinks/all?department=On%20The%20Go%20Drinks&viewAll=department&page=,£1.80,£0.72/100ml,£1.00 Clubcard Price,,/groceries/en-GB/products/304400252,https://digitalcontent.api.tesco.com/v2/media/ghs/85bca949-6fe1-4ac4-993e-cf75e92765a6/2a67388d-5fb7-40af-91c1-66d03eae42af_1801251317.jpeg?h=225&w=225,
304407792,Costa Coffee Caramel Latte 250Ml,https://www.tesco.com/groceries/en-GB/shop/drinks/all?department=On%20The%20Go%20Drinks&viewAll=department&page=,£1.75,£0.70/100ml,£1.00 Clubcard Price,,/groceries/en-GB/products/304407792,https://digitalcontent.api.tesco.com/v2/media/ghs/a20e1adc-4c11-44d9-b9d7-7843efdb2bf1/da0d8a3f-fdbd-4b27-8efc-7a76ccd3ef12_1157108718.jpeg?h=225&w=225,
279845143,For Goodness Shakes Recovery Milk Chocolate 475Ml,https://www.tesco.com/groceries/en-GB/shop/drinks/all?department=On%20The%20Go%20Drinks&viewAll=department&page=,£2.00,£0.42/100ml,,,/groceries/en-GB/products/279845143,https://digitalcontent.api.tesco.com/v2/media/ghs/ac6e3c4f-865b-4a5d-a3cd-a4ee37de3109/893302a9-4b58-4102-8683-b9895401e503_68272834.jpeg?h=225&w=225,
253978518,Emmi Caffe Latte Cappuccino 230Ml,https://www.tesco.com/groceries/en-GB/shop/drinks/all?department=On%20The%20Go%20Drinks&viewAll=department&page=,£1.60,£0.70/100ml,,,/groceries/en-GB/products/253978518,https://digitalcontent.api.tesco.com/v2/media/ghs/64ef3c22-f782-459e-a952-b23c9dff0450/fad76dfd-c6d8-40e2-9c83-a0d258cfd50c.jpeg?h=225&w=225,
311800459,Starbucks Caramel Frappuccino 250Ml,https://www.tesco.com/groceries/en-GB/shop/drinks/all?department=On%20The%20Go%20Drinks&viewAll=department&page=,£2.10,£0.84/100ml,£1.25 Clubcard Price,,/groceries/en-GB/products/311800459,https://digitalcontent.api.tesco.com/v2/media/ghs/c625887f-e4e8-4be5-8f71-2c7bab9a6656/68d03b20-1e7f-4529-9206-e7699811cefb_1947300872.jpeg?h=225&w=225,
256942268,Oasis Summer Fruits 500Ml,https://www.tesco.com/groceries/en-GB/shop/drinks/all?department=On%20The%20Go%20Drinks&viewAll=department&page=,£1.55,£0.31/100ml,"£3.40 Meal Deal Clubcard Price £3.90 Meal Deal Regular Price - Selected Drink, Snack, Wrap, Sandwich, Roll, Pasty Or Salad",,/groceries/en-GB/products/256942268,https://digitalcontent.api.tesco.com/v2/media/ghs/760c247e-5fbe-4b5b-b16d-e06fb70022c9/17ce2089-9a80-49d0-8c86-3f75e55e342a_1722806722.jpeg?h=225&w=225,
256942988,Oasis Citrus Punch 500Ml (N),https://www.tesco.com/groceries/en-GB/shop/drinks/all?department=On%20The%20Go%20Drinks&viewAll=department&page=,£1.55,£0.31/100ml,"£3.40 Meal Deal Clubcard Price £3.90 Meal Deal Regular Price - Selected Drink, Snack, Wrap, Sandwich, Roll, Pasty Or Salad",,/groceries/en-GB/products/256942988,https://digitalcontent.api.tesco.com/v2/media/ghs/38404e87-5b85-4708-892e-daa06d84e010/566e6bb6-71c9-4958-998f-3ef6ea87b54d_979477722.jpeg?h=225&w=225,
256867175,Dr Pepper 500Ml,https://www.tesco.com/groceries/en-GB/shop/drinks/all?department=On%20The%20Go%20Drinks&viewAll=department&page=,£1.60,£0.32/100ml,"£3.40 Meal Deal Clubcard Price £3.90 Meal Deal Regular Price - Selected Drink, Snack, Wrap, Sandwich, Roll, Pasty Or Salad",,/groceries/en-GB/products/256867175,https://digitalcontent.api.tesco.com/v2/media/ghs/d5db612b-46fe-4a74-a778-15908734d367/487287c2-4371-4057-9448-3972207798b1_1525494245.jpeg?h=225&w=225,
255658833,Ribena Blackcurrant Bottle 500Ml,https://www.tesco.com/groceries/en-GB/shop/drinks/all?department=On%20The%20Go%20Drinks&viewAll=department&page=,£1.45,£0.29/100ml,"£3.40 Meal Deal Clubcard Price £3.90 Meal Deal Regular Price - Selected Drink, Snack, Wrap, Sandwich, Roll, Pasty Or Salad",,/groceries/en-GB/products/255658833,https://digitalcontent.api.tesco.com/v2/media/ghs/81ff3970-c3ee-4c69-8f47-06b5d1a42739/e5409fe0-eb3d-4b98-b54e-468277dc3326_1324717598.jpeg?h=225&w=225,
251516616,7 Up Free 500Ml,https://www.tesco.com/groceries/en-GB/shop/drinks/all?department=On%20The%20Go%20Drinks&viewAll=department&page=,£1.45,£0.29/100ml,"£3.40 Meal Deal Clubcard Price £3.90 Meal Deal Regular Price - Selected Drink, Snack, Wrap, Sandwich, Roll, Pasty Or Salad",,/groceries/en-GB/products/251516616,https://digitalcontent.api.tesco.com/v2/media/ghs/427ad7f1-c707-456b-a0c4-3541d073f245/a2382ad0-c839-469d-852b-18c15dff2958_139433076.jpeg?h=225&w=225,
260506661,Coke Zero 500 Ml,https://www.tesco.com/groceries/en-GB/shop/drinks/all?department=On%20The%20Go%20Drinks&viewAll=department&page=,£1.59,£0.32/100ml,"£3.40 Meal Deal Clubcard Price £3.90 Meal Deal Regular Price - Selected Drink, Snack, Wrap, Sandwich, Roll, Pasty Or Salad",,/groceries/en-GB/products/260506661,https://digitalcontent.api.tesco.com/v2/media/ghs/74e0bc51-1b87-44a4-a6ad-21faf9569566/807acd0c-3fff-4a49-9964-70888ba77ae2_1230232495.jpeg?h=225&w=225,
297132752,Coca Cola Classic 250Ml,https://www.tesco.com/groceries/en-GB/shop/drinks/all?department=On%20The%20Go%20Drinks&viewAll=department&page=,£0.95,£0.38/100ml,"£3.40 Meal Deal Clubcard Price £3.90 Meal Deal Regular Price - Selected Drink, Snack, Wrap, Sandwich, Roll, Pasty Or Salad",,/groceries/en-GB/products/297132752,https://digitalcontent.api.tesco.com/v2/media/ghs/5720eb2b-edb9-4e1e-9ebf-b196414995ae/56290deb-b1d6-456c-9671-7ba9be53c510_481549647.jpeg?h=225&w=225,
251496258,Pepsi Max Slam Bottle,https://www.tesco.com/groceries/en-GB/shop/drinks/all?department=On%20The%20Go%20Drinks&viewAll=department&page=,£1.45,£0.29/100ml,"£3.40 Meal Deal Clubcard Price £3.90 Meal Deal Regular Price - Selected Drink, Snack, Wrap, Sandwich, Roll, Pasty Or Salad",,/groceries/en-GB/products/251496258,https://digitalcontent.api.tesco.com/v2/media/ghs/7b0c9281-f3f6-41ce-b0d0-513ffce737cf/2afe0f1d-786e-4520-8d7a-b608ec7f92c8_80708364.jpeg?h=225&w=225,
258519168,Old Jamaica Ginger Beer 330Ml,https://www.tesco.com/groceries/en-GB/shop/drinks/all?department=On%20The%20Go%20Drinks&viewAll=department&page=,£0.55,£0.17/100ml,,,/groceries/en-GB/products/258519168,https://digitalcontent.api.tesco.com/v2/media/ghs/dabfd24f-0bbe-49a0-970a-19cae4109287/eade92f9-b88c-44ec-8c8e-40adc015f89b_77124515.jpeg?h=225&w=225,
309449394,Robinsons Ready To Drink No Added Sugar Raspberry & Apple 500Ml,https://www.tesco.com/groceries/en-GB/shop/drinks/all?department=On%20The%20Go%20Drinks&viewAll=department&page=,£1.15,£0.23/100ml,"£3.40 Meal Deal Clubcard Price £3.90 Meal Deal Regular Price - Selected Drink, Snack, Wrap, Sandwich, Roll, Pasty Or Salad",,/groceries/en-GB/products/309449394,https://digitalcontent.api.tesco.com/v2/media/ghs/3c8a4519-3e99-4c1d-81ef-9c8d3e969797/e3ce269e-d211-497a-a240-860929a164fe_1491821961.jpeg?h=225&w=225,
258458339,Diet Coke 500Ml,https://www.tesco.com/groceries/en-GB/shop/drinks/all?department=On%20The%20Go%20Drinks&viewAll=department&page=,£1.59,£0.32/100ml,"£3.40 Meal Deal Clubcard Price £3.90 Meal Deal Regular Price - Selected Drink, Snack, Wrap, Sandwich, Roll, Pasty Or Salad",,/groceries/en-GB/products/258458339,https://digitalcontent.api.tesco.com/v2/media/ghs/7eafb1f3-9b53-4b3e-a2ac-acf7e39397e1/9946d3f5-9f25-47d7-aa8f-acf321e6cc46_1628262307.jpeg?h=225&w=225,
258458190,Coca Cola Regular 500Ml,https://www.tesco.com/groceries/en-GB/shop/drinks/all?department=On%20The%20Go%20Drinks&viewAll=department&page=,£1.75,£0.35/100ml,"£3.40 Meal Deal Clubcard Price £3.90 Meal Deal Regular Price - Selected Drink, Snack, Wrap, Sandwich, Roll, Pasty Or Salad",,/groceries/en-GB/products/258458190,https://digitalcontent.api.tesco.com/v2/media/ghs/e88d822b-180f-49c3-b4a5-1695e71ad263/f83a659b-8b3f-44b7-a509-ffb114b246f2_300777326.jpeg?h=225&w=225,
254855774,Diet Coke 330Ml,https://www.tesco.com/groceries/en-GB/shop/drinks/all?department=On%20The%20Go%20Drinks&viewAll=department&page=,£0.69,£0.21/100ml,"£3.40 Meal Deal Clubcard Price £3.90 Meal Deal Regular Price - Selected Drink, Snack, Wrap, Sandwich, Roll, Pasty Or Salad",,/groceries/en-GB/products/254855774,https://digitalcontent.api.tesco.com/v2/media/ghs/d729258e-ad99-48ab-bc93-2154415b9780/68ba14d9-6932-4d3a-8c21-a58c98026dbe_731087742.jpeg?h=225&w=225,
299947764,Appletiser Appletiser 150Ml,https://www.tesco.com/groceries/en-GB/shop/drinks/all?department=On%20The%20Go%20Drinks&viewAll=department&page=,£0.55,£0.37/100ml,Any 5 for £2 Clubcard Price - Selected Drinks 150ml,,/groceries/en-GB/products/299947764,https://digitalcontent.api.tesco.com/v2/media/ghs/47a08fc8-0047-4175-a059-6ac0c59feadd/27b8d6dd-56e2-44be-9501-3b4d6e824483_1214912341.jpeg?h=225&w=225,
274483993,N-Gine Energy Drink Blue 250Ml,https://www.tesco.com/groceries/en-GB/shop/drinks/all?department=On%20The%20Go%20Drinks&viewAll=department&page=,,,,,/groceries/en-GB/products/274483993,https://digitalcontent.api.tesco.com/v2/media/ghs/27bfc744-f0e9-4bc2-a56d-080dfeba376b/5f304a1c-795f-45cd-8374-098f73600e35_2124487542.jpeg?h=225&w=225,This product's currently out of stock
258062692,Diet Coke 150Ml,https://www.tesco.com/groceries/en-GB/shop/drinks/all?department=On%20The%20Go%20Drinks&viewAll=department&page=,£0.55,£0.37/100ml,Any 5 for £2 Clubcard Price - Selected Drinks 150ml,,/groceries/en-GB/products/258062692,https://digitalcontent.api.tesco.com/v2/media/ghs/65b8d712-e814-425c-9658-fe9d551b168c/23bc76c7-79f5-45b8-b494-30280099ac08_977054335.jpeg?h=225&w=225,
298163391,Coca Cola Zero Sugar 150Ml,https://www.tesco.com/groceries/en-GB/shop/drinks/all?department=On%20The%20Go%20Drinks&viewAll=department&page=,£0.55,£0.37/100ml,Any 5 for £2 Clubcard Price - Selected Drinks 150ml,,/groceries/en-GB/products/298163391,https://digitalcontent.api.tesco.com/v2/media/ghs/6345aae7-b15f-4045-8729-6dae3c47ac2c/9cc67191-e231-488f-88fd-95525f5ed30b_180846921.jpeg?h=225&w=225,
286116253,Fanta Orange Can 150Ml,https://www.tesco.com/groceries/en-GB/shop/drinks/all?department=On%20The%20Go%20Drinks&viewAll=department&page=,£0.55,£0.37/100ml,Any 5 for £2 Clubcard Price - Selected Drinks 150ml,,/groceries/en-GB/products/286116253,https://digitalcontent.api.tesco.com/v2/media/ghs/223d9062-2ee8-4256-8175-d76bb580d76a/5a4f0630-a860-4560-9726-85df5a3d87ef_866188793.jpeg?h=225&w=225,
258062628,Coca Cola Regular 150Ml,https://www.tesco.com/groceries/en-GB/shop/drinks/all?department=On%20The%20Go%20Drinks&viewAll=department&page=,£0.55,£0.37/100ml,,,/groceries/en-GB/products/258062628,https://digitalcontent.api.tesco.com/v2/media/ghs/7c368b81-beec-40cc-8bb2-d5c018eb41ff/b4fe9da2-0de0-424a-9bb0-08877abe3126_1254610910.jpeg?h=225&w=225,
309474668,Huel Ready To Drink Chocolate 500Ml,https://www.tesco.com/groceries/en-GB/shop/drinks/all?department=On%20The%20Go%20Drinks&viewAll=department&page=,£3.50,£0.70/100ml,,,/groceries/en-GB/products/309474668,https://digitalcontent.api.tesco.com/v2/media/ghs/0410d223-0ee8-436e-b364-82a330a79e32/8dcab844-fb24-4005-aa56-c0c12abbb67c.jpeg?h=225&w=225,
283924539,Emmi Caffe Latte Cappuccino Mr Big 370Ml,https://www.tesco.com/groceries/en-GB/shop/drinks/all?department=On%20The%20Go%20Drinks&viewAll=department&page=,£2.65,£0.72/100ml,£2.00 Clubcard Price,,/groceries/en-GB/products/283924539,https://digitalcontent.api.tesco.com/v2/media/ghs/c25b4e0b-5136-463f-8815-482415328047/599e6869-6f67-4061-8e22-e15ca7618121_731425294.jpeg?h=225&w=225,
311783227,Starbucks Caffe Latte Chilled Coffee 750Ml,https://www.tesco.com/groceries/en-GB/shop/drinks/all?department=On%20The%20Go%20Drinks&viewAll=department&page=,£3.75,£0.50/100ml,,,/groceries/en-GB/products/311783227,https://digitalcontent.api.tesco.com/v2/media/ghs/22154ca1-fb08-49b1-a5ba-3dad568152e5/266ad872-7425-44c9-8b45-41f00762d6f5_463481222.jpeg?h=225&w=225,
311667187,Starbucks Caramel Macchiato Flavoured Coffee 750Ml,https://www.tesco.com/groceries/en-GB/shop/drinks/all?department=On%20The%20Go%20Drinks&viewAll=department&page=,£3.75,£0.50/100ml,,New,/groceries/en-GB/products/311667187,https://digitalcontent.api.tesco.com/v2/media/ghs/6ab11285-c3bc-4f47-9b66-ee617398abd5/1d666598-112a-4d4c-8604-9bfda4f397df.jpeg?h=225&w=225,
266891815,Starbucks Caramel Macchiato 220Ml,https://www.tesco.com/groceries/en-GB/shop/drinks/all?department=On%20The%20Go%20Drinks&viewAll=department&page=,£2.10,£0.96/100ml,£1.50 Clubcard Price,,/groceries/en-GB/products/266891815,https://digitalcontent.api.tesco.com/v2/media/ghs/d61360af-4fb7-4835-a577-f70368f8b8a5/877a9f72-46b3-4ade-b9ab-996dc1d936fe_1637098412.jpeg?h=225&w=225,
309758349,Huel Ready To Drink Vanilla 500Ml,https://www.tesco.com/groceries/en-GB/shop/drinks/all?department=On%20The%20Go%20Drinks&viewAll=department&page=,£3.50,£0.70/100ml,,,/groceries/en-GB/products/309758349,https://digitalcontent.api.tesco.com/v2/media/ghs/a6d0c27f-765a-42ca-9afb-ec4c912a100c/40b115d9-fd90-4001-b1b3-9246c596c6b4_1857118271.jpeg?h=225&w=225,
279846240,For Goodness Shakes Protein Chocolate 475Ml,https://www.tesco.com/groceries/en-GB/shop/drinks/all?department=On%20The%20Go%20Drinks&viewAll=department&page=,£2.30,£0.48/100ml,,,/groceries/en-GB/products/279846240,https://digitalcontent.api.tesco.com/v2/media/ghs/97f0c121-e7c4-47b5-bcf2-38d2bab2867f/55c97629-5577-4bc1-9766-cab28fea1382_496901497.jpeg?h=225&w=225,
308495541,Jimmy's Iced Coffee Mocha 275Ml,https://www.tesco.com/groceries/en-GB/shop/drinks/all?department=On%20The%20Go%20Drinks&viewAll=department&page=,£1.95,£0.71/100ml,"£3.40 Meal Deal Clubcard Price £3.90 Meal Deal Regular Price - Selected Drink, Snack, Wrap, Sandwich, Roll, Pasty Or Salad",,/groceries/en-GB/products/308495541,https://digitalcontent.api.tesco.com/v2/media/ghs/5c127b26-6185-4318-a071-62aa005176ff/28fa93bd-93e7-4f07-a732-6da8f4f9128f_1110443760.jpeg?h=225&w=225,
309461999,Arctic Coffee Intenso 330Ml,https://www.tesco.com/groceries/en-GB/shop/drinks/all?department=On%20The%20Go%20Drinks&viewAll=department&page=,£1.10,£0.33/100ml,,,/groceries/en-GB/products/309461999,https://digitalcontent.api.tesco.com/v2/media/ghs/8c07df06-8bbd-471e-852a-bcccc42bf964/d90c5f8b-7bb1-46fd-9740-edb81e0b16de_1768279561.jpeg?h=225&w=225,
253144396,Fanta Fruit Twist 500 Ml,https://www.tesco.com/groceries/en-GB/shop/drinks/all?department=On%20The%20Go%20Drinks&viewAll=department&page=,£1.60,£0.32/100ml,"£3.40 Meal Deal Clubcard Price £3.90 Meal Deal Regular Price - Selected Drink, Snack, Wrap, Sandwich, Roll, Pasty Or Salad",,/groceries/en-GB/products/253144396,https://digitalcontent.api.tesco.com/v2/media/ghs/f75c66f4-2bf0-4832-b7c8-9764db2656b6/0a0b225b-7a15-41ee-b1c9-fca38f5efc88_1998308601.jpeg?h=225&w=225,
263709140,Dr Pepper Zero 500Ml,https://www.tesco.com/groceries/en-GB/shop/drinks/all?department=On%20The%20Go%20Drinks&viewAll=department&page=,£1.60,£0.32/100ml,"£3.40 Meal Deal Clubcard Price £3.90 Meal Deal Regular Price - Selected Drink, Snack, Wrap, Sandwich, Roll, Pasty Or Salad",,/groceries/en-GB/products/263709140,https://digitalcontent.api.tesco.com/v2/media/ghs/86ede36d-057b-431f-a813-01dbbec9d790/519ae76e-f146-44ed-b21e-1c7092c08145_535823046.jpeg?h=225&w=225,
265633041,Lipton Ice Tea Lemon 500Ml,https://www.tesco.com/groceries/en-GB/shop/drinks/all?department=On%20The%20Go%20Drinks&viewAll=department&page=,£1.45,£0.29/100ml,"£3.40 Meal Deal Clubcard Price £3.90 Meal Deal Regular Price - Selected Drink, Snack, Wrap, Sandwich, Roll, Pasty Or Salad",,/groceries/en-GB/products/265633041,https://digitalcontent.api.tesco.com/v2/media/ghs/eb0dd590-6afe-42b5-9d2b-182acae88553/210119ec-53d6-4ca5-a749-428044bba623_1324571295.jpeg?h=225&w=225,
252061921,Fanta Orange 500Ml,https://www.tesco.com/groceries/en-GB/shop/drinks/all?department=On%20The%20Go%20Drinks&viewAll=department&page=,£1.60,£0.32/100ml,"£3.40 Meal Deal Clubcard Price £3.90 Meal Deal Regular Price - Selected Drink, Snack, Wrap, Sandwich, Roll, Pasty Or Salad",,/groceries/en-GB/products/252061921,https://digitalcontent.api.tesco.com/v2/media/ghs/735f6a5e-9c1b-4097-9e56-68faa436c9eb/2c763652-1255-4999-8f4b-a82bf747692b.jpeg?h=225&w=225,
253845148,Innocent Strawberries & Bananas 250Ml,https://www.tesco.com/groceries/en-GB/shop/drinks/all?department=On%20The%20Go%20Drinks&viewAll=department&page=,£2.00,£0.80/100ml,"£3.40 Meal Deal Clubcard Price £3.90 Meal Deal Regular Price - Selected Drink, Snack, Wrap, Sandwich, Roll, Pasty Or Salad",,/groceries/en-GB/products/253845148,,
265633012,Lipton Ice Tea Peach 500Ml,https://www.tesco.com/groceries/en-GB/shop/drinks/all?department=On%20The%20Go%20Drinks&viewAll=department&page=,£1.45,£0.29/100ml,"£3.40 Meal Deal Clubcard Price £3.90 Meal Deal Regular Price - Selected Drink, Snack, Wrap, Sandwich, Roll, Pasty Or Salad",,/groceries/en-GB/products/265633012,https://digitalcontent.api.tesco.com/v2/media/ghs/c3d6ce75-86ad-4476-bde2-63771e228414/96a082f5-2160-4f3c-928e-e2e2707a8d6f_195609228.jpeg?h=225&w=225,
250792387,Lucozade Original 500Ml,https://www.tesco.com/groceries/en-GB/shop/drinks/all?department=On%20The%20Go%20Drinks&viewAll=department&page=,£1.60,£0.32/100ml,"£3.40 Meal Deal Clubcard Price £3.90 Meal Deal Regular Price - Selected Drink, Snack, Wrap, Sandwich, Roll, Pasty Or Salad",,/groceries/en-GB/products/250792387,https://digitalcontent.api.tesco.com/v2/media/ghs/5f8f9246-896a-4def-8a06-47af62eef4e4/ce36a2cc-b7e0-4fdd-8ad9-f0a4613ce5ea_1590687902.jpeg?h=225&w=225,
255231748,Lucozade Sport Orange Still 500Ml,https://www.tesco.com/groceries/en-GB/shop/drinks/all?department=On%20The%20Go%20Drinks&viewAll=department&page=,£1.60,£0.32/100ml,"£3.40 Meal Deal Clubcard Price £3.90 Meal Deal Regular Price - Selected Drink, Snack, Wrap, Sandwich, Roll, Pasty Or Salad",,/groceries/en-GB/products/255231748,https://digitalcontent.api.tesco.com/v2/media/ghs/6c1b7017-3f85-4ef9-887c-12a24ce9c2ce/0fe0ea4d-65c9-4f15-81dd-155a01332bde_241833085.jpeg?h=225&w=225,
256538277,Ribena Blackcurrant Really Light 500Ml Bottle,https://www.tesco.com/groceries/en-GB/shop/drinks/all?department=On%20The%20Go%20Drinks&viewAll=department&page=,£1.45,£0.29/100ml,"£3.40 Meal Deal Clubcard Price £3.90 Meal Deal Regular Price - Selected Drink, Snack, Wrap, Sandwich, Roll, Pasty Or Salad",,/groceries/en-GB/products/256538277,https://digitalcontent.api.tesco.com/v2/media/ghs/f3925e65-6a84-4e76-bafa-4894ef48da02/584dd56d-3c10-40ef-8547-6c1b07b59e78_1199836736.jpeg?h=225&w=225,
287043106,Gatorade Cool Blue 500Ml,https://www.tesco.com/groceries/en-GB/shop/drinks/all?department=On%20The%20Go%20Drinks&viewAll=department&page=,£1.45,£0.29/100ml,"£3.40 Meal Deal Clubcard Price £3.90 Meal Deal Regular Price - Selected Drink, Snack, Wrap, Sandwich, Roll, Pasty Or Salad",,/groceries/en-GB/products/287043106,https://digitalcontent.api.tesco.com/v2/media/ghs/0ce7630c-4aa8-4f00-a0d8-564a009c2e00/b4445d09-1824-41b8-932a-14b1dafcb4e6_1712092961.jpeg?h=225&w=225,
260169362,Buxton Still Water Sports 1L(C),https://www.tesco.com/groceries/en-GB/shop/drinks/all?department=On%20The%20Go%20Drinks&viewAll=department&page=,£1.10,£0.11/100ml,"£3.40 Meal Deal Clubcard Price £3.90 Meal Deal Regular Price - Selected Drink, Snack, Wrap, Sandwich, Roll, Pasty Or Salad",,/groceries/en-GB/products/260169362,https://digitalcontent.api.tesco.com/v2/media/ghs/853da574-6890-4458-8e2c-5cf581b10def/94883231-f127-4819-bb9f-4d32c730a548_2065743219.jpeg?h=225&w=225,
267482964,Mountain Dew Energy 500Ml,https://www.tesco.com/groceries/en-GB/shop/drinks/all?department=On%20The%20Go%20Drinks&viewAll=department&page=,£1.40,£0.28/100ml,"£3.40 Meal Deal Clubcard Price £3.90 Meal Deal Regular Price - Selected Drink, Snack, Wrap, Sandwich, Roll, Pasty Or Salad",,/groceries/en-GB/products/267482964,https://digitalcontent.api.tesco.com/v2/media/ghs/74315bad-2c0e-4c12-8352-a72ff8fb4051/8dd1c63f-b0dc-4a63-80a5-ddd2f1b964d1_1971634551.jpeg?h=225&w=225,
255339785,Fanta Orange Zero 500Ml,https://www.tesco.com/groceries/en-GB/shop/drinks/all?department=On%20The%20Go%20Drinks&viewAll=department&page=,£1.60,£0.32/100ml,"£3.40 Meal Deal Clubcard Price £3.90 Meal Deal Regular Price - Selected Drink, Snack, Wrap, Sandwich, Roll, Pasty Or Salad",,/groceries/en-GB/products/255339785,https://digitalcontent.api.tesco.com/v2/media/ghs/0618f151-aef4-4a85-8b37-f705d0a1a7b6/6a63fdb2-ed9c-436b-ae4b-74e26ae2baed_452029958.jpeg?h=225&w=225,
277975101,Juice Burst Orange 500Ml,https://www.tesco.com/groceries/en-GB/shop/drinks/all?department=On%20The%20Go%20Drinks&viewAll=department&page=,£1.50,£0.30/100ml,"£3.40 Meal Deal Clubcard Price £3.90 Meal Deal Regular Price - Selected Drink, Snack, Wrap, Sandwich, Roll, Pasty Or Salad",,/groceries/en-GB/products/277975101,https://digitalcontent.api.tesco.com/v2/media/ghs/b306f11e-d92a-44ed-880b-22f820ce5178/ff4f4a6b-e496-4d8d-8a54-22dbd7311c1f_1775891695.jpeg?h=225&w=225,
305967119,Arctic Coffee Caramel Latte 330Ml,https://www.tesco.com/groceries/en-GB/shop/drinks/all?department=On%20The%20Go%20Drinks&viewAll=department&page=,£1.10,£0.33/100ml,,,/groceries/en-GB/products/305967119,https://digitalcontent.api.tesco.com/v2/media/ghs/bc73ffe5-8e81-4e63-b049-919024a4a6ed/42669ff8-9ba9-48e4-8ed5-209ff9ae1507_552386375.jpeg?h=225&w=225,
297132838,Pepsi Max Cherry 500Ml,https://www.tesco.com/groceries/en-GB/shop/drinks/all?department=On%20The%20Go%20Drinks&viewAll=department&page=,£1.45,£0.29/100ml,"£3.40 Meal Deal Clubcard Price £3.90 Meal Deal Regular Price - Selected Drink, Snack, Wrap, Sandwich, Roll, Pasty Or Salad",,/groceries/en-GB/products/297132838,https://digitalcontent.api.tesco.com/v2/media/ghs/8f49f960-ff96-4789-980b-b790db9ac957/01639825-b98e-41dd-89a9-7ae37d5eea58_1929543867.jpeg?h=225&w=225,
263850201,Lucozade Energy Orange 500Ml,https://www.tesco.com/groceries/en-GB/shop/drinks/all?department=On%20The%20Go%20Drinks&viewAll=department&page=,£1.60,£0.32/100ml,"£3.40 Meal Deal Clubcard Price £3.90 Meal Deal Regular Price - Selected Drink, Snack, Wrap, Sandwich, Roll, Pasty Or Salad",,/groceries/en-GB/products/263850201,https://digitalcontent.api.tesco.com/v2/media/ghs/fb5c0695-428f-4ac6-826e-5e7feb8ce1e6/1dcae46f-45b0-4eea-80bd-3a04f02a688b_568070125.jpeg?h=225&w=225,
262079459,Red Bull Energy Drink 355Ml,https://www.tesco.com/groceries/en-GB/shop/drinks/all?department=On%20The%20Go%20Drinks&viewAll=department&page=,£1.90,£0.54/100ml,"£3.40 Meal Deal Clubcard Price £3.90 Meal Deal Regular Price - Selected Drink, Snack, Wrap, Sandwich, Roll, Pasty Or Salad",,/groceries/en-GB/products/262079459,https://digitalcontent.api.tesco.com/v2/media/ghs/770d4d2a-4774-48f6-9b4f-9d5e4c1a5410/18673b4b-ccad-4681-b769-b7506b60c29d_1427477289.jpeg?h=225&w=225,
250267952,Volvic Sports Cap Water 1Ltr,https://www.tesco.com/groceries/en-GB/shop/drinks/all?department=On%20The%20Go%20Drinks&viewAll=department&page=,£1.00,£0.10/100ml,"£3.40 Meal Deal Clubcard Price £3.90 Meal Deal Regular Price - Selected Drink, Snack, Wrap, Sandwich, Roll, Pasty Or Salad",,/groceries/en-GB/products/250267952,https://digitalcontent.api.tesco.com/v2/media/ghs/d1920199-4a81-40a1-94ac-c925f12656ca/f60a5494-d100-4365-ab39-6722abddd043_1071187283.jpeg?h=225&w=225,
257741719,Evian Water 75Cl,https://www.tesco.com/groceries/en-GB/shop/drinks/all?department=On%20The%20Go%20Drinks&viewAll=department&page=,£1.20,£0.16/100ml,"£3.40 Meal Deal Clubcard Price £3.90 Meal Deal Regular Price - Selected Drink, Snack, Wrap, Sandwich, Roll, Pasty Or Salad",,/groceries/en-GB/products/257741719,https://digitalcontent.api.tesco.com/v2/media/ghs/5b07649d-e756-4348-ae33-610d89d585f5/26982ee2-764b-42b9-8d55-8e118debd9f1_599321664.jpeg?h=225&w=225,
259160983,Barr Irn Bru 500Ml,https://www.tesco.com/groceries/en-GB/shop/drinks/all?department=On%20The%20Go%20Drinks&viewAll=department&page=,£0.99,£0.20/100ml,"£3.40 Meal Deal Clubcard Price £3.90 Meal Deal Regular Price - Selected Drink, Snack, Wrap, Sandwich, Roll, Pasty Or Salad",,/groceries/en-GB/products/259160983,https://digitalcontent.api.tesco.com/v2/media/ghs/71ee9e1e-9a78-4c7d-99c2-2691c6d806be/c55dd41e-068d-4c49-99cf-a28b39105e38_2027598657.jpeg?h=225&w=225,
264556446,Red Bull Energy Drink 473Ml,https://www.tesco.com/groceries/en-GB/shop/drinks/all?department=On%20The%20Go%20Drinks&viewAll=department&page=,£2.40,£0.51/100ml,"£3.40 Meal Deal Clubcard Price £3.90 Meal Deal Regular Price - Selected Drink, Snack, Wrap, Sandwich, Roll, Pasty Or Salad",,/groceries/en-GB/products/264556446,https://digitalcontent.api.tesco.com/v2/media/ghs/6c77c582-1ea6-4010-96ce-bd960769f6d7/77d7fe56-bbd8-4f37-a5a7-5f0ae41436e2_1886086727.jpeg?h=225&w=225,
264556669,Monster Energy 500 Ml Can,https://www.tesco.com/groceries/en-GB/shop/drinks/all?department=On%20The%20Go%20Drinks&viewAll=department&page=,£1.65,£0.33/100ml,"£3.40 Meal Deal Clubcard Price £3.90 Meal Deal Regular Price - Selected Drink, Snack, Wrap, Sandwich, Roll, Pasty Or Salad",,/groceries/en-GB/products/264556669,https://digitalcontent.api.tesco.com/v2/media/ghs/2fa43bbc-5a50-40d9-bd44-3084ca6002b9/df91bf17-6664-485a-a328-ba15ca8e0d93_468310332.jpeg?h=225&w=225,
305518993,Innocent Energise Super Smoothie 300Ml,https://www.tesco.com/groceries/en-GB/shop/drinks/all?department=On%20The%20Go%20Drinks&viewAll=department&page=,£2.36,£0.79/100ml,"£3.40 Meal Deal Clubcard Price £3.90 Meal Deal Regular Price - Selected Drink, Snack, Wrap, Sandwich, Roll, Pasty Or Salad",,/groceries/en-GB/products/305518993,https://digitalcontent.api.tesco.com/v2/media/ghs/f4251ce1-9f6c-49b9-aa31-257c9f9e5393/f1e34d39-e9c7-4df9-8e08-83d658b0752f.jpeg?h=225&w=225,
272308641,Evian Water 1L,https://www.tesco.com/groceries/en-GB/shop/drinks/all?department=On%20The%20Go%20Drinks&viewAll=department&page=,£0.95,£0.10/100ml,,,/groceries/en-GB/products/272308641,https://digitalcontent.api.tesco.com/v2/media/ghs/00987164-f46c-4f8d-a13c-b3935cbdc6a8/76687693-ae2d-4d31-8681-b6e9800ba793_408340780.jpeg?h=225&w=225,
285132649,Glaceau Smartwater 600Ml,https://www.tesco.com/groceries/en-GB/shop/drinks/all?department=On%20The%20Go%20Drinks&viewAll=department&page=,£0.80,£0.13/100ml,"£3.40 Meal Deal Clubcard Price £3.90 Meal Deal Regular Price - Selected Drink, Snack, Wrap, Sandwich, Roll, Pasty Or Salad",,/groceries/en-GB/products/285132649,https://digitalcontent.api.tesco.com/v2/media/ghs/968f615c-f705-4632-b65b-64efbfe2fac2/44b41185-e9ed-4678-954d-bc6385ee3972_550847473.jpeg?h=225&w=225,
308850651,Costa Coffee Caramel Latte Cans 4 X 250Ml,https://www.tesco.com/groceries/en-GB/shop/drinks/all?department=On%20The%20Go%20Drinks&viewAll=department&page=,£3.49,£0.35/100ml,Aldi Price Match,,/groceries/en-GB/products/308850651,https://digitalcontent.api.tesco.com/v2/media/ghs/d845e723-ff48-4c81-b8c1-c1835793263e/74ababae-7c0e-422a-b351-c497f31cbec1_715264842.jpeg?h=225&w=225,
283690780,Ufit Pro50 Protein Drink Chocolate 500Ml,https://www.tesco.com/groceries/en-GB/shop/drinks/all?department=On%20The%20Go%20Drinks&viewAll=department&page=,£3.00,£0.60/100ml,£2.50 Clubcard Price,,/groceries/en-GB/products/283690780,https://digitalcontent.api.tesco.com/v2/media/ghs/31273d7b-c160-48a7-bee1-0d76df979a10/42942256-5e64-4ae0-91a2-3015e698e7f7.jpeg?h=225&w=225,
279855937,For Goodness Shakes Protein Strawberry 475Ml,https://www.tesco.com/groceries/en-GB/shop/drinks/all?department=On%20The%20Go%20Drinks&viewAll=department&page=,£2.30,£0.48/100ml,,,/groceries/en-GB/products/279855937,https://digitalcontent.api.tesco.com/v2/media/ghs/d66999d2-6a38-48db-bc2a-572041555af8/14ca9705-b75b-47ae-8df4-c28e961709fb_1573828929.jpeg?h=225&w=225,
311423600,Costa Coffee Caramel Swirl 250Ml,https://www.tesco.com/groceries/en-GB/shop/drinks/all?department=On%20The%20Go%20Drinks&viewAll=department&page=,£1.80,£0.72/100ml,,,/groceries/en-GB/products/311423600,https://digitalcontent.api.tesco.com/v2/media/ghs/62055bdd-4fde-4423-825c-d233c210dadf/897af709-6e6a-43a9-86be-7c99af543de2_1718290491.jpeg?h=225&w=225,
311782358,Costa Frappe Smooth Coffee 250Ml,https://www.tesco.com/groceries/en-GB/shop/drinks/all?department=On%20The%20Go%20Drinks&viewAll=department&page=,£1.80,£0.72/100ml,,,/groceries/en-GB/products/311782358,https://digitalcontent.api.tesco.com/v2/media/ghs/4de164e7-190d-4b47-9f16-c03e99d5aef5/f097b562-ec0b-4c42-84d4-ba82acca1355_90905854.jpeg?h=225&w=225,
283668387,Ufit Pro50 Protein Drink Strawberry 500Ml,https://www.tesco.com/groceries/en-GB/shop/drinks/all?department=On%20The%20Go%20Drinks&viewAll=department&page=,£3.00,£0.60/100ml,£2.50 Clubcard Price,,/groceries/en-GB/products/283668387,https://digitalcontent.api.tesco.com/v2/media/ghs/c8cdc06b-e31a-41fc-be7f-18002da48d4d/e167a8a0-fca2-4ae9-94ca-e8ee4ef3f411.jpeg?h=225&w=225,
309449935,Emmi Caffe Latte Vanilla 230Ml,https://www.tesco.com/groceries/en-GB/shop/drinks/all?department=On%20The%20Go%20Drinks&viewAll=department&page=,£1.60,£0.70/100ml,,,/groceries/en-GB/products/309449935,https://digitalcontent.api.tesco.com/v2/media/ghs/d035523d-e803-48c4-8ade-d90018116e3f/7d43bf29-94ae-4ce5-bf5c-3767786205ba.jpeg?h=225&w=225,
287438135,Tropicana Original Orange Juice 300Ml,https://www.tesco.com/groceries/en-GB/shop/drinks/all?department=On%20The%20Go%20Drinks&viewAll=department&page=,£1.65,£0.55/100ml,"£3.40 Meal Deal Clubcard Price £3.90 Meal Deal Regular Price - Selected Drink, Snack, Wrap, Sandwich, Roll, Pasty Or Salad",,/groceries/en-GB/products/287438135,https://digitalcontent.api.tesco.com/v2/media/ghs/2711f4ad-87ac-4860-b216-41c41fbd9392/c73167c1-7b9f-4314-b9c1-7ab7fa2500da.jpeg?h=225&w=225,
298026024,Red Bull Energy Drink Sugar Free 473Ml,https://www.tesco.com/groceries/en-GB/shop/drinks/all?department=On%20The%20Go%20Drinks&viewAll=department&page=,£2.30,£0.49/100ml,"£3.40 Meal Deal Clubcard Price £3.90 Meal Deal Regular Price - Selected Drink, Snack, Wrap, Sandwich, Roll, Pasty Or Salad",,/groceries/en-GB/products/298026024,https://digitalcontent.api.tesco.com/v2/media/ghs/c6ef823c-461a-4af8-a478-ffabc59992ce/16ab407c-abed-408c-9a1a-4519f7d720ab_771215796.jpeg?h=225&w=225,
309469715,Arctic White Chocolatte 330Ml,https://www.tesco.com/groceries/en-GB/shop/drinks/all?department=On%20The%20Go%20Drinks&viewAll=department&page=,£1.10,£0.33/100ml,,,/groceries/en-GB/products/309469715,https://digitalcontent.api.tesco.com/v2/media/ghs/aeb060d0-9fcc-446b-bbc6-267499a52bd3/82cc0098-e792-4109-a267-3d58aa797e78.jpeg?h=225&w=225,
263674951,Red Bull Sugar Free Energy Drink 355Ml,https://www.tesco.com/groceries/en-GB/shop/drinks/all?department=On%20The%20Go%20Drinks&viewAll=department&page=,£1.80,£0.51/100ml,"£3.40 Meal Deal Clubcard Price £3.90 Meal Deal Regular Price - Selected Drink, Snack, Wrap, Sandwich, Roll, Pasty Or Salad",,/groceries/en-GB/products/263674951,https://digitalcontent.api.tesco.com/v2/media/ghs/c15d70fb-710a-4add-863f-b5c13415db6d/1b0fecfb-2b07-4d97-8c5e-4a3558fc8137_1564721808.jpeg?h=225&w=225,
251616826,Diet Coke Caffeine Free 500Ml,https://www.tesco.com/groceries/en-GB/shop/drinks/all?department=On%20The%20Go%20Drinks&viewAll=department&page=,£1.59,£0.32/100ml,"£3.40 Meal Deal Clubcard Price £3.90 Meal Deal Regular Price - Selected Drink, Snack, Wrap, Sandwich, Roll, Pasty Or Salad",,/groceries/en-GB/products/251616826,https://digitalcontent.api.tesco.com/v2/media/ghs/c5f8f777-09b4-4157-acea-985e2aba0305/1f142538-9705-4a3d-acea-025b625d19bd_141663680.jpeg?h=225&w=225,
252062033,Fanta Lemon 500Ml,https://www.tesco.com/groceries/en-GB/shop/drinks/all?department=On%20The%20Go%20Drinks&viewAll=department&page=,£1.60,£0.32/100ml,"£3.40 Meal Deal Clubcard Price £3.90 Meal Deal Regular Price - Selected Drink, Snack, Wrap, Sandwich, Roll, Pasty Or Salad",,/groceries/en-GB/products/252062033,https://digitalcontent.api.tesco.com/v2/media/ghs/74eb6e24-12fa-4cc8-bf01-e97974dbe0c8/7c3a3fc7-07e7-4c41-af08-ce32ba733abc_1230334745.jpeg?h=225&w=225,
250607009,Oasis Summer Fruits Light 500Ml,https://www.tesco.com/groceries/en-GB/shop/drinks/all?department=On%20The%20Go%20Drinks&viewAll=department&page=,£1.55,£0.31/100ml,"£3.40 Meal Deal Clubcard Price £3.90 Meal Deal Regular Price - Selected Drink, Snack, Wrap, Sandwich, Roll, Pasty Or Salad",,/groceries/en-GB/products/250607009,https://digitalcontent.api.tesco.com/v2/media/ghs/e90e8800-0670-4ed0-8e17-60219663644e/52c33b3a-247d-4a9e-aec9-9176571e529f_1170477070.jpeg?h=225&w=225,
308468580,Purdey's Replenishing Raspberry & Rose Natural Drink 330Ml,https://www.tesco.com/groceries/en-GB/shop/drinks/all?department=On%20The%20Go%20Drinks&viewAll=department&page=,£1.50,£0.46/100ml,"£3.40 Meal Deal Clubcard Price £3.90 Meal Deal Regular Price - Selected Drink, Snack, Wrap, Sandwich, Roll, Pasty Or Salad",,/groceries/en-GB/products/308468580,https://digitalcontent.api.tesco.com/v2/media/ghs/1b8dbc6b-3da6-4031-a743-3028c4628585/8fcaa6b9-e561-4a68-9ed9-141f11e2ccf1_1492805061.jpeg?h=225&w=225,
298504449,Coca Cola Vanilla Zero 500Ml,https://www.tesco.com/groceries/en-GB/shop/drinks/all?department=On%20The%20Go%20Drinks&viewAll=department&page=,£1.59,£0.32/100ml,"£3.40 Meal Deal Clubcard Price £3.90 Meal Deal Regular Price - Selected Drink, Snack, Wrap, Sandwich, Roll, Pasty Or Salad",,/groceries/en-GB/products/298504449,https://digitalcontent.api.tesco.com/v2/media/ghs/5e93ee61-1b00-44f0-84ba-0145df9ec886/b039c138-f358-4e44-88e0-d2a4c0480575_192761577.jpeg?h=225&w=225,
292389520,Coca Cola Zero Cherry 500Ml,https://www.tesco.com/groceries/en-GB/shop/drinks/all?department=On%20The%20Go%20Drinks&viewAll=department&page=,£1.59,£0.32/100ml,"£3.40 Meal Deal Clubcard Price £3.90 Meal Deal Regular Price - Selected Drink, Snack, Wrap, Sandwich, Roll, Pasty Or Salad",,/groceries/en-GB/products/292389520,https://digitalcontent.api.tesco.com/v2/media/ghs/81185a57-f1b8-49a9-8560-fdedece9d204/44cc74fa-51bc-425c-9496-adf280aeebca_697787410.jpeg?h=225&w=225,
272855015,Purdeys Rejuvenation Fruit Drink 330Ml,https://www.tesco.com/groceries/en-GB/shop/drinks/all?department=On%20The%20Go%20Drinks&viewAll=department&page=,£1.50,£0.46/100ml,"£3.40 Meal Deal Clubcard Price £3.90 Meal Deal Regular Price - Selected Drink, Snack, Wrap, Sandwich, Roll, Pasty Or Salad",,/groceries/en-GB/products/272855015,https://digitalcontent.api.tesco.com/v2/media/ghs/e06548cf-44bf-47d5-aa2d-c3269ccd73e1/154a53bd-302b-4719-a00f-998a9caaa08b_1085632155.jpeg?h=225&w=225,
287939251,Tropicana Multivitamins 300Ml,https://www.tesco.com/groceries/en-GB/shop/drinks/all?department=On%20The%20Go%20Drinks&viewAll=department&page=,£1.65,£0.55/100ml,"£3.40 Meal Deal Clubcard Price £3.90 Meal Deal Regular Price - Selected Drink, Snack, Wrap, Sandwich, Roll, Pasty Or Salad",,/groceries/en-GB/products/287939251,https://digitalcontent.api.tesco.com/v2/media/ghs/892982ca-b858-42e6-b663-eca777f8c7f0/1368544e-4720-445c-b625-3c2abd0a7df0.jpeg?h=225&w=225,
251806135,Sprite Regular 500Ml,https://www.tesco.com/groceries/en-GB/shop/drinks/all?department=On%20The%20Go%20Drinks&viewAll=department&page=,£1.50,£0.30/100ml,"£3.40 Meal Deal Clubcard Price £3.90 Meal Deal Regular Price - Selected Drink, Snack, Wrap, Sandwich, Roll, Pasty Or Salad",,/groceries/en-GB/products/251806135,https://digitalcontent.api.tesco.com/v2/media/ghs/b4cf2fd0-9dac-40b4-ba1b-3949a0521f33/eee59d6f-8120-4c33-9a9f-3cf442def969_2062129499.jpeg?h=225&w=225,
259153617,Red Bull Energy Drink 250Ml,https://www.tesco.com/groceries/en-GB/shop/drinks/all?department=On%20The%20Go%20Drinks&viewAll=department&page=,£1.50,£0.60/100ml,"£3.40 Meal Deal Clubcard Price £3.90 Meal Deal Regular Price - Selected Drink, Snack, Wrap, Sandwich, Roll, Pasty Or Salad",,/groceries/en-GB/products/259153617,https://digitalcontent.api.tesco.com/v2/media/ghs/cd455f40-c4c4-4498-a988-e0467f7c9dcc/7a7fefd8-b73c-4fe5-9cc7-e39822e796d3_632370232.jpeg?h=225&w=225,
262001206,Lucozade Sport Raspberry 500Ml,https://www.tesco.com/groceries/en-GB/shop/drinks/all?department=On%20The%20Go%20Drinks&viewAll=department&page=,£1.60,£0.32/100ml,"£3.40 Meal Deal Clubcard Price £3.90 Meal Deal Regular Price - Selected Drink, Snack, Wrap, Sandwich, Roll, Pasty Or Salad",,/groceries/en-GB/products/262001206,https://digitalcontent.api.tesco.com/v2/media/ghs/c5e0402d-a7e3-48b7-aef9-e23410beec00/325beff0-29e1-4341-9c22-661939c2636f_1319597245.jpeg?h=225&w=225,
303415109,Innocent Bolt From Blue Juice 330Ml,https://www.tesco.com/groceries/en-GB/shop/drinks/all?department=On%20The%20Go%20Drinks&viewAll=department&page=,£2.15,£0.65/100ml,"£3.40 Meal Deal Clubcard Price £3.90 Meal Deal Regular Price - Selected Drink, Snack, Wrap, Sandwich, Roll, Pasty Or Salad",,/groceries/en-GB/products/303415109,https://digitalcontent.api.tesco.com/v2/media/ghs/df7fa3d3-c694-4a18-86e7-42049c4eb7d2/4c0716f4-59ed-452a-8cc8-516a84b82ea8.jpeg?h=225&w=225,
290328463,Monster Energy Ultra 500Ml,https://www.tesco.com/groceries/en-GB/shop/drinks/all?department=On%20The%20Go%20Drinks&viewAll=department&page=,£1.55,£0.31/100ml,"£3.40 Meal Deal Clubcard Price £3.90 Meal Deal Regular Price - Selected Drink, Snack, Wrap, Sandwich, Roll, Pasty Or Salad",,/groceries/en-GB/products/290328463,https://digitalcontent.api.tesco.com/v2/media/ghs/daecc50d-cce8-4612-8b87-232a1d722a74/993fb743-4e59-41a6-8ef3-26935305b483_204783473.jpeg?h=225&w=225,
303226575,Pepsi Max Raspberry 500Ml,https://www.tesco.com/groceries/en-GB/shop/drinks/all?department=On%20The%20Go%20Drinks&viewAll=department&page=,£1.45,£0.29/100ml,"£3.40 Meal Deal Clubcard Price £3.90 Meal Deal Regular Price - Selected Drink, Snack, Wrap, Sandwich, Roll, Pasty Or Salad",,/groceries/en-GB/products/303226575,https://digitalcontent.api.tesco.com/v2/media/ghs/02e13fac-008c-4695-836f-b273675e5343/0666cfca-2a77-4f33-9b34-ebbe9144759d_733838004.jpeg?h=225&w=225,
252168830,Evian Natural Mineral Water 500Ml,https://www.tesco.com/groceries/en-GB/shop/drinks/all?department=On%20The%20Go%20Drinks&viewAll=department&page=,£0.90,£0.18/100ml,"£3.40 Meal Deal Clubcard Price £3.90 Meal Deal Regular Price - Selected Drink, Snack, Wrap, Sandwich, Roll, Pasty Or Salad",,/groceries/en-GB/products/252168830,https://digitalcontent.api.tesco.com/v2/media/ghs/5862c6e4-b095-4053-bb40-e83c1d1ff5f2/95080a75-0372-450b-a334-708b7c192df3_384833645.jpeg?h=225&w=225,
311441048,Pepsi Max Lime 500Ml,https://www.tesco.com/groceries/en-GB/shop/drinks/all?department=On%20The%20Go%20Drinks&viewAll=department&page=,£1.45,£0.29/100ml,"£3.40 Meal Deal Clubcard Price £3.90 Meal Deal Regular Price - Selected Drink, Snack, Wrap, Sandwich, Roll, Pasty Or Salad",,/groceries/en-GB/products/311441048,https://digitalcontent.api.tesco.com/v2/media/ghs/9e110a7c-7a4f-4e71-b8be-70be4ea51ef0/0efa7240-7976-4938-b668-301b07be91be_1712584776.jpeg?h=225&w=225,
253845275,Innocent Mangoes Passion Fruit 250Ml,https://www.tesco.com/groceries/en-GB/shop/drinks/all?department=On%20The%20Go%20Drinks&viewAll=department&page=,£2.00,£0.80/100ml,"£3.40 Meal Deal Clubcard Price £3.90 Meal Deal Regular Price - Selected Drink, Snack, Wrap, Sandwich, Roll, Pasty Or Salad",,/groceries/en-GB/products/253845275,https://digitalcontent.api.tesco.com/v2/media/ghs/d9103607-786e-4651-9dfe-a388ccaa579b/f5f6fbe4-b799-4850-a23c-7ead0dc84938.jpeg?h=225&w=225,
278002866,Get More Vitamin D 500 Ml,https://www.tesco.com/groceries/en-GB/shop/drinks/all?department=On%20The%20Go%20Drinks&viewAll=department&page=,£1.25,£0.25/100ml,"£3.40 Meal Deal Clubcard Price £3.90 Meal Deal Regular Price - Selected Drink, Snack, Wrap, Sandwich, Roll, Pasty Or Salad",,/groceries/en-GB/products/278002866,https://digitalcontent.api.tesco.com/v2/media/ghs/d7cbe7ea-10af-4c07-aaed-ad7952d08461/d0308280-62f0-46c6-89fa-2ebbb21bcf66_317928373.jpeg?h=225&w=225,
293541591,Glaceau Smartwater Sport Cap 850Ml,https://www.tesco.com/groceries/en-GB/shop/drinks/all?department=On%20The%20Go%20Drinks&viewAll=department&page=,£1.10,£0.13/100ml,"£3.40 Meal Deal Clubcard Price £3.90 Meal Deal Regular Price - Selected Drink, Snack, Wrap, Sandwich, Roll, Pasty Or Salad",,/groceries/en-GB/products/293541591,https://digitalcontent.api.tesco.com/v2/media/ghs/1cd22de0-0f47-47e8-b5c0-d29961a51daa/8ea89396-0946-4695-9512-53b59d75659c_571191231.jpeg?h=225&w=225,
262080192,Vimto Still 500Ml,https://www.tesco.com/groceries/en-GB/shop/drinks/all?department=On%20The%20Go%20Drinks&viewAll=department&page=,£1.15,£0.23/100ml,"£3.40 Meal Deal Clubcard Price £3.90 Meal Deal Regular Price - Selected Drink, Snack, Wrap, Sandwich, Roll, Pasty Or Salad",,/groceries/en-GB/products/262080192,https://digitalcontent.api.tesco.com/v2/media/ghs/9d05ca2e-3490-4972-98fb-caa77097f838/ba334c76-afe6-452b-8b5e-7bcf9c726784_273801924.jpeg?h=225&w=225,
260274716,Relentless Origin 500Ml,https://www.tesco.com/groceries/en-GB/shop/drinks/all?department=On%20The%20Go%20Drinks&viewAll=department&page=,£1.20,£0.24/100ml,"£3.40 Meal Deal Clubcard Price £3.90 Meal Deal Regular Price - Selected Drink, Snack, Wrap, Sandwich, Roll, Pasty Or Salad",,/groceries/en-GB/products/260274716,https://digitalcontent.api.tesco.com/v2/media/ghs/c84069c8-8b35-492f-b4a1-9e25f45bf5f6/2f702d38-5046-411c-b6ec-9f9e3169a772_945335984.jpeg?h=225&w=225,
251074208,San Pellegrino Sparkling Water 500Ml (New),https://www.tesco.com/groceries/en-GB/shop/drinks/all?department=On%20The%20Go%20Drinks&viewAll=department&page=,£0.90,£0.18/100ml,"£3.40 Meal Deal Clubcard Price £3.90 Meal Deal Regular Price - Selected Drink, Snack, Wrap, Sandwich, Roll, Pasty Or Salad",,/groceries/en-GB/products/251074208,https://digitalcontent.api.tesco.com/v2/media/ghs/c100c589-5aac-4e8d-a160-1e3d2d40d216/0d95a646-f076-4527-a7b6-83cf2ecb83a1_460913592.jpeg?h=225&w=225,
303068069,Monster Juiced Mango Loco 500Ml,https://www.tesco.com/groceries/en-GB/shop/drinks/all?department=On%20The%20Go%20Drinks&viewAll=department&page=,£1.65,£0.33/100ml,"£3.40 Meal Deal Clubcard Price £3.90 Meal Deal Regular Price - Selected Drink, Snack, Wrap, Sandwich, Roll, Pasty Or Salad",,/groceries/en-GB/products/303068069,https://digitalcontent.api.tesco.com/v2/media/ghs/9ce1bd9b-365b-4602-8e54-c263d3fade75/77a13a27-5a77-46b7-8f42-0725edf5379b_986309078.jpeg?h=225&w=225,
309467562,Robinsons No Added Sugar Ready To Drink Blackberry & Blueberry 500Ml,https://www.tesco.com/groceries/en-GB/shop/drinks/all?department=On%20The%20Go%20Drinks&viewAll=department&page=,£1.15,£0.23/100ml,"£3.40 Meal Deal Clubcard Price £3.90 Meal Deal Regular Price - Selected Drink, Snack, Wrap, Sandwich, Roll, Pasty Or Salad",,/groceries/en-GB/products/309467562,https://digitalcontent.api.tesco.com/v2/media/ghs/f732c6b0-ab58-4340-9be3-2838d74aac97/8d1ffc88-48f2-4819-b942-dc048be17e6d_75261677.jpeg?h=225&w=225,
260205412,Highland Spring Sports Bottle 750 Ml,https://www.tesco.com/groceries/en-GB/shop/drinks/all?department=On%20The%20Go%20Drinks&viewAll=department&page=,£1.00,£0.13/100ml,"£3.40 Meal Deal Clubcard Price £3.90 Meal Deal Regular Price - Selected Drink, Snack, Wrap, Sandwich, Roll, Pasty Or Salad",,/groceries/en-GB/products/260205412,https://digitalcontent.api.tesco.com/v2/media/ghs/e9b07729-4e10-4e32-b671-098ad2393f4a/3e342556-8f5d-4d8b-9ce2-ddcb3f27c829_1241404347.jpeg?h=225&w=225,
308858660,Costa Coffee Flat White 200Ml,https://www.tesco.com/groceries/en-GB/shop/drinks/all?department=On%20The%20Go%20Drinks&viewAll=department&page=,£1.80,£0.90/100ml,£1.00 Clubcard Price,,/groceries/en-GB/products/308858660,https://digitalcontent.api.tesco.com/v2/media/ghs/e0c4a12b-6057-4fa9-adb5-02732a8d80f6/53f5d278-3ccb-477b-b3c1-28a0561cdc42_1896838640.jpeg?h=225&w=225,
305056818,Rockstar Juiced Enery El Mango 500Ml,https://www.tesco.com/groceries/en-GB/shop/drinks/all?department=On%20The%20Go%20Drinks&viewAll=department&page=,£1.00,£0.20/100ml,"£3.40 Meal Deal Clubcard Price £3.90 Meal Deal Regular Price - Selected Drink, Snack, Wrap, Sandwich, Roll, Pasty Or Salad",,/groceries/en-GB/products/305056818,https://digitalcontent.api.tesco.com/v2/media/ghs/c88ca101-c2c7-4d11-ad9b-9ac9cdc12c71/a908835d-e434-4a77-a9c3-feb235111b5d_663929673.jpeg?h=225&w=225,
272582527,Rockstar Punched Tropical Guava Drink 500Ml,https://www.tesco.com/groceries/en-GB/shop/drinks/all?department=On%20The%20Go%20Drinks&viewAll=department&page=,£1.00,£0.20/100ml,"£3.40 Meal Deal Clubcard Price £3.90 Meal Deal Regular Price - Selected Drink, Snack, Wrap, Sandwich, Roll, Pasty Or Salad",,/groceries/en-GB/products/272582527,https://digitalcontent.api.tesco.com/v2/media/ghs/2766428c-d52f-4132-a093-585d166ced9d/959c3eba-f3d6-469c-b2d4-5cfdf910ca34_1589196388.jpeg?h=225&w=225,
262253149,Capri Sun Orange 330Ml,https://www.tesco.com/groceries/en-GB/shop/drinks/all?department=On%20The%20Go%20Drinks&viewAll=department&page=,£1.30,£0.39/100ml,"£3.40 Meal Deal Clubcard Price £3.90 Meal Deal Regular Price - Selected Drink, Snack, Wrap, Sandwich, Roll, Pasty Or Salad",,/groceries/en-GB/products/262253149,https://digitalcontent.api.tesco.com/v2/media/ghs/38aff681-7a64-433c-b1ba-f9c0c66c67b8/9fc2e456-a589-427c-839d-f2cac0c61407_1100171754.jpeg?h=225&w=225,
311800718,Emmi Caffe Latte Skinny 4X230ml,https://www.tesco.com/groceries/en-GB/shop/drinks/all?department=On%20The%20Go%20Drinks&viewAll=department&page=,£5.50,£0.60/100ml,,,/groceries/en-GB/products/311800718,https://digitalcontent.api.tesco.com/v2/media/ghs/d77e3fc8-91ff-45b1-8f6e-9591031ab699/f3e918b6-e448-49bc-8fd0-e73925ed7f2a.jpeg?h=225&w=225,
307148344,Wow Hydrate Protein Summer Fruits 4X500ml,https://www.tesco.com/groceries/en-GB/shop/drinks/all?department=On%20The%20Go%20Drinks&viewAll=department&page=,£4.50,£0.22/100ml,,,/groceries/en-GB/products/307148344,https://digitalcontent.api.tesco.com/v2/media/ghs/b4db9bfb-e29c-4a9f-96ed-8511ff3e9754/298aed0b-9980-4df5-8f87-3e8f8151d034_235642188.jpeg?h=225&w=225,
311949018,Costa Coffee Chocolate Fudge Brownie 250Ml,https://www.tesco.com/groceries/en-GB/shop/drinks/all?department=On%20The%20Go%20Drinks&viewAll=department&page=,£1.80,£0.72/100ml,,,/groceries/en-GB/products/311949018,https://digitalcontent.api.tesco.com/v2/media/ghs/5c456b82-22be-440e-83be-406459667c96/6c455f1f-975f-41af-bd95-bb192aabec1f_172155723.jpeg?h=225&w=225,
287439094,Tropicana Orange & Mango Juice 300Ml,https://www.tesco.com/groceries/en-GB/shop/drinks/all?department=On%20The%20Go%20Drinks&viewAll=department&page=,£1.65,£0.55/100ml,"£3.40 Meal Deal Clubcard Price £3.90 Meal Deal Regular Price - Selected Drink, Snack, Wrap, Sandwich, Roll, Pasty Or Salad",,/groceries/en-GB/products/287439094,https://digitalcontent.api.tesco.com/v2/media/ghs/6778eda5-7325-4471-9a07-0952192908c0/6c74227e-d512-47f8-b618-66ebef7cbb75.jpeg?h=225&w=225,
309454715,Mighty Shake Chocolate 330Ml,https://www.tesco.com/groceries/en-GB/shop/drinks/all?department=On%20The%20Go%20Drinks&viewAll=department&page=,£1.60,£0.48/100ml,,,/groceries/en-GB/products/309454715,https://digitalcontent.api.tesco.com/v2/media/ghs/a8e8fb85-65ce-425f-93d5-25cf64debad9/b427b815-ff87-4be1-b97f-d38d56ff1f59_1171902104.jpeg?h=225&w=225,
309766719,Naked Mango Machine Smoothie 300Ml,https://www.tesco.com/groceries/en-GB/shop/drinks/all?department=On%20The%20Go%20Drinks&viewAll=department&page=,£2.36,£0.79/100ml,"£3.40 Meal Deal Clubcard Price £3.90 Meal Deal Regular Price - Selected Drink, Snack, Wrap, Sandwich, Roll, Pasty Or Salad",,/groceries/en-GB/products/309766719,https://digitalcontent.api.tesco.com/v2/media/ghs/05026522-3f82-44f1-9cf6-9d5fa362be41/bae10558-cfee-47a7-9e0e-346817d72a43.jpeg?h=225&w=225,
305432828,Innocent Blue Spark Super Smoothie 300Ml,https://www.tesco.com/groceries/en-GB/shop/drinks/all?department=On%20The%20Go%20Drinks&viewAll=department&page=,£2.36,£0.79/100ml,"£3.40 Meal Deal Clubcard Price £3.90 Meal Deal Regular Price - Selected Drink, Snack, Wrap, Sandwich, Roll, Pasty Or Salad",,/groceries/en-GB/products/305432828,https://digitalcontent.api.tesco.com/v2/media/ghs/080249b9-2f23-4ade-991c-d629639c5e2a/679523c3-1183-407e-8877-6a457e9068c4.jpeg?h=225&w=225,
287438020,Copella Apple Juice 300Ml,https://www.tesco.com/groceries/en-GB/shop/drinks/all?department=On%20The%20Go%20Drinks&viewAll=department&page=,£1.19,£0.40/100ml,"£3.40 Meal Deal Clubcard Price £3.90 Meal Deal Regular Price - Selected Drink, Snack, Wrap, Sandwich, Roll, Pasty Or Salad",,/groceries/en-GB/products/287438020,https://digitalcontent.api.tesco.com/v2/media/ghs/6a95bee7-462b-4896-b7b7-a43f5f1dd281/2c63a8bc-60f8-4ec2-bbbc-0a344da85422.jpeg?h=225&w=225,
310667658,Red Bull Sugar Free Strawberry & Apricot Summer Edition 355Ml,https://www.tesco.com/groceries/en-GB/shop/drinks/all?department=On%20The%20Go%20Drinks&viewAll=department&page=,£1.80,£0.51/100ml,"£3.40 Meal Deal Clubcard Price £3.90 Meal Deal Regular Price - Selected Drink, Snack, Wrap, Sandwich, Roll, Pasty Or Salad",,/groceries/en-GB/products/310667658,https://digitalcontent.api.tesco.com/v2/media/ghs/b5211c3d-f855-40d4-8e2d-f893b50d86e1/708ed039-41af-4664-bf86-b59518ad4aa2_713017208.jpeg?h=225&w=225,
310678567,Red Bull Sugar Free The Tropical Edition 355Ml,https://www.tesco.com/groceries/en-GB/shop/drinks/all?department=On%20The%20Go%20Drinks&viewAll=department&page=,£1.80,£0.51/100ml,"£3.40 Meal Deal Clubcard Price £3.90 Meal Deal Regular Price - Selected Drink, Snack, Wrap, Sandwich, Roll, Pasty Or Salad",,/groceries/en-GB/products/310678567,https://digitalcontent.api.tesco.com/v2/media/ghs/398e0b40-e4eb-4ea8-ad09-df5ee49b5f91/817c60f4-ee44-481f-8089-67d4a953e518_954697441.jpeg?h=225&w=225,
308864485,Grenade Cherry Bomb Energy Drink 330Ml,https://www.tesco.com/groceries/en-GB/shop/drinks/all?department=On%20The%20Go%20Drinks&viewAll=department&page=,£1.65,£0.50/100ml,"£3.40 Meal Deal Clubcard Price £3.90 Meal Deal Regular Price - Selected Drink, Snack, Wrap, Sandwich, Roll, Pasty Or Salad",,/groceries/en-GB/products/308864485,https://digitalcontent.api.tesco.com/v2/media/ghs/21fca3b5-483e-4c47-9d05-43a17df3213f/c4c21484-b95d-4cbb-abab-d106897bf85b_2036770401.jpeg?h=225&w=225,
310675343,Monster Energy Juiced Monarch 500Ml,https://www.tesco.com/groceries/en-GB/shop/drinks/all?department=On%20The%20Go%20Drinks&viewAll=department&page=,£1.65,£0.33/100ml,"£3.40 Meal Deal Clubcard Price £3.90 Meal Deal Regular Price - Selected Drink, Snack, Wrap, Sandwich, Roll, Pasty Or Salad",,/groceries/en-GB/products/310675343,https://digitalcontent.api.tesco.com/v2/media/ghs/77bf945a-8fef-45aa-b881-758983c133da/3e4ce90c-bbc7-4659-919c-af6761c4d168_1131984918.jpeg?h=225&w=225,
304372318,Monster Energy Zero Sugar Ultra Black 500Ml,https://www.tesco.com/groceries/en-GB/shop/drinks/all?department=On%20The%20Go%20Drinks&viewAll=department&page=,£1.55,£0.31/100ml,"£3.40 Meal Deal Clubcard Price £3.90 Meal Deal Regular Price - Selected Drink, Snack, Wrap, Sandwich, Roll, Pasty Or Salad",,/groceries/en-GB/products/304372318,https://digitalcontent.api.tesco.com/v2/media/ghs/cdf05546-a6f1-4a9e-8855-22416fa9d782/8f76e58b-9c09-46b6-98fa-74284694e92d_88936321.jpeg?h=225&w=225,
289545425,Orangina 420Ml,https://www.tesco.com/groceries/en-GB/shop/drinks/all?department=On%20The%20Go%20Drinks&viewAll=department&page=,£1.60,£0.38/100ml,"£3.40 Meal Deal Clubcard Price £3.90 Meal Deal Regular Price - Selected Drink, Snack, Wrap, Sandwich, Roll, Pasty Or Salad",,/groceries/en-GB/products/289545425,https://digitalcontent.api.tesco.com/v2/media/ghs/57e7119b-f5ea-45cc-99e4-26a08be2b1ec/09489edd-de48-4d3d-b7d8-d517cd18300f_1511865503.jpeg?h=225&w=225,
292215645,Lucozade Energy Zero Pink Lemonade 500Ml,https://www.tesco.com/groceries/en-GB/shop/drinks/all?department=On%20The%20Go%20Drinks&viewAll=department&page=,£1.60,£0.32/100ml,"£3.40 Meal Deal Clubcard Price £3.90 Meal Deal Regular Price - Selected Drink, Snack, Wrap, Sandwich, Roll, Pasty Or Salad",,/groceries/en-GB/products/292215645,https://digitalcontent.api.tesco.com/v2/media/ghs/67368713-0814-4022-9ff2-d468c8df29b2/3e9be865-9560-4b92-87d2-241f88852342_952594156.jpeg?h=225&w=225,
287043141,Gatorade Tropical Punch 500Ml,https://www.tesco.com/groceries/en-GB/shop/drinks/all?department=On%20The%20Go%20Drinks&viewAll=department&page=,£1.45,£0.29/100ml,"£3.40 Meal Deal Clubcard Price £3.90 Meal Deal Regular Price - Selected Drink, Snack, Wrap, Sandwich, Roll, Pasty Or Salad",,/groceries/en-GB/products/287043141,https://digitalcontent.api.tesco.com/v2/media/ghs/8352b8ea-3c54-4b58-8ed0-13a90d692f9f/0bd0296e-da21-44f4-93ad-fd8b34cccea1_593998055.jpeg?h=225&w=225,
304386636,Tenzing Energy Drink Raspberry & Yuzu 250Ml,https://www.tesco.com/groceries/en-GB/shop/drinks/all?department=On%20The%20Go%20Drinks&viewAll=department&page=,£1.45,£0.58/100ml,"£3.40 Meal Deal Clubcard Price £3.90 Meal Deal Regular Price - Selected Drink, Snack, Wrap, Sandwich, Roll, Pasty Or Salad",,/groceries/en-GB/products/304386636,https://digitalcontent.api.tesco.com/v2/media/ghs/a3f00425-72e5-4892-9697-a0661a8de156/8f0eb65b-454b-4ae3-8c81-74109450cb7d_748579478.jpeg?h=225&w=225,
251496293,Tango Orange 500Ml,https://www.tesco.com/groceries/en-GB/shop/drinks/all?department=On%20The%20Go%20Drinks&viewAll=department&page=,£1.45,£0.29/100ml,"£3.40 Meal Deal Clubcard Price £3.90 Meal Deal Regular Price - Selected Drink, Snack, Wrap, Sandwich, Roll, Pasty Or Salad",,/groceries/en-GB/products/251496293,https://digitalcontent.api.tesco.com/v2/media/ghs/72718e75-14ea-4da1-9cff-9d1ca6900925/ab9c334c-bade-4527-8b9d-17460db77482_499085091.jpeg?h=225&w=225,
268352610,Volvic Touch Of Fruit Lemon & Lime 750Ml,https://www.tesco.com/groceries/en-GB/shop/drinks/all?department=On%20The%20Go%20Drinks&viewAll=department&page=,£1.40,£0.19/100ml,"£3.40 Meal Deal Clubcard Price £3.90 Meal Deal Regular Price - Selected Drink, Snack, Wrap, Sandwich, Roll, Pasty Or Salad",,/groceries/en-GB/products/268352610,https://digitalcontent.api.tesco.com/v2/media/ghs/c48ab234-d5df-436f-a8f4-fd53dfdb7cac/d659a29b-aecf-4bd9-8e10-0f01bb1670cd_110270362.jpeg?h=225&w=225,
253217725,Pepsi Regular 500Ml,https://www.tesco.com/groceries/en-GB/shop/drinks/all?department=On%20The%20Go%20Drinks&viewAll=department&page=,£1.65,£0.33/100ml,"£3.40 Meal Deal Clubcard Price £3.90 Meal Deal Regular Price - Selected Drink, Snack, Wrap, Sandwich, Roll, Pasty Or Salad",,/groceries/en-GB/products/253217725,https://digitalcontent.api.tesco.com/v2/media/ghs/a88c35cc-f087-4b94-9ac5-be340de1d50b/e83a6cbf-2cb3-4530-a346-269da9b0f4b7_1790914034.jpeg?h=225&w=225,
305431759,Innocent Invigorate Super Smoothie 300Ml,https://www.tesco.com/groceries/en-GB/shop/drinks/all?department=On%20The%20Go%20Drinks&viewAll=department&page=,£2.36,£0.79/100ml,"£3.40 Meal Deal Clubcard Price £3.90 Meal Deal Regular Price - Selected Drink, Snack, Wrap, Sandwich, Roll, Pasty Or Salad",,/groceries/en-GB/products/305431759,https://digitalcontent.api.tesco.com/v2/media/ghs/3e7013f1-8f2e-4540-a895-d740b0a98316/3fc4de8f-4232-4b45-a18b-f7a1d5b7957f.jpeg?h=225&w=225,
296870560,Rubicon Spring Black Cherry & Raspberry 500Ml,https://www.tesco.com/groceries/en-GB/shop/drinks/all?department=On%20The%20Go%20Drinks&viewAll=department&page=,£1.30,£0.26/100ml,"£3.40 Meal Deal Clubcard Price £3.90 Meal Deal Regular Price - Selected Drink, Snack, Wrap, Sandwich, Roll, Pasty Or Salad",,/groceries/en-GB/products/296870560,https://digitalcontent.api.tesco.com/v2/media/ghs/0aa56b00-5bbb-4f61-89ef-31c5c030a67f/57692264-e245-440c-925d-3cb2b070d76f_374068170.jpeg?h=225&w=225,
256128751,Red Bull Sugar Free Energy Drink 250Ml,https://www.tesco.com/groceries/en-GB/shop/drinks/all?department=On%20The%20Go%20Drinks&viewAll=department&page=,£1.40,£0.56/100ml,"£3.40 Meal Deal Clubcard Price £3.90 Meal Deal Regular Price - Selected Drink, Snack, Wrap, Sandwich, Roll, Pasty Or Salad",,/groceries/en-GB/products/256128751,https://digitalcontent.api.tesco.com/v2/media/ghs/49dedf8d-64e2-4431-8056-74b927c831b6/5ccaef00-aae2-4a35-b723-b5eb2e0664df_1463849066.jpeg?h=225&w=225,
268352466,Volvic Touch Of Fruit Strawberry 750Ml,https://www.tesco.com/groceries/en-GB/shop/drinks/all?department=On%20The%20Go%20Drinks&viewAll=department&page=,£1.40,£0.19/100ml,"£3.40 Meal Deal Clubcard Price £3.90 Meal Deal Regular Price - Selected Drink, Snack, Wrap, Sandwich, Roll, Pasty Or Salad",,/groceries/en-GB/products/268352466,https://digitalcontent.api.tesco.com/v2/media/ghs/5926cbf3-f649-4c22-8a30-9be6bd031015/776c19dd-72f5-4efb-9fdc-3a4e8be05590_668734382.jpeg?h=225&w=225,
303068047,Monster Pipeline Punch 500Ml,https://www.tesco.com/groceries/en-GB/shop/drinks/all?department=On%20The%20Go%20Drinks&viewAll=department&page=,£1.65,£0.33/100ml,"£3.40 Meal Deal Clubcard Price £3.90 Meal Deal Regular Price - Selected Drink, Snack, Wrap, Sandwich, Roll, Pasty Or Salad",,/groceries/en-GB/products/303068047,https://digitalcontent.api.tesco.com/v2/media/ghs/407eb66e-ee92-4e5e-ba40-25b77b9c4a40/71f6576b-b421-49c8-9658-57b15ef02147_2012100590.jpeg?h=225&w=225,
309749321,Naked Green Machine Apple Banana Smoothie 300Ml,https://www.tesco.com/groceries/en-GB/shop/drinks/all?department=On%20The%20Go%20Drinks&viewAll=department&page=,£2.36,£0.79/100ml,"£3.40 Meal Deal Clubcard Price £3.90 Meal Deal Regular Price - Selected Drink, Snack, Wrap, Sandwich, Roll, Pasty Or Salad",,/groceries/en-GB/products/309749321,https://digitalcontent.api.tesco.com/v2/media/ghs/136bbe99-6b80-41e5-97c9-6f845324586a/ca9f939d-2472-46df-8f61-a063c3ac55a2.jpeg?h=225&w=225,
301674346,Cano Water Still Spring Water Resealable 500Ml,https://www.tesco.com/groceries/en-GB/shop/drinks/all?department=On%20The%20Go%20Drinks&viewAll=department&page=,£1.00,£0.20/100ml,"£3.40 Meal Deal Clubcard Price £3.90 Meal Deal Regular Price - Selected Drink, Snack, Wrap, Sandwich, Roll, Pasty Or Salad",,/groceries/en-GB/products/301674346,https://digitalcontent.api.tesco.com/v2/media/ghs/e09e8019-a8a7-4132-b6cb-6fbc174cdee9/a47e8ff1-f9ec-433d-9edd-7670367635a5_260216821.jpeg?h=225&w=225,
302012052,Get More Vitamins Recovery Cranberry 500Ml,https://www.tesco.com/groceries/en-GB/shop/drinks/all?department=On%20The%20Go%20Drinks&viewAll=department&page=,£1.25,£0.25/100ml,"£3.40 Meal Deal Clubcard Price £3.90 Meal Deal Regular Price - Selected Drink, Snack, Wrap, Sandwich, Roll, Pasty Or Salad",,/groceries/en-GB/products/302012052,https://digitalcontent.api.tesco.com/v2/media/ghs/337ea358-a50a-46ab-baba-a58c6a951302/c4faa46b-6ff7-4d44-8105-eeab86214e80_1716339117.jpeg?h=225&w=225,
310113018,San Pellegrino Sparkling Orange Drink 330Ml,https://www.tesco.com/groceries/en-GB/shop/drinks/all?department=On%20The%20Go%20Drinks&viewAll=department&page=,£1.10,£0.33/100ml,"£3.40 Meal Deal Clubcard Price £3.90 Meal Deal Regular Price - Selected Drink, Snack, Wrap, Sandwich, Roll, Pasty Or Salad",,/groceries/en-GB/products/310113018,https://digitalcontent.api.tesco.com/v2/media/ghs/6f9de138-68b8-4c2a-9c16-f25a9b6da969/ff596579-3889-48b3-9573-ba8b72b016c3_1934737171.jpeg?h=225&w=225,
310689730,San Pellegrino Sparkling Lemon Drink 330Ml,https://www.tesco.com/groceries/en-GB/shop/drinks/all?department=On%20The%20Go%20Drinks&viewAll=department&page=,£1.10,£0.33/100ml,"£3.40 Meal Deal Clubcard Price £3.90 Meal Deal Regular Price - Selected Drink, Snack, Wrap, Sandwich, Roll, Pasty Or Salad",,/groceries/en-GB/products/310689730,https://digitalcontent.api.tesco.com/v2/media/ghs/a6c6b5b0-c203-4d5a-ac7e-97e0c7eb392b/35d1f5ce-a457-4060-bab0-4077d4f8eb42_772887761.jpeg?h=225&w=225,
306500418,Rockstar Juiced Tropical Punched Juice 500Ml,https://www.tesco.com/groceries/en-GB/shop/drinks/all?department=On%20The%20Go%20Drinks&viewAll=department&page=,£1.00,£0.20/100ml,"£3.40 Meal Deal Clubcard Price £3.90 Meal Deal Regular Price - Selected Drink, Snack, Wrap, Sandwich, Roll, Pasty Or Salad",,/groceries/en-GB/products/306500418,https://digitalcontent.api.tesco.com/v2/media/ghs/60d8d5c9-a910-41cc-8dfb-e3e6e7322fe2/385b58e7-16ea-48d3-8632-16e8f098ccf9_1318191948.jpeg?h=225&w=225,
309780708,Naked Rainbow Machine Smoothie Drink 300Ml,https://www.tesco.com/groceries/en-GB/shop/drinks/all?department=On%20The%20Go%20Drinks&viewAll=department&page=,£2.36,£0.79/100ml,"£3.40 Meal Deal Clubcard Price £3.90 Meal Deal Regular Price - Selected Drink, Snack, Wrap, Sandwich, Roll, Pasty Or Salad",,/groceries/en-GB/products/309780708,https://digitalcontent.api.tesco.com/v2/media/ghs/640aebe1-349f-4c05-8a28-a10113ae5267/2e247a3f-2713-4b6f-8294-73f211ca0bab.jpeg?h=225&w=225,
309743287,Naked Red Machine Strawberry Smoothie 300Ml,https://www.tesco.com/groceries/en-GB/shop/drinks/all?department=On%20The%20Go%20Drinks&viewAll=department&page=,£2.36,£0.79/100ml,"£3.40 Meal Deal Clubcard Price £3.90 Meal Deal Regular Price - Selected Drink, Snack, Wrap, Sandwich, Roll, Pasty Or Salad",,/groceries/en-GB/products/309743287,https://digitalcontent.api.tesco.com/v2/media/ghs/08552f02-6eb8-4c48-891e-036a21b39e67/aed38fe0-0ad8-49e1-a3ba-020b1f9fd083.jpeg?h=225&w=225,
311790817,Starbucks Coconut Cappuccino 250Ml,https://www.tesco.com/groceries/en-GB/shop/drinks/all?department=On%20The%20Go%20Drinks&viewAll=department&page=,£2.10,£0.96/100ml,£1.50 Clubcard Price,,/groceries/en-GB/products/311790817,https://digitalcontent.api.tesco.com/v2/media/ghs/ccd156ab-35dd-4792-a722-8eed91bb1d0a/9a50227a-a9bc-4d75-81cc-afb6fc86ad9b_1883122517.jpeg?h=225&w=225,
307136151,Wow Hydrate Protein Tropical 4X500ml,https://www.tesco.com/groceries/en-GB/shop/drinks/all?department=On%20The%20Go%20Drinks&viewAll=department&page=,£4.50,£0.22/100ml,,,/groceries/en-GB/products/307136151,https://digitalcontent.api.tesco.com/v2/media/ghs/8a8b8f29-3107-4f82-9a6b-3edebb3a1bbf/c81c036f-a0c1-4f72-bf15-d65064dce487_129253919.jpeg?h=225&w=225,
310670279,Red Bull The Red Edition Watermelon 355Ml,https://www.tesco.com/groceries/en-GB/shop/drinks/all?department=On%20The%20Go%20Drinks&viewAll=department&page=,£1.90,£0.54/100ml,"£3.40 Meal Deal Clubcard Price £3.90 Meal Deal Regular Price - Selected Drink, Snack, Wrap, Sandwich, Roll, Pasty Or Salad",,/groceries/en-GB/products/310670279,https://digitalcontent.api.tesco.com/v2/media/ghs/aa55a0ed-36be-41ff-b15e-9d22367f4605/3a101a65-9e68-404c-9a92-fe148eef1b99_680170138.jpeg?h=225&w=225,
310115379,Lucozade Alert Original 500Ml,https://www.tesco.com/groceries/en-GB/shop/drinks/all?department=On%20The%20Go%20Drinks&viewAll=department&page=,£1.55,£0.31/100ml,"£3.40 Meal Deal Clubcard Price £3.90 Meal Deal Regular Price - Selected Drink, Snack, Wrap, Sandwich, Roll, Pasty Or Salad",,/groceries/en-GB/products/310115379,https://digitalcontent.api.tesco.com/v2/media/ghs/1732e1eb-8183-48ac-9fb4-18ff08d5fc69/3b2a9576-b928-42e2-a06e-fd46d9e7823e_454529727.jpeg?h=225&w=225,
310161717,Red Bull Sugar Free The Red Edition Watermelon 355Ml,https://www.tesco.com/groceries/en-GB/shop/drinks/all?department=On%20The%20Go%20Drinks&viewAll=department&page=,£1.80,£0.51/100ml,"£3.40 Meal Deal Clubcard Price £3.90 Meal Deal Regular Price - Selected Drink, Snack, Wrap, Sandwich, Roll, Pasty Or Salad",,/groceries/en-GB/products/310161717,https://digitalcontent.api.tesco.com/v2/media/ghs/36f613db-730c-450a-9f3a-cac63233a16c/2be34748-8539-4ad2-ba78-14db3d8039c4_1825856986.jpeg?h=225&w=225,
310690439,Monster Energy Ultra Watermelon Drink 500Ml,https://www.tesco.com/groceries/en-GB/shop/drinks/all?department=On%20The%20Go%20Drinks&viewAll=department&page=,£1.55,£0.31/100ml,"£3.40 Meal Deal Clubcard Price £3.90 Meal Deal Regular Price - Selected Drink, Snack, Wrap, Sandwich, Roll, Pasty Or Salad",,/groceries/en-GB/products/310690439,https://digitalcontent.api.tesco.com/v2/media/ghs/cf8d0fe4-efd4-429f-8a94-56c0ac6f64f3/1992c6a6-2067-421a-8e11-d86d9939f9d7_1231673467.jpeg?h=225&w=225,
311669833,Monster Energy Ultra Gold Drink 500Ml,https://www.tesco.com/groceries/en-GB/shop/drinks/all?department=On%20The%20Go%20Drinks&viewAll=department&page=,£1.55,£0.31/100ml,"£3.40 Meal Deal Clubcard Price £3.90 Meal Deal Regular Price - Selected Drink, Snack, Wrap, Sandwich, Roll, Pasty Or Salad",,/groceries/en-GB/products/311669833,https://digitalcontent.api.tesco.com/v2/media/ghs/5c17282c-1227-4454-b188-833247d96a90/fb1393c4-2865-4387-9341-d52b820ad450_1255440734.jpeg?h=225&w=225,
311690616,Remedy Kombucha Raspberry Lemonade Sugar Free 250Ml,https://www.tesco.com/groceries/en-GB/shop/drinks/all?department=On%20The%20Go%20Drinks&viewAll=department&page=,£1.60,£0.64/100ml,"£3.40 Meal Deal Clubcard Price £3.90 Meal Deal Regular Price - Selected Drink, Snack, Wrap, Sandwich, Roll, Pasty Or Salad",,/groceries/en-GB/products/311690616,https://digitalcontent.api.tesco.com/v2/media/ghs/48da9d6d-a2b8-4ad4-928d-6685ed4ddda2/75d190c7-4487-4c16-9980-381963178f06_1019337295.jpeg?h=225&w=225,
311432900,Remedy Kombucha Wild Berry 250Ml,https://www.tesco.com/groceries/en-GB/shop/drinks/all?department=On%20The%20Go%20Drinks&viewAll=department&page=,£1.60,£0.64/100ml,"£3.40 Meal Deal Clubcard Price £3.90 Meal Deal Regular Price - Selected Drink, Snack, Wrap, Sandwich, Roll, Pasty Or Salad",,/groceries/en-GB/products/311432900,https://digitalcontent.api.tesco.com/v2/media/ghs/03fc76a2-0f27-46ce-8ce5-9b12a51671a3/94b3b8ed-ac27-4f58-b809-b0efda6a95d7_1024017445.jpeg?h=225&w=225,
296660116,Tenzing Natural Energy Drink 250Ml,https://www.tesco.com/groceries/en-GB/shop/drinks/all?department=On%20The%20Go%20Drinks&viewAll=department&page=,£1.45,£0.58/100ml,"£3.40 Meal Deal Clubcard Price £3.90 Meal Deal Regular Price - Selected Drink, Snack, Wrap, Sandwich, Roll, Pasty Or Salad",,/groceries/en-GB/products/296660116,https://digitalcontent.api.tesco.com/v2/media/ghs/2291328c-a72a-455a-a82a-78e281a0c93c/1d298cb1-c554-48d3-b99a-0d8c310a27f5_320224914.jpeg?h=225&w=225,
308473544,Purdey's Refocus Natural Energy Dark Fruit Drink 330Ml,https://www.tesco.com/groceries/en-GB/shop/drinks/all?department=On%20The%20Go%20Drinks&viewAll=department&page=,£1.50,£0.46/100ml,"£3.40 Meal Deal Clubcard Price £3.90 Meal Deal Regular Price - Selected Drink, Snack, Wrap, Sandwich, Roll, Pasty Or Salad",,/groceries/en-GB/products/308473544,https://digitalcontent.api.tesco.com/v2/media/ghs/4f8578f5-27bd-42a1-8eaf-e7422864b696/074ec0fa-001c-49e8-be4b-d6146a5cd36b_1753644320.jpeg?h=225&w=225,
274173594,Robinsons Fruit Shoot B/Crnt&Apl Low Sugar 275Ml,https://www.tesco.com/groceries/en-GB/shop/drinks/all?department=On%20The%20Go%20Drinks&viewAll=department&page=,£0.90,£0.33/100ml,"£3.40 Meal Deal Clubcard Price £3.90 Meal Deal Regular Price - Selected Drink, Snack, Wrap, Sandwich, Roll, Pasty Or Salad",,/groceries/en-GB/products/274173594,https://digitalcontent.api.tesco.com/v2/media/ghs/cbf04e8a-f390-4aaa-ad57-4288b92e22e9/3e3112e9-b028-485f-9979-e0bb31334fac_1487138.jpeg?h=225&w=225,
286841223,Twinings Everyday 100 Tea Bags 290G,https://www.tesco.com/groceries/en-GB/shop/drinks/all?department=Tea&viewAll=department&page=,£6.00,£2.07/100g,,,/groceries/en-GB/products/286841223,https://digitalcontent.api.tesco.com/v2/media/ghs/35cfcbfa-27f6-4b13-b50c-00319dea2869/a0981de3-d97b-4514-ac82-4bd1f5213d63_90723271.jpeg?h=225&w=225,
264766870,Pukka Organic Night Time 20 Tea Bags 20G,https://www.tesco.com/groceries/en-GB/shop/drinks/all?department=Tea&viewAll=department&page=,£3.50,£17.50/100g,,,/groceries/en-GB/products/264766870,https://digitalcontent.api.tesco.com/v2/media/ghs/3502f57d-c24d-4236-b67e-02452d0d650a/a55be54a-83ef-4ebc-8a8e-62a7415be89f_949788832.jpeg?h=225&w=225,
268234641,Yorkshire Decaff Teabags 160S 500G,https://www.tesco.com/groceries/en-GB/shop/drinks/all?department=Tea&viewAll=department&page=,£5.85,£1.17/100g,,,/groceries/en-GB/products/268234641,https://digitalcontent.api.tesco.com/v2/media/ghs/2055bfb0-d217-4018-a0ea-8297977c7f84/696e10a0-157a-4f21-8f5d-d88739c4a861_901662863.jpeg?h=225&w=225,
279335960,Tesco Finest Earl Grey 100 Teabags 250G,https://www.tesco.com/groceries/en-GB/shop/drinks/all?department=Tea&viewAll=department&page=,£2.60,£1.04/100g,,,/groceries/en-GB/products/279335960,https://digitalcontent.api.tesco.com/v2/media/ghs-mktg/b0b04216-fa73-466d-a9d7-c9fcfa1ce9b3/no-image.jpeg,
254888458,Yorkshire Gold 80 Teabags 250G,https://www.tesco.com/groceries/en-GB/shop/drinks/all?department=Tea&viewAll=department&page=,£3.90,£1.56/100g,,,/groceries/en-GB/products/254888458,https://digitalcontent.api.tesco.com/v2/media/ghs/59871b23-495c-449c-8391-04d797d3a886/5b610674-b1f4-44f4-801e-677168e1c105_1006164526.jpeg?h=225&w=225,
254888078,Twinings Earl Grey 100 Teabags 250G,https://www.tesco.com/groceries/en-GB/shop/drinks/all?department=Tea&viewAll=department&page=,£6.00,£2.40/100g,£4.00 Clubcard Price,,/groceries/en-GB/products/254888078,https://digitalcontent.api.tesco.com/v2/media/ghs/a7b92db8-1fbf-4471-893f-ac970bfb3330/24295950-aa56-4629-9ffd-0f1b043e33f4_1389359701.jpeg?h=225&w=225,
256420888,Tetley Decaffeinated 160 Teabags 500G,https://www.tesco.com/groceries/en-GB/shop/drinks/all?department=Tea&viewAll=department&page=,£3.95,£0.79/100g,Aldi Price Match,,/groceries/en-GB/products/256420888,https://digitalcontent.api.tesco.com/v2/media/ghs/dc0cf60e-2508-4217-8b03-aa82100e9db8/57122b74-9f07-45cd-ab05-7ffebb0d2014_2055098696.jpeg?h=225&w=225,
256431702,Twinings English Breakfast 100 Teabags 250G,https://www.tesco.com/groceries/en-GB/shop/drinks/all?department=Tea&viewAll=department&page=,£6.00,£2.40/100g,£3.00 Clubcard Price,,/groceries/en-GB/products/256431702,https://digitalcontent.api.tesco.com/v2/media/ghs/57718672-9f1b-408e-a1ea-17dd78f968c2/ea4be92f-95fa-4296-8c2e-21b605b6aa8e_1335855254.jpeg?h=225&w=225,
311782600,Clipper Organic Everyday Tea Bags 80Pack 232G,https://www.tesco.com/groceries/en-GB/shop/drinks/all?department=Tea&viewAll=department&page=,£3.50,£1.51/100g,,,/groceries/en-GB/products/311782600,https://digitalcontent.api.tesco.com/v2/media/ghs/065ce6fc-b9d0-4ea0-8016-56ba3c6db0b6/bba52f08-8e70-4e66-b01d-22e1f3de547d_2028210010.jpeg?h=225&w=225,
251004865,Tetley Decaffeinated 80 Teabags 250G,https://www.tesco.com/groceries/en-GB/shop/drinks/all?department=Tea&viewAll=department&page=,£2.85,£1.14/100g,£2.25 Clubcard Price,,/groceries/en-GB/products/251004865,https://digitalcontent.api.tesco.com/v2/media/ghs/e5006c17-f289-43ac-8654-b821b9008957/fe09147e-98f9-4a50-b490-4c15c9653805_1444831774.jpeg?h=225&w=225,
287194975,Pg Tips 80S Pyramid Teabags 232G,https://www.tesco.com/groceries/en-GB/shop/drinks/all?department=Tea&viewAll=department&page=,£2.30,£0.99/100g,,,/groceries/en-GB/products/287194975,https://digitalcontent.api.tesco.com/v2/media/ghs/05d4838f-4fe7-478c-852f-b08496908e22/77e60025-f59d-4158-8b83-d9e4e3579f47_236362383.jpeg?h=225&w=225,
256093024,Tetley Softpack 240 Teabags 750G,https://www.tesco.com/groceries/en-GB/shop/drinks/all?department=Tea&viewAll=department&page=,£3.95,£0.53/100g,Aldi Price Match,,/groceries/en-GB/products/256093024,https://digitalcontent.api.tesco.com/v2/media/ghs/44066a45-d5ba-4513-9427-871693c8cceb/65a78039-353b-4eaa-89de-412ee25dca16_1001718027.jpeg?h=225&w=225,
287195415,Pg Tips 240S Pyramid Teabags 696G,https://www.tesco.com/groceries/en-GB/shop/drinks/all?department=Tea&viewAll=department&page=,£3.95,£0.57/100g,Aldi Price Match,,/groceries/en-GB/products/287195415,https://digitalcontent.api.tesco.com/v2/media/ghs/7b4e4d24-771d-4dff-b00f-42323ffb66c0/2f996048-b407-4fee-8a9b-6267f9c565a6_1405568355.jpeg?h=225&w=225,
287195070,Pg Tips 160S Pyramid Teabags 464G,https://www.tesco.com/groceries/en-GB/shop/drinks/all?department=Tea&viewAll=department&page=,£3.45,£0.74/100g,£3.00 Clubcard Price,,/groceries/en-GB/products/287195070,https://digitalcontent.api.tesco.com/v2/media/ghs/f13e5091-1a82-40c9-9564-60b1cd8d9713/f6413369-de71-4fd1-9ace-684169cb677f_320314212.jpeg?h=225&w=225,
308467696,Yorkshire Tea 210 Tea Bags 656G,https://www.tesco.com/groceries/en-GB/shop/drinks/all?department=Tea&viewAll=department&page=,£4.49,£0.68/100g,Aldi Price Match,,/groceries/en-GB/products/308467696,https://digitalcontent.api.tesco.com/v2/media/ghs/4985a956-ed33-4f59-897e-fafa764c6954/5963a9a9-afcb-4c39-89d1-081768014195_2095563806.jpeg?h=225&w=225,
260061051,Yorkshire Tea Decaffeinated 80 Teabags 250G,https://www.tesco.com/groceries/en-GB/shop/drinks/all?department=Tea&viewAll=department&page=,£3.49,£1.40/100g,£2.50 Clubcard Price,,/groceries/en-GB/products/260061051,https://digitalcontent.api.tesco.com/v2/media/ghs/552eb68f-bd36-4c0c-808b-470bb8fa12fa/604cc3ef-c444-48b1-9701-c7c915c6aeb2_441249397.jpeg?h=225&w=225,
306658721,Tetley Original 120 Teabags 375G,https://www.tesco.com/groceries/en-GB/shop/drinks/all?department=Tea&viewAll=department&page=,£2.50,£0.67/100g,£2.25 Clubcard Price,,/groceries/en-GB/products/306658721,https://digitalcontent.api.tesco.com/v2/media/ghs/280d07f1-7435-42be-bc8a-130cf9872aa2/6ad78b75-8cc3-4b75-b7da-238e21b16dbd_1718927187.jpeg?h=225&w=225,
300886293,Pg Tips Decaffeinated 70 Tea Bags 203G,https://www.tesco.com/groceries/en-GB/shop/drinks/all?department=Tea&viewAll=department&page=,£2.30,£1.14/100g,,,/groceries/en-GB/products/300886293,https://digitalcontent.api.tesco.com/v2/media/ghs/f2d83c79-04ee-4b22-9581-0e98a2d5a63c/715d43ec-6767-4739-939d-3216a697dee8_1628520479.jpeg?h=225&w=225,
272580299,Yorkshire Teabags 40S 125G,https://www.tesco.com/groceries/en-GB/shop/drinks/all?department=Tea&viewAll=department&page=,£1.75,£1.40/100g,,,/groceries/en-GB/products/272580299,https://digitalcontent.api.tesco.com/v2/media/ghs/9b042158-82fa-4ad7-b62a-ee69bf116d08/105d773d-25e5-4117-a498-6ca9e0893ce5_2118161037.jpeg?h=225&w=225,
254888441,Yorkshire 80 Teabags 250G,https://www.tesco.com/groceries/en-GB/shop/drinks/all?department=Tea&viewAll=department&page=,£3.00,£1.20/100g,£2.50 Clubcard Price,,/groceries/en-GB/products/254888441,https://digitalcontent.api.tesco.com/v2/media/ghs/26f33cd4-47ad-4051-b450-a76b95a7bf64/c5318cf4-d7ba-4bad-947c-eaed11b7f75c_374765103.jpeg?h=225&w=225,
256092941,Tetley 40 Teabags 125G,https://www.tesco.com/groceries/en-GB/shop/drinks/all?department=Tea&viewAll=department&page=,£1.40,£1.12/100g,,,/groceries/en-GB/products/256092941,https://digitalcontent.api.tesco.com/v2/media/ghs/77ba7603-cb7b-40b5-97d4-b73e643f8bf5/992e102b-30a2-41c6-952b-5ecf28461a40_1667780872.jpeg?h=225&w=225,
287194762,Pg Tips 40S Pyramid Teabags 116G,https://www.tesco.com/groceries/en-GB/shop/drinks/all?department=Tea&viewAll=department&page=,£1.40,£1.21/100g,,,/groceries/en-GB/products/287194762,https://digitalcontent.api.tesco.com/v2/media/ghs/837332a2-4c17-4027-83d3-176244079b26/c8fa49c7-15ed-4c08-a355-6237aa148259_343405771.jpeg?h=225&w=225,
261158598,Tetley Pure Green Tea 50S 100G,https://www.tesco.com/groceries/en-GB/shop/drinks/all?department=Tea&viewAll=department&page=,£1.49,£1.49/100g,Aldi Price Match,,/groceries/en-GB/products/261158598,https://digitalcontent.api.tesco.com/v2/media/ghs/a8ac2cdf-900f-44df-b46a-743af0df336d/6de2582e-185a-40a6-b3f6-1274d12c6b36_1835607832.jpeg?h=225&w=225,
254887626,Tesco 240 Teabags 750G,https://www.tesco.com/groceries/en-GB/shop/drinks/all?department=Tea&viewAll=department&page=,,,,,/groceries/en-GB/products/254887626,,This product's currently out of stock
272478634,Tesco Camomile Infusion 40 Bags 60G,https://www.tesco.com/groceries/en-GB/shop/drinks/all?department=Tea&viewAll=department&page=,£1.00,£1.67/100g,,,/groceries/en-GB/products/272478634,https://digitalcontent.api.tesco.com/v2/media/ghs/7ee10d0a-b0b4-4557-974d-3f9dfac39ebc/e05be352-e1c8-401d-88cd-45272b89b307_2088569670.jpeg?h=225&w=225,
250712610,Tesco Decaffeinated 80 Teabags 250G,https://www.tesco.com/groceries/en-GB/shop/drinks/all?department=Tea&viewAll=department&page=,£1.40,£0.56/100g,,,/groceries/en-GB/products/250712610,https://digitalcontent.api.tesco.com/v2/media/ghs/6af178a2-be38-4684-9c9d-d38d72a9149e/91a868e2-46f0-4b9b-9f7c-32a18eef49ff_1474488541.jpeg?h=225&w=225,
254887592,Tesco 80 Teabags 250G,https://www.tesco.com/groceries/en-GB/shop/drinks/all?department=Tea&viewAll=department&page=,£1.00,£0.40/100g,,,/groceries/en-GB/products/254887592,https://digitalcontent.api.tesco.com/v2/media/ghs/06bd58c6-af94-4a39-a1fe-6d992029310b/1c6ec09f-5fd6-4405-b21e-a4bfef7940b5_626915702.jpeg?h=225&w=225,
272478761,Tesco Lemon & Ginger 40S 80G,https://www.tesco.com/groceries/en-GB/shop/drinks/all?department=Tea&viewAll=department&page=,£1.00,£1.25/100g,,,/groceries/en-GB/products/272478761,https://digitalcontent.api.tesco.com/v2/media/ghs/4485b33e-46ba-4e90-ae74-ecbe74a2a2d0/19e0d377-3a0d-49c4-8596-7a2d6beaed44_96414074.jpeg?h=225&w=225,
300422779,Stockwell & Co 80 Tea Bags 200G,https://www.tesco.com/groceries/en-GB/shop/drinks/all?department=Tea&viewAll=department&page=,£0.65,£0.32/100g,Aldi Price Match,,/groceries/en-GB/products/300422779,https://digitalcontent.api.tesco.com/v2/media/ghs/f3dae608-824c-4dc9-a603-220a28fd8d2d/ce5e81ac-e525-44c0-8c6a-5cec9611de75_2113824292.jpeg?h=225&w=225,
274530914,Pukka Organic Peppermint & Licorice 20 Tea Bags 30G,https://www.tesco.com/groceries/en-GB/shop/drinks/all?department=Tea&viewAll=department&page=,£3.50,£11.67/100g,,,/groceries/en-GB/products/274530914,https://digitalcontent.api.tesco.com/v2/media/ghs/b912630c-7ebb-4046-bf07-142dc53fb2eb/c5d3db19-7c3d-4198-a922-82d9e4bbe845_608937770.jpeg?h=225&w=225,
309203339,Tetley Original Tea Bags 600 Pack 1.875Kg,https://www.tesco.com/groceries/en-GB/shop/drinks/all?department=Tea&viewAll=department&page=,£9.50,£0.51/100g,,,/groceries/en-GB/products/309203339,https://digitalcontent.api.tesco.com/v2/media/ghs/79158c11-a991-4849-9c00-fb1867e408f9/7d4acbc9-13b8-4806-9d48-9961adca46b0_20998911.jpeg?h=225&w=225,
261255189,Twinings Invigorating /Invigorate Peppermint 80 Teabags 160G,https://www.tesco.com/groceries/en-GB/shop/drinks/all?department=Tea&viewAll=department&page=,£5.00,£3.13/100g,,,/groceries/en-GB/products/261255189,https://digitalcontent.api.tesco.com/v2/media/ghs/6d2dda8a-8342-4ac9-b5fe-0b7da1a9582f/24bffc9c-2e4f-4dd7-b1e1-fb87185a5f42_1517746231.jpeg?h=225&w=225,
264766979,Pukka Organic 3 Ginger 20 Tea Bags 36G,https://www.tesco.com/groceries/en-GB/shop/drinks/all?department=Tea&viewAll=department&page=,£3.50,£9.73/100g,,,/groceries/en-GB/products/264766979,https://digitalcontent.api.tesco.com/v2/media/ghs/aa2d2970-37ef-4016-82a5-a0bc4c12e9a4/a06982c7-e89f-4409-afc1-973610d385fc_869765197.jpeg?h=225&w=225,
279531900,Pukka Organic Lemon & Ginger With Honey 20 Tea Bags 40G,https://www.tesco.com/groceries/en-GB/shop/drinks/all?department=Tea&viewAll=department&page=,£3.50,£8.75/100g,,,/groceries/en-GB/products/279531900,https://digitalcontent.api.tesco.com/v2/media/ghs/380db4f8-a708-4419-b20b-12164abdc173/dbba36de-2062-4707-8cff-3fb5f525fb4b_388952665.jpeg?h=225&w=225,
264767068,Pukka Organic 3 Mint Tea 20'S 32G,https://www.tesco.com/groceries/en-GB/shop/drinks/all?department=Tea&viewAll=department&page=,£3.50,£10.94/100g,,,/groceries/en-GB/products/264767068,https://digitalcontent.api.tesco.com/v2/media/ghs/2f848da9-a870-4a6f-a375-54529e02d5a9/39c6d933-5ecc-47e6-8cb9-af96b0fe53c5_1436177667.jpeg?h=225&w=225,
281507288,Pukka Supreme Matcha Green 20 Tea Bags 30G,https://www.tesco.com/groceries/en-GB/shop/drinks/all?department=Tea&viewAll=department&page=,£3.50,£11.67/100g,,,/groceries/en-GB/products/281507288,https://digitalcontent.api.tesco.com/v2/media/ghs/8d2a0425-f398-4781-aae6-e381c5e9a9c7/2ab2988b-0db6-4d3f-a33f-1489ad8ef378_9076657.jpeg?h=225&w=225,
279342524,Tesco Finest English Breakfast 100 Tea Bags 250G,https://www.tesco.com/groceries/en-GB/shop/drinks/all?department=Tea&viewAll=department&page=,£2.60,£1.04/100g,,,/groceries/en-GB/products/279342524,https://digitalcontent.api.tesco.com/v2/media/ghs/9f79edcb-0521-479b-bf6f-f4b797f030ea/f5f48012-4a15-4938-93b3-d0899dfb8695_1655784955.jpeg?h=225&w=225,
296381763,Typhoo 240 Tea Bags 696G,https://www.tesco.com/groceries/en-GB/shop/drinks/all?department=Tea&viewAll=department&page=,£3.75,£0.54/100g,,,/groceries/en-GB/products/296381763,https://digitalcontent.api.tesco.com/v2/media/ghs/7944ba2b-5e57-4c06-a78b-650b47603bae/be03f00e-12c6-49a5-aa0d-64dbf2727c9c_1898195802.jpeg?h=225&w=225,
309197414,Pg Tips 140 Decaf Teabags Biodegradable 406G,https://www.tesco.com/groceries/en-GB/shop/drinks/all?department=Tea&viewAll=department&page=,£4.00,£0.99/100g,,,/groceries/en-GB/products/309197414,https://digitalcontent.api.tesco.com/v2/media/ghs/2a8c6882-08a5-422f-801d-988b561a9623/99eff35f-8772-47f1-a5ab-7234e3aff35c_803849930.jpeg?h=225&w=225,
255633177,Twinings Earl Grey Decaffeinated 50 Teabags 125G,https://www.tesco.com/groceries/en-GB/shop/drinks/all?department=Tea&viewAll=department&page=,£4.50,£3.60/100g,,,/groceries/en-GB/products/255633177,https://digitalcontent.api.tesco.com/v2/media/ghs/0b1d68b9-e295-4869-8871-ec52a699663a/4749f6ef-e1e4-431e-a996-743f76e12497_1742622816.jpeg?h=225&w=225,
256691134,Drink Me Spiced Chai Latte 250G,https://www.tesco.com/groceries/en-GB/shop/drinks/all?department=Tea&viewAll=department&page=,£2.80,£1.12/100g,,,/groceries/en-GB/products/256691134,https://digitalcontent.api.tesco.com/v2/media/ghs/3644ba6e-93d9-4fc1-a113-5c8baae965f6/03042933-1bd5-45cd-b09d-62dbb49c2b70_721720236.jpeg?h=225&w=225,
306648710,Clipper Organic Fairtrade Decaffeinated 40 Tea Bags 116G,https://www.tesco.com/groceries/en-GB/shop/drinks/all?department=Tea&viewAll=department&page=,£3.15,£2.72/100g,,,/groceries/en-GB/products/306648710,https://digitalcontent.api.tesco.com/v2/media/ghs/924c45bb-a9c4-4160-8ffd-e1ab69e522a7/0712d728-aff0-41ac-af9c-5259887166c3_1377024300.jpeg?h=225&w=225,
254888026,Twinings Earl Grey 50 Teabags 125G,https://www.tesco.com/groceries/en-GB/shop/drinks/all?department=Tea&viewAll=department&page=,£3.50,£2.80/100g,,,/groceries/en-GB/products/254888026,https://digitalcontent.api.tesco.com/v2/media/ghs/8f78ad57-8c34-46ff-94a6-224611c93686/0952b9fe-4ed5-4bf3-994b-89ab66dd4691_929845921.jpeg?h=225&w=225,
261915457,Tetley Redbush 40 Teabags 100G,https://www.tesco.com/groceries/en-GB/shop/drinks/all?department=Tea&viewAll=department&page=,£2.25,£2.25/100g,,,/groceries/en-GB/products/261915457,https://digitalcontent.api.tesco.com/v2/media/ghs/719cd3ab-8379-4dae-884c-8228d6ad653d/6cb8817b-1bd5-4436-a12b-0de068340172_1625342692.jpeg?h=225&w=225,
250467652,Taylors Yorkshire Leaf Tea 250G (Drum),https://www.tesco.com/groceries/en-GB/shop/drinks/all?department=Tea&viewAll=department&page=,£3.00,£1.20/100g,,,/groceries/en-GB/products/250467652,https://digitalcontent.api.tesco.com/v2/media/ghs/14966c1c-fa56-40f2-ad66-e52f38d8e679/1a26c9a5-c9bb-4e08-97a1-9b17f4044e30_2033850353.jpeg?h=225&w=225,
300770199,Tesco Rooibos 80 Bags 200G,https://www.tesco.com/groceries/en-GB/shop/drinks/all?department=Tea&viewAll=department&page=,£2.50,£1.25/100g,,,/groceries/en-GB/products/300770199,https://digitalcontent.api.tesco.com/v2/media/ghs/61259fee-e249-45cb-83e0-4adaace6d1f2/snapshotimagehandler_1765844822.jpeg?h=225&w=225,
302275235,Yorkshire Tea Malty Biscuit Brew 40 Tea Bags 112G,https://www.tesco.com/groceries/en-GB/shop/drinks/all?department=Tea&viewAll=department&page=,£2.30,£2.06/100g,,,/groceries/en-GB/products/302275235,https://digitalcontent.api.tesco.com/v2/media/ghs/2a971a7e-5e2a-4da8-8d7e-9274497b1bbb/0196902a-24d5-463b-9e4e-040beaf97c47_1869464965.jpeg?h=225&w=225,
299584956,Tesco Extra Strong Tea 80 Bags 250G,https://www.tesco.com/groceries/en-GB/shop/drinks/all?department=Tea&viewAll=department&page=,£1.85,£0.74/100g,,,/groceries/en-GB/products/299584956,https://digitalcontent.api.tesco.com/v2/media/ghs/6d6e95c7-6edc-4f2a-af24-20e50e827619/cd5f9698-ff49-4f4e-9fa1-482584f4c524_1783221314.jpeg?h=225&w=225,
274133256,Yorkshire Teabags 480'S 1.5Kg,https://www.tesco.com/groceries/en-GB/shop/drinks/all?department=Tea&viewAll=department&page=,£11.00,£0.73/100g,,,/groceries/en-GB/products/274133256,https://digitalcontent.api.tesco.com/v2/media/ghs/06f0e89b-2d75-41b6-bec2-3b5107a27ab1/38c46618-0c99-44e3-90ab-e2ce96b17180_1869433586.jpeg?h=225&w=225,
311786481,Clipper Classic Everyday Tea Bags 80Pk 232G,https://www.tesco.com/groceries/en-GB/shop/drinks/all?department=Tea&viewAll=department&page=,£3.50,£1.51/100g,£2.50 Clubcard Price,,/groceries/en-GB/products/311786481,https://digitalcontent.api.tesco.com/v2/media/ghs/9fb290ef-7ed1-4750-8dba-49a325477076/d356d65d-968f-4b63-88fd-161e0a513135_960062966.jpeg?h=225&w=225,
306654691,Tetley Herbal Pure Camomile 20 Tea Bags 30G,https://www.tesco.com/groceries/en-GB/shop/drinks/all?department=Tea&viewAll=department&page=,£1.65,£5.50/100g,,,/groceries/en-GB/products/306654691,https://digitalcontent.api.tesco.com/v2/media/ghs/f2da1615-df82-4ac7-8cb6-40ea383a95af/f72091c6-428c-423d-91a2-90ff5d0fe07d_777241043.jpeg?h=225&w=225,
306658220,Tetley Herbal Fresh Mint 20 Tea Bags 32G,https://www.tesco.com/groceries/en-GB/shop/drinks/all?department=Tea&viewAll=department&page=,£1.65,£5.16/100g,,,/groceries/en-GB/products/306658220,https://digitalcontent.api.tesco.com/v2/media/ghs/e36db622-ccfc-404e-8c72-daa3a47915de/8645388c-338a-468f-b21c-262c07db0b36_787986159.jpeg?h=225&w=225,
309763729,Tetley Earl Grey 50 Tea Bags 125G,https://www.tesco.com/groceries/en-GB/shop/drinks/all?department=Tea&viewAll=department&page=,£2.30,£1.84/100g,,,/groceries/en-GB/products/309763729,https://digitalcontent.api.tesco.com/v2/media/ghs/0744e944-bcdb-4b76-bca1-d20cae3aee83/43d0fb56-935f-43cf-85d4-23cb59e00b1d_676417412.jpeg?h=225&w=225,
252230975,Twinings Camomile And Honey 20'S 30G,https://www.tesco.com/groceries/en-GB/shop/drinks/all?department=Tea&viewAll=department&page=,£2.25,£7.50/100g,£1.75 Clubcard Price,,/groceries/en-GB/products/252230975,https://digitalcontent.api.tesco.com/v2/media/ghs/85a59305-a557-4167-83df-e9e3610ad806/1121302c-8f22-4023-90e6-2ebe553fd1d5_1989912473.jpeg?h=225&w=225,
254196349,Twinings Pure Camomile 20 Tea Bags 30G,https://www.tesco.com/groceries/en-GB/shop/drinks/all?department=Tea&viewAll=department&page=,£2.25,£7.50/100g,£1.75 Clubcard Price,,/groceries/en-GB/products/254196349,https://digitalcontent.api.tesco.com/v2/media/ghs/e5422dce-cbc7-4426-9aa9-e56fa5cba31a/310e00e6-b07b-4898-a165-166100f433a7_1570421670.jpeg?h=225&w=225,
252169593,Twinings Cranberry And Raspberry 20S 40G,https://www.tesco.com/groceries/en-GB/shop/drinks/all?department=Tea&viewAll=department&page=,£2.25,£5.63/100g,£1.75 Clubcard Price,,/groceries/en-GB/products/252169593,https://digitalcontent.api.tesco.com/v2/media/ghs/2d99fb71-e787-4529-a658-b9e9fe65588a/fb4bbe1a-607d-4090-8840-04e6bc0d5088_1927086852.jpeg?h=225&w=225,
255672959,Twinings Strawberry & Raspberry 40G,https://www.tesco.com/groceries/en-GB/shop/drinks/all?department=Tea&viewAll=department&page=,£2.25,£5.63/100g,£1.75 Clubcard Price,,/groceries/en-GB/products/255672959,https://digitalcontent.api.tesco.com/v2/media/ghs/b0daeda0-8dd0-4e1b-8fc2-d8e048f5afc6/fd4c8230-e325-440f-87dc-66f1e982c392_1050288392.jpeg?h=225&w=225,
299556161,Twinings Superblends Sleep 30G,https://www.tesco.com/groceries/en-GB/shop/drinks/all?department=Tea&viewAll=department&page=,£3.50,£11.67/100g,£1.75 Clubcard Price,,/groceries/en-GB/products/299556161,https://digitalcontent.api.tesco.com/v2/media/ghs/5df27975-55e3-4bee-a46d-ec7ffe088756/6ec73e51-3eed-4b6d-9a60-6756e3358136_1528905408.jpeg?h=225&w=225,
259145230,Twinings Lemon & Ginger 20 Teabags 30G,https://www.tesco.com/groceries/en-GB/shop/drinks/all?department=Tea&viewAll=department&page=,£2.25,£7.50/100g,£1.75 Clubcard Price,,/groceries/en-GB/products/259145230,https://digitalcontent.api.tesco.com/v2/media/ghs/182bc9fb-fe54-4a05-828b-b908a9546c80/1bd9144b-aa50-40a0-8e97-cd664289a0fc_555339892.jpeg?h=225&w=225,
254198819,Twinings Invigorating /Invigorate Peppermint 20 Teabags 40G,https://www.tesco.com/groceries/en-GB/shop/drinks/all?department=Tea&viewAll=department&page=,£2.25,£5.63/100g,£1.75 Clubcard Price,,/groceries/en-GB/products/254198819,https://digitalcontent.api.tesco.com/v2/media/ghs/c8a18975-607f-4abb-b470-9a818c9a9b31/195c5580-7124-4e81-80c3-63083056331c_171053988.jpeg?h=225&w=225,
254887252,Tesco Loose Leaf Original Tea 250G,https://www.tesco.com/groceries/en-GB/shop/drinks/all?department=Tea&viewAll=department&page=,£1.40,£0.56/100g,,,/groceries/en-GB/products/254887252,https://digitalcontent.api.tesco.com/v2/media/ghs/f818b49c-366f-440b-b539-86fd69c114b5/d1ae722c-dfcc-4b5b-bd9a-caeffd8c6370_1887211973.jpeg?h=225&w=225,
261160001,Tetley Decaffeinated Green Tea 50S 100G,https://www.tesco.com/groceries/en-GB/shop/drinks/all?department=Tea&viewAll=department&page=,£1.49,£1.49/100g,,,/groceries/en-GB/products/261160001,https://digitalcontent.api.tesco.com/v2/media/ghs/7c9f5e1b-3203-4dd0-a915-0b4354e821c8/e421e6dc-5fb7-48af-992d-6143ffbd2b06_923645783.jpeg?h=225&w=225,
265120279,Tetley Lemon Green Tea 50S 100G,https://www.tesco.com/groceries/en-GB/shop/drinks/all?department=Tea&viewAll=department&page=,£1.49,£1.49/100g,,,/groceries/en-GB/products/265120279,https://digitalcontent.api.tesco.com/v2/media/ghs/47582d84-4005-43bb-a04e-61d97b7b6ef6/79df1db2-a4c5-49c9-99cb-a8beb8516ccc_989391032.jpeg?h=225&w=225,
309485868,Tesco Red Berries 40 Tea Bags 120G,https://www.tesco.com/groceries/en-GB/shop/drinks/all?department=Tea&viewAll=department&page=,£1.00,£0.83/100g,,,/groceries/en-GB/products/309485868,https://digitalcontent.api.tesco.com/v2/media/ghs/670db4aa-ef73-4d02-9808-1cb246f37912/3036232a-3894-4c63-bd06-d05816752f71_1569037059.jpeg?h=225&w=225,
267011152,Twinings Lemon And Ginger 80S 120G,https://www.tesco.com/groceries/en-GB/shop/drinks/all?department=Tea&viewAll=department&page=,£5.00,£4.17/100g,,,/groceries/en-GB/products/267011152,https://digitalcontent.api.tesco.com/v2/media/ghs/276e1369-0e4a-415a-8b50-072bd9f711e2/a4e79f6d-e690-417b-b704-f721be82d75e_1525501839.jpeg?h=225&w=225,
297489928,Clipper Organic Fair Trade Pure Green Tea 80S 160G,https://www.tesco.com/groceries/en-GB/shop/drinks/all?department=Tea&viewAll=department&page=,£4.00,£2.50/100g,,,/groceries/en-GB/products/297489928,https://digitalcontent.api.tesco.com/v2/media/ghs/31cb43d9-19ee-48d7-9a84-fb3a9f7f5d73/0b2e76f7-cf5c-42ae-8725-cbc187e99bcd_1717623616.jpeg?h=225&w=225,
309171456,Pukka Organic 20 Night Time Berry Herbal Tea Sachets 36G,https://www.tesco.com/groceries/en-GB/shop/drinks/all?department=Tea&viewAll=department&page=,£3.50,£9.73/100g,,,/groceries/en-GB/products/309171456,https://digitalcontent.api.tesco.com/v2/media/ghs/a9f01772-78bb-4467-93de-0694a01ac4ca/2d699b88-f339-4ec2-ba99-44b8ca43cd60_850569011.jpeg?h=225&w=225,
299608475,Pukka Organic Turmeric Active 20 Tea Bags 36G,https://www.tesco.com/groceries/en-GB/shop/drinks/all?department=Tea&viewAll=department&page=,£3.50,£9.73/100g,,,/groceries/en-GB/products/299608475,https://digitalcontent.api.tesco.com/v2/media/ghs/32e85801-254f-442f-bf1a-e3819fe2c32e/43afcd0f-08a4-4eb4-9289-e6ceeeadf1f0_423309577.jpeg?h=225&w=225,
303837163,Pukka Feel New Herbal Tea 20S 40G,https://www.tesco.com/groceries/en-GB/shop/drinks/all?department=Tea&viewAll=department&page=,£3.50,£8.75/100g,,,/groceries/en-GB/products/303837163,https://digitalcontent.api.tesco.com/v2/media/ghs/dc176bd6-187a-4d3c-a568-fcfd5f854ff3/9d25e6b1-92cd-4244-9da9-69959a9c149f_436271669.jpeg?h=225&w=225,
312573558,Pukka Organic Winter Warmer 20 Tea Bags 38G,https://www.tesco.com/groceries/en-GB/shop/drinks/all?department=Tea&viewAll=department&page=,£3.50,£9.22/100g,,New,/groceries/en-GB/products/312573558,https://digitalcontent.api.tesco.com/v2/media/ghs/49d520bb-c80c-4408-a680-34c6b9195701/15504d68-5f5a-485f-a5e0-5680e12345e8_982307522.jpeg?h=225&w=225,
296850583,Pukka Organic 3 Chamomile 20 Tea Bags 30G,https://www.tesco.com/groceries/en-GB/shop/drinks/all?department=Tea&viewAll=department&page=,£3.50,£11.67/100g,,,/groceries/en-GB/products/296850583,https://digitalcontent.api.tesco.com/v2/media/ghs/be66eac4-d595-427d-ba01-42519c73d3b0/78b980df-dd11-4f53-9926-adb6f03f0c94_1434049306.jpeg?h=225&w=225,
302306563,Pukka Peace Organic Tea 20 Sachets 30G,https://www.tesco.com/groceries/en-GB/shop/drinks/all?department=Tea&viewAll=department&page=,£3.50,£11.67/100g,,,/groceries/en-GB/products/302306563,https://digitalcontent.api.tesco.com/v2/media/ghs/2b899b7a-b9f5-47c0-a865-10af52abf605/d0adf3ee-8740-47a8-95aa-b9b9420efc5e_284816156.jpeg?h=225&w=225,
287066350,Pukka Organic Chamomile Vanilla & Manuka 20 Tea Bags 32G,https://www.tesco.com/groceries/en-GB/shop/drinks/all?department=Tea&viewAll=department&page=,£3.50,£10.94/100g,,,/groceries/en-GB/products/287066350,https://digitalcontent.api.tesco.com/v2/media/ghs/65c11a0f-6b10-487c-acc9-3e3aa548f040/1850186f-3d50-4174-8bb0-157bec457aa4_392611782.jpeg?h=225&w=225,
272565168,Pukka Organic Fair Trade Vanilla Chai 20 Tea Bags 40G,https://www.tesco.com/groceries/en-GB/shop/drinks/all?department=Tea&viewAll=department&page=,£3.50,£8.75/100g,,,/groceries/en-GB/products/272565168,https://digitalcontent.api.tesco.com/v2/media/ghs/d4858639-c7ca-4839-aaac-e1da97a11127/4a0c2c25-4907-4dfe-b4ac-31fc9a76448c_1372267905.jpeg?h=225&w=225,
289574085,Pukka Herbs Herbal Collection 20'S 34.4G,https://www.tesco.com/groceries/en-GB/shop/drinks/all?department=Tea&viewAll=department&page=,£3.50,£10.18/100g,,,/groceries/en-GB/products/289574085,https://digitalcontent.api.tesco.com/v2/media/ghs/37d6fa84-3017-4f03-9e8f-f7d734ff6d19/cbdae35f-e7a5-4a71-b37e-fba221e61702_215805652.jpeg?h=225&w=225,
279527318,Pukka Elderberry & Echinacea Organic 20 Tea Bags 40G,https://www.tesco.com/groceries/en-GB/shop/drinks/all?department=Tea&viewAll=department&page=,£3.50,£8.75/100g,,,/groceries/en-GB/products/279527318,https://digitalcontent.api.tesco.com/v2/media/ghs/48b7b8fc-66eb-46fa-aee4-74e8d39b5ba5/28ab5171-b489-463d-8368-de9c788d9353_2110385345.jpeg?h=225&w=225,
256673070,Twinings Lady Grey 100S 250G,https://www.tesco.com/groceries/en-GB/shop/drinks/all?department=Tea&viewAll=department&page=,£6.00,£2.40/100g,£4.00 Clubcard Price,,/groceries/en-GB/products/256673070,https://digitalcontent.api.tesco.com/v2/media/ghs/83f699fe-afdf-4856-a488-a9831d5ed162/dba3c1e0-0286-43eb-8c96-9f78aeb9c733_1682018165.jpeg?h=225&w=225,
261250046,Twinings Everyday Decaff 80 Teabags 250G,https://www.tesco.com/groceries/en-GB/shop/drinks/all?department=Tea&viewAll=department&page=,£5.30,£2.12/100g,£3.50 Clubcard Price,,/groceries/en-GB/products/261250046,https://digitalcontent.api.tesco.com/v2/media/ghs/516d10c4-fa32-497e-b7fa-4f739938d4dd/a00c1a99-8043-4f9b-84a4-d8ce4b0d78d1_573136976.jpeg?h=225&w=225,
257375035,Twinings Strong English Breakfast 80 Tea Bags 250G,https://www.tesco.com/groceries/en-GB/shop/drinks/all?department=Tea&viewAll=department&page=,£5.30,£2.12/100g,£3.00 Clubcard Price,,/groceries/en-GB/products/257375035,https://digitalcontent.api.tesco.com/v2/media/ghs/f6a36d53-13cf-470d-9a27-198e987c890f/cbb253ef-5f19-4400-be44-620684fa72ff_1233948541.jpeg?h=225&w=225,
256624739,Twinings English Breakfast Decaf Tea Bags 50'S 125G,https://www.tesco.com/groceries/en-GB/shop/drinks/all?department=Tea&viewAll=department&page=,£4.50,£3.60/100g,,,/groceries/en-GB/products/256624739,https://digitalcontent.api.tesco.com/v2/media/ghs/68060ace-6774-40a4-92bc-7885314a1a56/8403f824-1624-40a0-bd99-6e03eeeb777c_1231965606.jpeg?h=225&w=225,
306652635,Clipper Organic 40 Bags Of Earl Grey Tea 96G,https://www.tesco.com/groceries/en-GB/shop/drinks/all?department=Tea&viewAll=department&page=,£2.80,£2.92/100g,,,/groceries/en-GB/products/306652635,https://digitalcontent.api.tesco.com/v2/media/ghs/06da6f5a-c9cc-4c1e-aa3b-4491ab29e3d8/a8e9adb6-5e21-42cb-9876-24ca40a1d269_150922527.jpeg?h=225&w=225,
306501999,Clipper Organic White Tea 40 Bags 70G,https://www.tesco.com/groceries/en-GB/shop/drinks/all?department=Tea&viewAll=department&page=,£2.80,£4.00/100g,,,/groceries/en-GB/products/306501999,https://digitalcontent.api.tesco.com/v2/media/ghs/ab5c2c7c-ab85-465f-9690-5b9dbf8c924a/e809784c-88dc-4806-894f-14afa96f2b73_1850873641.jpeg?h=225&w=225,
287128836,Tetley Extra Strong 75 Teabags 237G,https://www.tesco.com/groceries/en-GB/shop/drinks/all?department=Tea&viewAll=department&page=,£3.00,£1.27/100g,£2.25 Clubcard Price,,/groceries/en-GB/products/287128836,https://digitalcontent.api.tesco.com/v2/media/ghs/05c795d5-1b23-4851-8152-fccb9687f9d7/b50f606c-bf8d-4d78-b721-e49277dde960_1819185413.jpeg?h=225&w=225,
311797796,Clipper Snore & Peace Chamomile Lemon & Lavender Tea Bags 30G,https://www.tesco.com/groceries/en-GB/shop/drinks/all?department=Tea&viewAll=department&page=,£2.50,£8.34/100g,,,/groceries/en-GB/products/311797796,https://digitalcontent.api.tesco.com/v2/media/ghs/c8f12402-9918-4057-97ad-faaf752871ab/b102f43a-02b7-4170-b77f-161db6a30156_1124182479.jpeg?h=225&w=225,
279322232,Tesco Finest Assams 100 Teabags 250G,https://www.tesco.com/groceries/en-GB/shop/drinks/all?department=Tea&viewAll=department&page=,£2.60,£1.04/100g,,,/groceries/en-GB/products/279322232,https://digitalcontent.api.tesco.com/v2/media/ghs/630a79cc-62dd-4fb4-915a-09b292f83036/snapshotimagehandler_734188672.jpeg?h=225&w=225,
295665988,Yorkshire Tea Bedtime Brew 40 Pack 100G,https://www.tesco.com/groceries/en-GB/shop/drinks/all?department=Tea&viewAll=department&page=,£2.30,£2.30/100g,,,/groceries/en-GB/products/295665988,https://digitalcontent.api.tesco.com/v2/media/ghs/62c2d8ad-a6b3-42ec-b282-108a69ceeb59/f8f7d2ee-e32e-4722-b112-bf41f29bab8e_624170963.jpeg?h=225&w=225,
255820105,Pg Tips 80 Cups Tea Granules 40G,https://www.tesco.com/groceries/en-GB/shop/drinks/all?department=Tea&viewAll=department&page=,£3.45,£8.63/100g,,,/groceries/en-GB/products/255820105,https://digitalcontent.api.tesco.com/v2/media/ghs/283d437d-4e34-4b66-ab9f-fdb629c2a474/6d96e543-657a-436e-8a35-a5f2d2722f1d_204480821.jpeg?h=225&w=225,
287184492,Pg Tips Extra Strong Pyramid 80S Teabags 232G,https://www.tesco.com/groceries/en-GB/shop/drinks/all?department=Tea&viewAll=department&page=,£3.45,£1.49/100g,£3.00 Clubcard Price,,/groceries/en-GB/products/287184492,https://digitalcontent.api.tesco.com/v2/media/ghs/0f199c9a-bc9b-408d-a390-d59521c045a9/842cfd69-7f33-46f1-927d-42ff0758ea7b_2000737605.jpeg?h=225&w=225,
258216505,Twinnings Fennel Teabags 20S 40G,https://www.tesco.com/groceries/en-GB/shop/drinks/all?department=Tea&viewAll=department&page=,£2.25,£5.63/100g,£1.75 Clubcard Price,,/groceries/en-GB/products/258216505,https://digitalcontent.api.tesco.com/v2/media/ghs/7ce5fb1c-1f02-47bf-8b45-ae2d43e23ae8/1fb108be-42b7-43d0-b884-12b030127e44_1739977743.jpeg?h=225&w=225,
276770621,Twinings Spiced Ginger 20'S 35G,https://www.tesco.com/groceries/en-GB/shop/drinks/all?department=Tea&viewAll=department&page=,£2.25,£6.43/100g,£1.75 Clubcard Price,,/groceries/en-GB/products/276770621,https://digitalcontent.api.tesco.com/v2/media/ghs/dbc7631d-30b9-4ee9-85a3-dcf97a427e82/792132ab-e0fb-4883-b80b-34c05feb4750_1343110580.jpeg?h=225&w=225,
312850037,Lift Instant Lemon Flavour Tea Reduced Sweetness 165G,https://www.tesco.com/groceries/en-GB/shop/drinks/all?department=Tea&viewAll=department&page=,£1.70,£1.04/100g,,,/groceries/en-GB/products/312850037,https://digitalcontent.api.tesco.com/v2/media/ghs/224e47ba-1386-4e54-af13-7e295867e07a/d879b4dc-8d7b-4c86-89d0-8b8eb6ae2453_1475038301.jpeg?h=225&w=225,
252178478,Twinings Jasmine Green Teabags 20'S 50G,https://www.tesco.com/groceries/en-GB/shop/drinks/all?department=Tea&viewAll=department&page=,£2.25,£4.50/100g,£1.75 Clubcard Price,,/groceries/en-GB/products/252178478,https://digitalcontent.api.tesco.com/v2/media/ghs/ef3cbb06-47d8-4191-9f8c-a01f770f59d7/8ceb7c5c-47e3-4870-906a-44c41fec7263_1641978375.jpeg?h=225&w=225,
252178150,Twinings Pure Green Teabags 20'S 50G,https://www.tesco.com/groceries/en-GB/shop/drinks/all?department=Tea&viewAll=department&page=,£2.25,£4.50/100g,£1.75 Clubcard Price,,/groceries/en-GB/products/252178150,https://digitalcontent.api.tesco.com/v2/media/ghs/e08d0008-646a-47e3-8562-da0b1a7fb192/81a9918b-47d6-4445-b871-a7e6f5f948f0_1165359434.jpeg?h=225&w=225,
264763809,Twinings Green Tea And Mint 20'S 40G,https://www.tesco.com/groceries/en-GB/shop/drinks/all?department=Tea&viewAll=department&page=,£2.25,£5.63/100g,£1.75 Clubcard Price,,/groceries/en-GB/products/264763809,https://digitalcontent.api.tesco.com/v2/media/ghs/9f755d88-4876-4e86-944b-e89fec4e5561/7369e5da-df3a-4606-b43e-9e110e024df4_1211352530.jpeg?h=225&w=225,
281786843,Twinings Green With Ginger 20'S 40G,https://www.tesco.com/groceries/en-GB/shop/drinks/all?department=Tea&viewAll=department&page=,£2.25,£5.63/100g,£1.75 Clubcard Price,,/groceries/en-GB/products/281786843,https://digitalcontent.api.tesco.com/v2/media/ghs/e59cfe74-db84-4928-9434-5ceba5f19faf/575a78d9-bea7-453f-8a6a-5328ef220bd7_493026020.jpeg?h=225&w=225,
286918928,Twinings Blackcurrant & Blueberry 20 Tea Bags 40G,https://www.tesco.com/groceries/en-GB/shop/drinks/all?department=Tea&viewAll=department&page=,£2.25,£5.63/100g,£1.75 Clubcard Price,,/groceries/en-GB/products/286918928,https://digitalcontent.api.tesco.com/v2/media/ghs/bf7f0371-4750-4fe5-868d-0452ea9d1ef2/c6a89559-16f2-4f68-8ea0-d8686b840f73_1214178780.jpeg?h=225&w=225,
312837322,Lift Instant Lemon Flavour Tea 165G,https://www.tesco.com/groceries/en-GB/shop/drinks/all?department=Tea&viewAll=department&page=,£1.70,£1.04/100g,,,/groceries/en-GB/products/312837322,https://digitalcontent.api.tesco.com/v2/media/ghs/c22ae072-db8f-4820-8a3e-8c31b3ac356a/61893fe6-6b76-4cf1-bcb1-e7db7988b4e7_911227535.jpeg?h=225&w=225,
279343685,Tesco Finest Vanilla Chai 50 Tea Bags 125G,https://www.tesco.com/groceries/en-GB/shop/drinks/all?department=Tea&viewAll=department&page=,£1.70,£1.36/100g,,,/groceries/en-GB/products/279343685,https://digitalcontent.api.tesco.com/v2/media/ghs/62aafce3-6b62-4dac-a41f-2cd5bc71ae08/snapshotimagehandler_286980302.jpeg?h=225&w=225,
264522329,Thompsons Irish Breakfast Tea 80 Tea Bags 250G,https://www.tesco.com/groceries/en-GB/shop/drinks/all?department=Tea&viewAll=department&page=,£2.80,£1.12/100g,£1.80 Clubcard Price,,/groceries/en-GB/products/264522329,https://digitalcontent.api.tesco.com/v2/media/ghs/71395241-c6f3-4421-8878-3de04c4366a9/8a57f4b3-5cc9-45bf-9482-c7ab1f699195_1369184222.jpeg?h=225&w=225,
300708131,Tesco Gold Loose Leaf 250G,https://www.tesco.com/groceries/en-GB/shop/drinks/all?department=Tea&viewAll=department&page=,£1.65,£0.66/100g,,,/groceries/en-GB/products/300708131,https://digitalcontent.api.tesco.com/v2/media/ghs/e3abc746-3c3a-4ddd-a8e7-40cbeeb01e8c/80eee753-eace-4bd8-90e5-c26ce755845f_2020169859.jpeg?h=225&w=225,
306659841,Tetley Green Tea Mango & Passion Fruit 50 Tea Bags 100G,https://www.tesco.com/groceries/en-GB/shop/drinks/all?department=Tea&viewAll=department&page=,£1.49,£1.49/100g,,,/groceries/en-GB/products/306659841,https://digitalcontent.api.tesco.com/v2/media/ghs/39d8df80-778b-4968-902a-2a71eaa2f348/3d0ba33e-0cbb-4243-bf0f-ffff00cd98dd_711653442.jpeg?h=225&w=225,
254887396,Pg Tips 80 Cups Loose Tea 250G,https://www.tesco.com/groceries/en-GB/shop/drinks/all?department=Tea&viewAll=department&page=,£2.50,£1.00/100g,£2.00 Clubcard Price,,/groceries/en-GB/products/254887396,https://digitalcontent.api.tesco.com/v2/media/ghs/5de60107-666e-4d03-bd69-1d6256aace22/4e6dc67a-c4a1-4e82-b97f-3a5feb40feb1_1144758896.jpeg?h=225&w=225,
264579481,Tesco Green Tea With Lemon Tea Bags 20S 50G,https://www.tesco.com/groceries/en-GB/shop/drinks/all?department=Tea&viewAll=department&page=,£0.75,£1.50/100g,,,/groceries/en-GB/products/264579481,https://digitalcontent.api.tesco.com/v2/media/ghs/7f51dddb-9468-41ca-9430-5168a59012df/0d0b8bcd-8e75-41ff-8777-d7c72e382c38_657236922.jpeg?h=225&w=225,
267685989,Twinings Pure Green 80S 200G,https://www.tesco.com/groceries/en-GB/shop/drinks/all?department=Tea&viewAll=department&page=,£5.00,£2.50/100g,,,/groceries/en-GB/products/267685989,https://digitalcontent.api.tesco.com/v2/media/ghs/9b2a09a6-fa5c-4b8b-912a-c8400fe6c0a9/277dbe7d-adc2-47c2-b489-0bc30e7e9288_930087316.jpeg?h=225&w=225,
279526607,Pukka Organic Three Cinnamon 20 Tea Bags 40G,https://www.tesco.com/groceries/en-GB/shop/drinks/all?department=Tea&viewAll=department&page=,£3.50,£8.75/100g,,,/groceries/en-GB/products/279526607,https://digitalcontent.api.tesco.com/v2/media/ghs/680675a1-a908-430d-a3fa-4f4dcafe73fe/8403f353-137b-4af6-87b6-3317fe4057d7_158296689.jpeg?h=225&w=225,
286841908,Twinings Assam Tea Bags 80S 200G,https://www.tesco.com/groceries/en-GB/shop/drinks/all?department=Tea&viewAll=department&page=,£5.30,£2.65/100g,£3.50 Clubcard Price,,/groceries/en-GB/products/286841908,https://digitalcontent.api.tesco.com/v2/media/ghs/f0888259-a616-4d6b-89ec-a95d0f92fa0f/b69af025-0465-447c-84cd-67890cac5710_1503515098.jpeg?h=225&w=225,
278777046,Tesco Finest Peppermint Leaves Pyramid Tea 15S 30G,https://www.tesco.com/groceries/en-GB/shop/drinks/all?department=Tea&viewAll=department&page=,£3.15,£10.50/100g,,,/groceries/en-GB/products/278777046,https://digitalcontent.api.tesco.com/v2/media/ghs/e20e1ef0-1543-4f6c-8d89-2aed9df1e578/24e13f5e-0fb0-4df9-b0c9-3382ef62dd39_667135509.jpeg?h=225&w=225,
301419615,Pukka Organic 20 Lemongrass & Ginger Tea Bags 36G,https://www.tesco.com/groceries/en-GB/shop/drinks/all?department=Tea&viewAll=department&page=,£3.50,£9.73/100g,,,/groceries/en-GB/products/301419615,https://digitalcontent.api.tesco.com/v2/media/ghs/bec9e6f2-ce66-4e2f-9073-b0c554b108cc/ce7da204-2e8f-43a9-9236-2ab286b80316_710297650.jpeg?h=225&w=225,
309160256,Pukka Joy Organic Herbal Tea 20 Bags 34G,https://www.tesco.com/groceries/en-GB/shop/drinks/all?department=Tea&viewAll=department&page=,£3.50,£10.30/100g,,,/groceries/en-GB/products/309160256,https://digitalcontent.api.tesco.com/v2/media/ghs/27aa66eb-d07e-49b4-bbe4-cf57dda08a5c/c6eb3793-57d5-4398-88f7-2849b04e3aa3_1189880779.jpeg?h=225&w=225,
296850738,Pukka Organic Ginseng Matcha Green T /Bag 30G,https://www.tesco.com/groceries/en-GB/shop/drinks/all?department=Tea&viewAll=department&page=,£3.50,£11.67/100g,,,/groceries/en-GB/products/296850738,https://digitalcontent.api.tesco.com/v2/media/ghs/7145a054-8ecc-4d5a-ba7a-11860b1b871f/2077b27e-623a-48e2-b132-12d38a903107_520366416.jpeg?h=225&w=225,
276899319,Teapigs Peppermint Leaves 15'S 30G,https://www.tesco.com/groceries/en-GB/shop/drinks/all?department=Tea&viewAll=department&page=,£4.00,£13.34/100g,,,/groceries/en-GB/products/276899319,https://digitalcontent.api.tesco.com/v2/media/ghs/cf6a0dc4-2f47-482b-a639-3951a53fbc47/ffcbbd38-9837-481a-8f68-dedc3874d8a8_1094893112.jpeg?h=225&w=225,
299608826,Twinings 50 Spicy Chai Teabags 125G,https://www.tesco.com/groceries/en-GB/shop/drinks/all?department=Tea&viewAll=department&page=,£3.50,£2.80/100g,,,/groceries/en-GB/products/299608826,https://digitalcontent.api.tesco.com/v2/media/ghs/e01d6f95-76ca-4b21-bca5-8b901511fdd7/c6b44101-4544-444f-86f5-68c8956443d4_2002242678.jpeg?h=225&w=225,
278776974,Tesco Finest Green Jasmine Pyramid Tea 15S 30G,https://www.tesco.com/groceries/en-GB/shop/drinks/all?department=Tea&viewAll=department&page=,£3.15,£10.50/100g,,,/groceries/en-GB/products/278776974,https://digitalcontent.api.tesco.com/v2/media/ghs/7632c12e-a5f1-43db-8410-3212349fd1f8/c5e22af8-46c0-4d8c-a2b5-5bf6e7198911_720245358.jpeg?h=225&w=225,
301391847,Thompson's Special Everyday 160 Tea Bags 500G,https://www.tesco.com/groceries/en-GB/shop/drinks/all?department=Tea&viewAll=department&page=,£4.00,£0.80/100g,,,/groceries/en-GB/products/301391847,https://digitalcontent.api.tesco.com/v2/media/ghs/c1e9d4b0-9d98-4221-a385-d71ee066109f/04c0e271-19a1-40d1-891d-a20fc5e444d8_370092320.jpeg?h=225&w=225,
312236031,Pukka Radiance Organic Herbal Tea 20 Sachts 36G,https://www.tesco.com/groceries/en-GB/shop/drinks/all?department=Tea&viewAll=department&page=,£3.50,£9.73/100g,,,/groceries/en-GB/products/312236031,https://digitalcontent.api.tesco.com/v2/media/ghs/27520754-1f64-49b5-b740-9b8695e71ddc/3a8534aa-25e0-49d6-ab08-a0767846039d_1410399422.jpeg?h=225&w=225,
255633413,Twinings Lapsang Souchong 50 Teabags 125G,https://www.tesco.com/groceries/en-GB/shop/drinks/all?department=Tea&viewAll=department&page=,£3.50,£2.80/100g,,,/groceries/en-GB/products/255633413,https://digitalcontent.api.tesco.com/v2/media/ghs/46f771fd-18e2-4084-a94a-2dd8437c75b1/6cabb87b-6f44-43f8-82bb-d560ccbdfd7a_988707620.jpeg?h=225&w=225,
278174707,Pukka Organic Three Fennel 20S 36G,https://www.tesco.com/groceries/en-GB/shop/drinks/all?department=Tea&viewAll=department&page=,£3.50,£9.73/100g,,,/groceries/en-GB/products/278174707,https://digitalcontent.api.tesco.com/v2/media/ghs/0cbad81b-7d69-4413-b28f-338adfb0ac2e/8d1b0e27-788a-43c1-b8d8-1e36abd0b31e_109438050.jpeg?h=225&w=225,
306816362,Pukka Day To Night Collection Organic Herbal Tea 32.4G,https://www.tesco.com/groceries/en-GB/shop/drinks/all?department=Tea&viewAll=department&page=,£3.50,£10.81/100g,,,/groceries/en-GB/products/306816362,https://digitalcontent.api.tesco.com/v2/media/ghs/06728e40-6a0c-47b0-9c60-2b9a6575d98b/dc5b3f32-ad8b-46b5-bb27-452174f89f69_1529614586.jpeg?h=225&w=225,
254888061,Twinings English Breakfast 50 Teabags 125G,https://www.tesco.com/groceries/en-GB/shop/drinks/all?department=Tea&viewAll=department&page=,£3.50,£2.80/100g,,,/groceries/en-GB/products/254888061,https://digitalcontent.api.tesco.com/v2/media/ghs/bdbfa988-37d8-49c1-a45e-05747f86964f/9839924c-3fe2-42cf-a5fe-8444a71edf4b_1520096126.jpeg?h=225&w=225,
311789702,Clipper Restore Organic Ginger & Turmeric Tea 36G,https://www.tesco.com/groceries/en-GB/shop/drinks/all?department=Tea&viewAll=department&page=,£2.50,£6.95/100g,,,/groceries/en-GB/products/311789702,https://digitalcontent.api.tesco.com/v2/media/ghs/98c011d3-537e-46e7-ad14-5c97c0c0137d/c728f0f8-fd5b-4250-94b3-19dbc4753736_721459869.jpeg?h=225&w=225,
268641723,Tetley Redbush & Vanilla 40 Teabags 100G,https://www.tesco.com/groceries/en-GB/shop/drinks/all?department=Tea&viewAll=department&page=,£2.25,£2.25/100g,,,/groceries/en-GB/products/268641723,https://digitalcontent.api.tesco.com/v2/media/ghs/bbc01ae1-f82c-4eb9-89f7-3f00a3248587/ffe164f3-d5af-4a9e-87e4-34816c9c9a07_1924207899.jpeg?h=225&w=225,
273949387,Barrys Tea Gold Blend Teabags 80S 250G,https://www.tesco.com/groceries/en-GB/shop/drinks/all?department=Tea&viewAll=department&page=,£3.50,£1.40/100g,£3.00 Clubcard Price,,/groceries/en-GB/products/273949387,https://digitalcontent.api.tesco.com/v2/media/ghs/246064df-c7f3-41ad-a492-54cb8bced326/cd871a9e-38af-423a-88ac-a64f4ba3562b_1276118331.jpeg?h=225&w=225,
286614395,Tick Tock Organic Green Tea 40S 72G,https://www.tesco.com/groceries/en-GB/shop/drinks/all?department=Tea&viewAll=department&page=,£2.15,£2.99/100g,,,/groceries/en-GB/products/286614395,https://digitalcontent.api.tesco.com/v2/media/ghs/e0fa4c9d-b387-44a4-9498-5852c093d896/snapshotimagehandler_469713702.jpeg?h=225&w=225,
306496791,Twinings Peach & Orange 20 Teabags 40G,https://www.tesco.com/groceries/en-GB/shop/drinks/all?department=Tea&viewAll=department&page=,£2.80,£7.00/100g,£2.00 Clubcard Price,,/groceries/en-GB/products/306496791,https://digitalcontent.api.tesco.com/v2/media/ghs/320f46e4-3f19-459d-bfb8-eee3c4c69240/f1ba2df2-de5c-44ad-87f8-75a6dc8a238b_187952766.jpeg?h=225&w=225,
255633782,Twinings Earl Grey Leaf Tea 125G,https://www.tesco.com/groceries/en-GB/shop/drinks/all?department=Tea&viewAll=department&page=,£2.50,£2.00/100g,,,/groceries/en-GB/products/255633782,https://digitalcontent.api.tesco.com/v2/media/ghs/0a1e9d7a-3e80-47e0-bf7f-a4c9da9e28cb/73a1d03b-1372-4e15-9969-8efb943d60e8_191200184.jpeg?h=225&w=225,
254887494,Twinings English Breakfast Leaf Tea 125G,https://www.tesco.com/groceries/en-GB/shop/drinks/all?department=Tea&viewAll=department&page=,£2.50,£2.00/100g,,,/groceries/en-GB/products/254887494,https://digitalcontent.api.tesco.com/v2/media/ghs/2deb9bf7-089e-41f5-bebb-452a0df1dc8e/836e4361-ba43-4aa9-86ec-5095e74dbd6d_1978533722.jpeg?h=225&w=225,
255633747,Twinings Assam Loose Tea 125G,https://www.tesco.com/groceries/en-GB/shop/drinks/all?department=Tea&viewAll=department&page=,£2.50,£2.00/100g,,,/groceries/en-GB/products/255633747,https://digitalcontent.api.tesco.com/v2/media/ghs/836d5a6f-938b-4bb9-97cf-4f193e3b0e7b/7e9b8120-0a46-48d5-9010-b3d4f006c376_1790363192.jpeg?h=225&w=225,
264763886,Twinings Green Tea And Lemon Tea20s 40G,https://www.tesco.com/groceries/en-GB/shop/drinks/all?department=Tea&viewAll=department&page=,£2.25,£5.63/100g,£1.75 Clubcard Price,,/groceries/en-GB/products/264763886,https://digitalcontent.api.tesco.com/v2/media/ghs/e10f5ef2-7180-48de-ac21-2592d681c67f/bd7d625e-b4f8-4cdb-82ed-032bd4d9ca2a_1213264477.jpeg?h=225&w=225,
311805022,Clipper Cleanse Organic Citrus Nettle & Fennel Tea Bags 44G,https://www.tesco.com/groceries/en-GB/shop/drinks/all?department=Tea&viewAll=department&page=,£2.50,£5.69/100g,,,/groceries/en-GB/products/311805022,https://digitalcontent.api.tesco.com/v2/media/ghs/1a52b237-054c-4fad-bf5f-34c48e570c9a/652c5545-6136-429c-b2eb-73b3acfa8708_1075216672.jpeg?h=225&w=225,
306500659,Twinings Raspberry & Lemon 20 Teabags 40G,https://www.tesco.com/groceries/en-GB/shop/drinks/all?department=Tea&viewAll=department&page=,£2.80,£7.00/100g,£2.00 Clubcard Price,,/groceries/en-GB/products/306500659,https://digitalcontent.api.tesco.com/v2/media/ghs/9da76d5f-79b6-49e3-b465-7fd6bca9b4fa/c7574f41-1977-4b21-81ea-8fd7f878c132_1387053246.jpeg?h=225&w=225,
279322422,Tesco Finest Ceylon Teabags 50'S 125G,https://www.tesco.com/groceries/en-GB/shop/drinks/all?department=Tea&viewAll=department&page=,£1.70,£1.36/100g,,,/groceries/en-GB/products/279322422,https://digitalcontent.api.tesco.com/v2/media/ghs/e03acc9d-8147-444a-8199-cf4e2b43efe2/1e4f8142-33b6-43f6-a2fa-bcec26ab5d16_1463904671.jpeg?h=225&w=225,
311276612,Yorkshire Tea Toast & Jam Tea Bags 40S 125G,https://www.tesco.com/groceries/en-GB/shop/drinks/all?department=Tea&viewAll=department&page=,£2.30,£1.84/100g,,,/groceries/en-GB/products/311276612,https://digitalcontent.api.tesco.com/v2/media/ghs/ac7a3308-5073-4c19-8eb2-2e8e826e31bb/f66a79dd-28fc-4164-b7c1-7e43a000abc2_460231873.jpeg?h=225&w=225,
302310874,Tick Tock Rooibos Tea Vanilla 40'S 80G,https://www.tesco.com/groceries/en-GB/shop/drinks/all?department=Tea&viewAll=department&page=,£2.15,£2.69/100g,,,/groceries/en-GB/products/302310874,https://digitalcontent.api.tesco.com/v2/media/ghs/768ba03f-4ecc-467c-9118-9a33abd729be/c403b41c-df6e-4418-99e3-34e260bdbc33_663761393.jpeg?h=225&w=225,
307746477,Tick Tock Earl Grey Rooibos Tea Bags 40S 90G,https://www.tesco.com/groceries/en-GB/shop/drinks/all?department=Tea&viewAll=department&page=,£2.15,£2.39/100g,,,/groceries/en-GB/products/307746477,https://digitalcontent.api.tesco.com/v2/media/ghs/c3e02d10-def9-4db5-a044-1dbf7d11627a/646874df-5555-43d6-a480-2e1d934c44d0_980255335.jpeg?h=225&w=225,
306499747,Twinings Rooibos & Honey 20 Teabags 36G,https://www.tesco.com/groceries/en-GB/shop/drinks/all?department=Tea&viewAll=department&page=,£2.80,£7.78/100g,£2.00 Clubcard Price,,/groceries/en-GB/products/306499747,https://digitalcontent.api.tesco.com/v2/media/ghs/10c9bcf4-10d6-47f2-a960-249a0bcb4b9f/daca25a8-941d-4c79-ad97-d7156f66f920_618898027.jpeg?h=225&w=225,
250293958,Twinings Pear & Apple Green Tea Tea Bags 20S 40G,https://www.tesco.com/groceries/en-GB/shop/drinks/all?department=Tea&viewAll=department&page=,£2.25,£5.63/100g,£1.75 Clubcard Price,,/groceries/en-GB/products/250293958,https://digitalcontent.api.tesco.com/v2/media/ghs/fa3fd650-0d9c-4311-a4a4-dda7320cca11/6397ab29-b489-4a9a-93b5-35fce9720aa6_1384039020.jpeg?h=225&w=225,
279335332,Tesco Finest Chai 50 Tea Bags 125G,https://www.tesco.com/groceries/en-GB/shop/drinks/all?department=Tea&viewAll=department&page=,£1.70,£1.36/100g,,,/groceries/en-GB/products/279335332,https://digitalcontent.api.tesco.com/v2/media/ghs/10b84164-378b-428d-8fe8-f2cfb4538215/dbf55ab6-c3a8-4223-9a9e-22eef177f924_612455189.jpeg?h=225&w=225,
312087961,Twinings Sprbnds Immune Support 20 Teabags 40G,https://www.tesco.com/groceries/en-GB/shop/drinks/all?department=Tea&viewAll=department&page=,£3.50,£8.75/100g,£1.75 Clubcard Price,,/groceries/en-GB/products/312087961,https://digitalcontent.api.tesco.com/v2/media/ghs/61a98de5-3a67-4493-a9a0-4d135f92c3a2/e442d8a5-458a-49c8-8d9d-8585bd23e259_1434661433.jpeg?h=225&w=225,
272392297,Twinings Green Pure Decaff 20'S 40G,https://www.tesco.com/groceries/en-GB/shop/drinks/all?department=Tea&viewAll=department&page=,£2.25,£5.63/100g,£1.75 Clubcard Price,,/groceries/en-GB/products/272392297,https://digitalcontent.api.tesco.com/v2/media/ghs/ff40e964-c5c6-4b83-8c15-8985098b670d/5ea681a1-0acf-403a-bd09-1b4b5b546131_1943365391.jpeg?h=225&w=225,
303183342,Twinings Superblends Calm Tea Bags 30G,https://www.tesco.com/groceries/en-GB/shop/drinks/all?department=Tea&viewAll=department&page=,£3.50,£11.67/100g,£1.75 Clubcard Price,,/groceries/en-GB/products/303183342,https://digitalcontent.api.tesco.com/v2/media/ghs/6cc9e08f-fc4f-4ecb-a005-958f4ea7021d/e4e7ee53-8dd7-4b12-bb0a-5702ecae1d7f_436053586.jpeg?h=225&w=225,
299556506,Twinings Superblends Glow 40G,https://www.tesco.com/groceries/en-GB/shop/drinks/all?department=Tea&viewAll=department&page=,£3.50,£8.75/100g,£1.75 Clubcard Price,,/groceries/en-GB/products/299556506,https://digitalcontent.api.tesco.com/v2/media/ghs/13f58dde-6e87-44dc-9c7b-de9cb99de9a9/03a39bac-414b-4652-bb17-548895509143_921861095.jpeg?h=225&w=225,
303302018,Twinings Digest Superblends Tea Bags 35G,https://www.tesco.com/groceries/en-GB/shop/drinks/all?department=Tea&viewAll=department&page=,£3.50,£10.00/100g,£1.75 Clubcard Price,,/groceries/en-GB/products/303302018,https://digitalcontent.api.tesco.com/v2/media/ghs/562f6cf9-daba-4fd5-95e3-3271349d16d6/c6d53fff-a26e-4f0f-9b06-536796b774b1_474359319.jpeg?h=225&w=225,
279335504,Tesco Finest Darjeeling Tea Bags 50'S 125G,https://www.tesco.com/groceries/en-GB/shop/drinks/all?department=Tea&viewAll=department&page=,£1.70,£1.36/100g,,,/groceries/en-GB/products/279335504,https://digitalcontent.api.tesco.com/v2/media/ghs/d9e7b5c0-d83b-4e0e-aeff-2d03d0445a51/ba5f3d7e-aa1a-4894-b426-57e5d642081e_95438047.jpeg?h=225&w=225,
306661653,Tetley Green Tea Mint 50 Tea Bags 100G,https://www.tesco.com/groceries/en-GB/shop/drinks/all?department=Tea&viewAll=department&page=,£1.49,£1.49/100g,,,/groceries/en-GB/products/306661653,https://digitalcontent.api.tesco.com/v2/media/ghs/a34c7695-5d5a-4cd4-b9fd-6071c890090f/155ff368-3e8c-45a8-b34d-afd455cfee57_1958457051.jpeg?h=225&w=225,
312093481,Twinings Sleep Valerian 20 Teabags 30G,https://www.tesco.com/groceries/en-GB/shop/drinks/all?department=Tea&viewAll=department&page=,£3.50,£11.67/100g,£1.75 Clubcard Price,,/groceries/en-GB/products/312093481,https://digitalcontent.api.tesco.com/v2/media/ghs/9b772d17-fd18-4aeb-b6d2-6f473bf98783/3972a398-7337-4161-8a49-9ef86da38121_1642583907.jpeg?h=225&w=225,
297020873,Vivid Matcha Green Tea Pouch 30G,https://www.tesco.com/groceries/en-GB/shop/drinks/all?department=Tea&viewAll=department&page=,£12.00,£40.00/100g,,,/groceries/en-GB/products/297020873,https://digitalcontent.api.tesco.com/v2/media/ghs/4fa3867e-0968-4d65-93d3-ada7b6b55821/0efc8670-597c-4fb7-aa12-e92c99eb191d_1290220300.jpeg?h=225&w=225,
309182368,Pukka Organic Tea Selection Box 45 Sachets 74G,https://www.tesco.com/groceries/en-GB/shop/drinks/all?department=Tea&viewAll=department&page=,£14.00,£18.92/100g,£11.00 Clubcard Price,,/groceries/en-GB/products/309182368,https://digitalcontent.api.tesco.com/v2/media/ghs/4b8de7e3-b7a1-48d5-ae24-98f7dbcc04c0/e077ec40-d008-4e8e-baa2-243679b45a29_1421863330.jpeg?h=225&w=225,
252231012,Twinings Green Tea Blend Teabag 80'S 250G,https://www.tesco.com/groceries/en-GB/shop/drinks/all?department=Tea&viewAll=department&page=,£5.00,£2.00/100g,,,/groceries/en-GB/products/252231012,https://digitalcontent.api.tesco.com/v2/media/ghs/833f0f0f-177c-4e39-866f-2d75425924d5/8e62b7aa-aad2-4cf6-811a-b4b1c89f95db_962134656.jpeg?h=225&w=225,
297020850,Vivid Matcha Green Tea Powder 7 X 1G,https://www.tesco.com/groceries/en-GB/shop/drinks/all?department=Tea&viewAll=department&page=,£4.50,£64.29/100g,,,/groceries/en-GB/products/297020850,https://digitalcontent.api.tesco.com/v2/media/ghs/12453418-e5de-4156-85ed-7e3cda4a10c1/8aeace17-646a-4c77-8d28-4620dcb4271d_1351300011.jpeg?h=225&w=225,
292975650,Pukka Organic Fair Mint Matcha Green 20 Tea Bags 30G,https://www.tesco.com/groceries/en-GB/shop/drinks/all?department=Tea&viewAll=department&page=,£3.50,£11.67/100g,,,/groceries/en-GB/products/292975650,https://digitalcontent.api.tesco.com/v2/media/ghs/df42fb34-4e6d-4103-8188-538755daa422/2f90fedb-5761-41b3-9670-4f770d1e0d8c_2024500901.jpeg?h=225&w=225,
311791514,Teapigs Organic Calm Relaxing Tea 15 Tea Bags 30G,https://www.tesco.com/groceries/en-GB/shop/drinks/all?department=Tea&viewAll=department&page=,£4.00,£13.34/100g,,,/groceries/en-GB/products/311791514,https://digitalcontent.api.tesco.com/v2/media/ghs/73480d0d-79c3-473f-b6ec-251ccb306192/f569d009-f058-4401-a789-a815e06c11a3_290894277.jpeg?h=225&w=225,
276889308,Teapigs Chamomile Flowers 15S 22.5G,https://www.tesco.com/groceries/en-GB/shop/drinks/all?department=Tea&viewAll=department&page=,£4.00,£17.78/100g,,,/groceries/en-GB/products/276889308,https://digitalcontent.api.tesco.com/v2/media/ghs/1131b0d1-e7c3-4814-ba5b-11f1e2622ee3/8f5d935d-0b54-43cf-a886-b9fbf61fd41f_97749333.jpeg?h=225&w=225,
309206440,Teapigs Organic Happy Uplifting Tea 15S 37.5G,https://www.tesco.com/groceries/en-GB/shop/drinks/all?department=Tea&viewAll=department&page=,£4.00,£10.67/100g,,,/groceries/en-GB/products/309206440,https://digitalcontent.api.tesco.com/v2/media/ghs/04db0a42-09da-4a45-863f-b87f47d33869/1d25371a-6883-4e52-85b3-ef3d3ba4b663_495132394.jpeg?h=225&w=225,
276899187,Teapigs Mao Feng Green Tea 15'S 37.5G,https://www.tesco.com/groceries/en-GB/shop/drinks/all?department=Tea&viewAll=department&page=,£4.00,£10.67/100g,,,/groceries/en-GB/products/276899187,https://digitalcontent.api.tesco.com/v2/media/ghs/d9a2f3bb-9217-4c45-bd2e-03bf1fffc212/d93430a7-2657-4e17-843c-314c03b67075_179534124.jpeg?h=225&w=225,
312234684,Kib Mint Lemongrass Moringa 15 Tea Bags 24G,https://www.tesco.com/groceries/en-GB/shop/drinks/all?department=Tea&viewAll=department&page=,£3.00,£12.50/100g,,,/groceries/en-GB/products/312234684,https://digitalcontent.api.tesco.com/v2/media/ghs/23236b72-d600-4f4c-952e-0fbecf29dd3c/ce6b3867-9c4f-4522-a532-d99e64b267a5_282481330.jpeg?h=225&w=225,
276898827,Teapigs Everyday Brew 15S 50G,https://www.tesco.com/groceries/en-GB/shop/drinks/all?department=Tea&viewAll=department&page=,£4.00,£8.00/100g,,,/groceries/en-GB/products/276898827,https://digitalcontent.api.tesco.com/v2/media/ghs/d7d13ac8-a71d-4feb-86ca-3a1138505a26/3b2071cc-1cd5-4cda-a205-9ec00f711e19_2146322601.jpeg?h=225&w=225,
309162283,Teapigs Organic Cleanse Detox Tea 15S 45G,https://www.tesco.com/groceries/en-GB/shop/drinks/all?department=Tea&viewAll=department&page=,£4.00,£8.89/100g,,,/groceries/en-GB/products/309162283,https://digitalcontent.api.tesco.com/v2/media/ghs/e4bd65af-6162-49de-93ec-e90971b712d0/b12f6e48-613d-4f40-86fe-1284e37c8ed1_55204646.jpeg?h=225&w=225,
272558776,Pukka Herbs Organic Fair Trade Original Chai 40G,https://www.tesco.com/groceries/en-GB/shop/drinks/all?department=Tea&viewAll=department&page=,£3.50,£8.75/100g,,,/groceries/en-GB/products/272558776,https://digitalcontent.api.tesco.com/v2/media/ghs/7b3950b4-9fc8-4b0e-8b4f-10dbe9e2a01e/ef12379c-1c8f-4c9e-bbce-d041fdd58dda_445974701.jpeg?h=225&w=225,
311262064,Pukka Breathe In Eucalyptus Organic Tea 20 Sachts 38G,https://www.tesco.com/groceries/en-GB/shop/drinks/all?department=Tea&viewAll=department&page=,£3.50,£9.22/100g,,,/groceries/en-GB/products/311262064,https://digitalcontent.api.tesco.com/v2/media/ghs/b30ef9e7-7ad8-43b8-aca4-5a684cc2d7ea/deb6d83c-996b-4cbf-acb5-52acb7087129_533226959.jpeg?h=225&w=225,
309167018,Teapigs Organic Snooze Sleepy Tea 15S 45G,https://www.tesco.com/groceries/en-GB/shop/drinks/all?department=Tea&viewAll=department&page=,£4.00,£8.89/100g,,,/groceries/en-GB/products/309167018,https://digitalcontent.api.tesco.com/v2/media/ghs/41316b5d-da07-4044-80fe-26d732a86ecb/7660b638-21bc-4c87-84b7-78be2047d7f6_607922408.jpeg?h=225&w=225,
312100382,Kib Ginger Lemon Turmeric 15 Tea Bags 25.5G,https://www.tesco.com/groceries/en-GB/shop/drinks/all?department=Tea&viewAll=department&page=,£3.00,£11.77/100g,,,/groceries/en-GB/products/312100382,https://digitalcontent.api.tesco.com/v2/media/ghs/f22321aa-1a40-4b94-8e6c-9a6bebbc3768/422838ca-e8c5-4726-bd2a-9afd20be5249_1992978970.jpeg?h=225&w=225,
312109597,Kib Hibiscus Tulsi Elderberry 15T/Bgs 25.5G,https://www.tesco.com/groceries/en-GB/shop/drinks/all?department=Tea&viewAll=department&page=,£3.00,£11.77/100g,,,/groceries/en-GB/products/312109597,https://digitalcontent.api.tesco.com/v2/media/ghs/db51bfe7-63f9-4383-8180-fab071c2a74e/cac4735e-9ff1-45b2-90ce-8f68b133d9fb_2113371595.jpeg?h=225&w=225,
312233797,Kib Chamomile Lemon Balm Lavender 15 Tea Bags 19.5G,https://www.tesco.com/groceries/en-GB/shop/drinks/all?department=Tea&viewAll=department&page=,£3.00,£15.39/100g,,,/groceries/en-GB/products/312233797,https://digitalcontent.api.tesco.com/v2/media/ghs/784142e8-975a-425f-9e24-08a08b9b9c53/768aa7f9-4a24-47c3-929b-20b81b9f587d_567739981.jpeg?h=225&w=225,
299556662,Twinings Superblends Detox 40G,https://www.tesco.com/groceries/en-GB/shop/drinks/all?department=Tea&viewAll=department&page=,£3.50,£8.75/100g,£1.75 Clubcard Price,,/groceries/en-GB/products/299556662,https://digitalcontent.api.tesco.com/v2/media/ghs/ed9b59d6-0b87-48ee-b7b7-a46128bd934d/62ee9b6d-c251-4915-8088-66c24302df8b_1365152847.jpeg?h=225&w=225,
251786347,Taylors Lazy Sunday Ground Coffee 227G,https://www.tesco.com/groceries/en-GB/shop/drinks/all?department=Coffee&viewAll=department&page=,£4.30,£1.90/100g,Any 2 for £7 Clubcard Price - Selected Taylors Coffee 227g,,/groceries/en-GB/products/251786347,https://digitalcontent.api.tesco.com/v2/media/ghs/0d0995b0-b5f9-4438-a0cf-da98d1526b0a/4b558242-d8ef-4134-8417-15320efea707_1552122443.jpeg?h=225&w=225,
250761361,Taylors Rich Italian Ground Coffee 227G,https://www.tesco.com/groceries/en-GB/shop/drinks/all?department=Coffee&viewAll=department&page=,£4.30,£1.90/100g,Any 2 for £7 Clubcard Price - Selected Taylors Coffee 227g,,/groceries/en-GB/products/250761361,https://digitalcontent.api.tesco.com/v2/media/ghs/bd5376a7-2a7e-429e-aa8f-dc2e4abe8169/73a63992-0b37-488b-a98d-004edfdc7016_1372191263.jpeg?h=225&w=225,
312109919,L'or. Intense Instant Coffee 150G,https://www.tesco.com/groceries/en-GB/shop/drinks/all?department=Coffee&viewAll=department&page=,£6.00,£4.00/100g,,,/groceries/en-GB/products/312109919,https://digitalcontent.api.tesco.com/v2/media/ghs/06903e63-77f7-42b5-9700-788b8b98870a/b981d88b-b4d9-4f84-a21d-2d5f3e3fefab_1597786906.jpeg?h=225&w=225,
297877164,Nescafe Gold Blend 275G,https://www.tesco.com/groceries/en-GB/shop/drinks/all?department=Coffee&viewAll=department&page=,£8.20,£2.99/100g,,,/groceries/en-GB/products/297877164,https://digitalcontent.api.tesco.com/v2/media/ghs/c1c6f987-3f63-4676-8385-dc2675d5b44c/be16560c-77eb-4ccb-a54f-5ffe84b6cb34_683499637.jpeg?h=225&w=225,
312095473,L'or. Classique Smooth & Aromatic Instant Coffee 150G,https://www.tesco.com/groceries/en-GB/shop/drinks/all?department=Coffee&viewAll=department&page=,£6.00,£4.00/100g,,,/groceries/en-GB/products/312095473,https://digitalcontent.api.tesco.com/v2/media/ghs/15aa6cab-2a88-4958-9c94-136cddfba89a/28f51ce0-b9b5-48b0-9852-6700fb5ff7e5_1190461869.jpeg?h=225&w=225,
301218409,Costa Signature Blend Coffee Beans 200G,https://www.tesco.com/groceries/en-GB/shop/drinks/all?department=Coffee&viewAll=department&page=,£4.00,£2.00/100g,,,/groceries/en-GB/products/301218409,https://digitalcontent.api.tesco.com/v2/media/ghs/2903431d-622a-4e84-94cf-af11212247a5/c9479a90-e9c8-473d-97cc-ee16a3580598_1088088421.jpeg?h=225&w=225,
311225117,Nescafe Azera Americano Intense Instant Coffee 90G,https://www.tesco.com/groceries/en-GB/shop/drinks/all?department=Coffee&viewAll=department&page=,£5.49,£6.10/100g,,,/groceries/en-GB/products/311225117,https://digitalcontent.api.tesco.com/v2/media/ghs/35c39c1f-a5df-4aef-9fdb-34cd58d9b7e2/f38f6a53-7851-4730-8dfb-bdf0afbe1f08_408979926.jpeg?h=225&w=225,
311439599,Nescafe Azera Decaff Americano Instant Coffee 90G,https://www.tesco.com/groceries/en-GB/shop/drinks/all?department=Coffee&viewAll=department&page=,£5.49,£6.10/100g,,,/groceries/en-GB/products/311439599,https://digitalcontent.api.tesco.com/v2/media/ghs/5375f2c7-f746-4ac0-8d8f-1e3ffb2c8b82/7483ba91-c904-4fdf-baee-9d9b785b00f4_560623787.jpeg?h=225&w=225,
301218369,Costa Signature Blend Ground For Cafetiere & Filter 200G,https://www.tesco.com/groceries/en-GB/shop/drinks/all?department=Coffee&viewAll=department&page=,£4.00,£2.00/100g,,,/groceries/en-GB/products/301218369,https://digitalcontent.api.tesco.com/v2/media/ghs/5b1f313c-7bdd-4c61-a2ee-d92e7c650262/56d692e0-e836-4823-a092-75c0ab2c8bdc_907600371.jpeg?h=225&w=225,
271161434,Douwe Egbert's Pure Indulgence Instant Coffee 190G,https://www.tesco.com/groceries/en-GB/shop/drinks/all?department=Coffee&viewAll=department&page=,£5.49,£2.89/100g,,,/groceries/en-GB/products/271161434,https://digitalcontent.api.tesco.com/v2/media/ghs/b4c2ad78-27c5-498a-9478-874acc1af9ab/3ad41ace-42c2-4e19-9292-acc69d6b2f36_1787081684.jpeg?h=225&w=225,
311262415,Nescafe Azera Americano Instant Coffee 90G,https://www.tesco.com/groceries/en-GB/shop/drinks/all?department=Coffee&viewAll=department&page=,£5.49,£6.10/100g,,,/groceries/en-GB/products/311262415,https://digitalcontent.api.tesco.com/v2/media/ghs/38d3411c-31df-4e9c-94f3-51fe52072fab/416a3a4b-349d-472e-a701-152c53d87ebf_1478775509.jpeg?h=225&w=225,
304493117,Starbucks House Blend Coffee Pods 10 Pack 57G,https://www.tesco.com/groceries/en-GB/shop/drinks/all?department=Coffee&viewAll=department&page=,£3.75,£6.58/100g,,,/groceries/en-GB/products/304493117,https://digitalcontent.api.tesco.com/v2/media/ghs/13df6817-9bab-4614-9998-f3ba289d1dd6/2c48b6f4-7146-43ea-84bd-49717ab7d39a_1681517268.jpeg?h=225&w=225,
311222550,Nescafe Gold Blend Espresso Instant Coffee 95G,https://www.tesco.com/groceries/en-GB/shop/drinks/all?department=Coffee&viewAll=department&page=,£4.50,£4.74/100g,,,/groceries/en-GB/products/311222550,https://digitalcontent.api.tesco.com/v2/media/ghs/519f1a99-dc7c-47f7-98ba-b83b5eddbe76/1ae7bdba-8eb1-4758-a49f-379eb3ef8189_1474726584.jpeg?h=225&w=225,
271183270,Douwe Egberts Pure Gold Coffee 190G,https://www.tesco.com/groceries/en-GB/shop/drinks/all?department=Coffee&viewAll=department&page=,£5.49,£2.89/100g,,,/groceries/en-GB/products/271183270,https://digitalcontent.api.tesco.com/v2/media/ghs/bfb0d3d1-35ec-4622-933e-b48734d5b3df/0d5d7b19-bede-4f88-9e95-ba28b4f5a171_1144592523.jpeg?h=225&w=225,
309177571,Tassimo Costa Americano Coffee Pods X12 108G,https://www.tesco.com/groceries/en-GB/shop/drinks/all?department=Coffee&viewAll=department&page=,£4.20,£3.89/100g,Any 2 for £7 Clubcard Price - Selected Tassimo Coffee Pods ,,/groceries/en-GB/products/309177571,https://digitalcontent.api.tesco.com/v2/media/ghs/b5ded0b0-7a83-49ec-a30d-2f78bfe6e877/32872076-6e4f-4f93-8bb6-6267260123af_925889357.jpeg?h=225&w=225,
289573898,Tassimo Kenco Americano Grande Coffee Pods X16,https://www.tesco.com/groceries/en-GB/shop/drinks/all?department=Coffee&viewAll=department&page=,£4.00,£2.78/100g,Any 2 for £7 Clubcard Price - Selected Tassimo Coffee Pods ,,/groceries/en-GB/products/289573898,https://digitalcontent.api.tesco.com/v2/media/ghs/57ccb7fe-a16d-432a-be60-6c2fb39d2c68/ee38c1ae-efb7-486d-a820-e145c4cfabe2_1315414840.jpeg?h=225&w=225,
312344527,Percol Colombian Coffee Bags 20 Pack 160G,https://www.tesco.com/groceries/en-GB/shop/drinks/all?department=Coffee&viewAll=department&page=,£4.50,£2.82/100g,£4.00 Clubcard Price,,/groceries/en-GB/products/312344527,https://digitalcontent.api.tesco.com/v2/media/ghs/f7393c41-f738-4422-b50d-d92a1c63eb6f/73afe04d-8b75-4542-a964-671923cff293_1481228171.jpeg?h=225&w=225,
253080263,Tesco Italian Inspired Blend Ground Coffee 227G,https://www.tesco.com/groceries/en-GB/shop/drinks/all?department=Coffee&viewAll=department&page=,£2.65,£1.17/100g,,,/groceries/en-GB/products/253080263,https://digitalcontent.api.tesco.com/v2/media/ghs/68b58039-3364-4276-9ca9-2b0291825081/snapshotimagehandler_2044709993.jpeg?h=225&w=225,
301217330,Nescafe Dolce Gusto Flat White Coffee Pods 16 Capsules,https://www.tesco.com/groceries/en-GB/shop/drinks/all?department=Coffee&viewAll=department&page=,£4.00,£2.14/100g,Any 3 for £10 Clubcard Price - Selected Nescafe Coffee Pods,,/groceries/en-GB/products/301217330,https://digitalcontent.api.tesco.com/v2/media/ghs/8eb59e06-9e21-4512-abed-af9772665cfc/630a97d5-968d-4763-87a7-2a766ed2a018_832867781.jpeg?h=225&w=225,
301391421,Nescafe Dolce Gusto Cappuccino 16Cap 186.4G,https://www.tesco.com/groceries/en-GB/shop/drinks/all?department=Coffee&viewAll=department&page=,£4.00,£2.15/100g,Any 3 for £10 Clubcard Price - Selected Nescafe Coffee Pods,,/groceries/en-GB/products/301391421,https://digitalcontent.api.tesco.com/v2/media/ghs/1457eb1b-9a0e-46e6-8a21-3de9f68d9891/59342a26-7f66-42ea-b8af-4220aca17b35_195868673.jpeg?h=225&w=225,
308097344,Nescafe Dolce Gusto Americano Intenso Coffee Pods 16S 144G,https://www.tesco.com/groceries/en-GB/shop/drinks/all?department=Coffee&viewAll=department&page=,£4.00,£2.78/100g,Any 3 for £10 Clubcard Price - Selected Nescafe Coffee Pods,,/groceries/en-GB/products/308097344,https://digitalcontent.api.tesco.com/v2/media/ghs/1b45358f-b00b-4a58-811c-a0baa3ffaf6f/58e361ec-63d8-4407-b8d8-41b4f83dde85_1361842537.jpeg?h=225&w=225,
255524836,Silver Spoon Half Spoon Sugar 1Kg,https://www.tesco.com/groceries/en-GB/shop/drinks/all?department=Coffee&viewAll=department&page=,£2.50,£2.50/kg,,,/groceries/en-GB/products/255524836,https://digitalcontent.api.tesco.com/v2/media/ghs/d36d235a-3681-453a-aa16-22dca18f7017/fbac0b29-6cdc-4cd7-82a2-78cb023f6fff_1460022182.jpeg?h=225&w=225,
265314678,Kenco Smooth Instant Coffee Refill 150G,https://www.tesco.com/groceries/en-GB/shop/drinks/all?department=Coffee&viewAll=department&page=,£4.00,£2.67/100g,,,/groceries/en-GB/products/265314678,https://digitalcontent.api.tesco.com/v2/media/ghs/781cc74e-f452-41e4-b8bc-1836d0abdedf/1d55a292-8d04-436b-aa31-996b13d646fe_1031607611.jpeg?h=225&w=225,
312715392,Nestle Coffee Mate Original 450G,https://www.tesco.com/groceries/en-GB/shop/drinks/all?department=Coffee&viewAll=department&page=,£3.00,£0.67/100g,,New,/groceries/en-GB/products/312715392,https://digitalcontent.api.tesco.com/v2/media/ghs/529fb952-e87a-4056-932c-4bd5e962244d/162beee8-af42-4a9f-8b2a-0546b198f0a9_1771831967.jpeg?h=225&w=225,
253135804,Tesco Colombian Ground Coffee 227G,https://www.tesco.com/groceries/en-GB/shop/drinks/all?department=Coffee&viewAll=department&page=,£2.65,£1.17/100g,,,/groceries/en-GB/products/253135804,https://digitalcontent.api.tesco.com/v2/media/ghs/1346e13e-2da0-47c8-afa5-9e3502339d90/snapshotimagehandler_1485313146.jpeg?h=225&w=225,
309198389,Coffee & Milk Latte Caramel Macchiato Iced Coffee 250Ml,https://www.tesco.com/groceries/en-GB/shop/drinks/all?department=Coffee&viewAll=department&page=,£0.85,£0.34/100ml,,,/groceries/en-GB/products/309198389,https://digitalcontent.api.tesco.com/v2/media/ghs/338cef8d-d535-46ec-ab45-78be622f2bf1/6fcca10f-13da-46ec-97b9-bd3f49ab2872_2123530620.jpeg?h=225&w=225,
297876977,Nescafe Gold Blend Coffee 200G,https://www.tesco.com/groceries/en-GB/shop/drinks/all?department=Coffee&viewAll=department&page=,£6.50,£3.25/100g,£5.00 Clubcard Price,,/groceries/en-GB/products/297876977,https://digitalcontent.api.tesco.com/v2/media/ghs/0767cf0f-95c0-4b06-80a7-d5915db1789a/0732a4b7-6067-4c01-9ece-5320c9a65c69_2117905786.jpeg?h=225&w=225,
309175170,Coffee & Milk Latte Cappuccino Iced Coffee 250Ml,https://www.tesco.com/groceries/en-GB/shop/drinks/all?department=Coffee&viewAll=department&page=,£0.85,£0.34/100ml,,,/groceries/en-GB/products/309175170,https://digitalcontent.api.tesco.com/v2/media/ghs/099bce9f-29a0-4e6c-b23a-c8faf6d6248a/6497e4c6-b60d-4a5f-b6c5-31192e09685f_1552295497.jpeg?h=225&w=225,
254889250,Kenco Smooth Instant Coffee 200G,https://www.tesco.com/groceries/en-GB/shop/drinks/all?department=Coffee&viewAll=department&page=,£5.50,£2.75/100g,,,/groceries/en-GB/products/254889250,https://digitalcontent.api.tesco.com/v2/media/ghs/b85e17ca-959b-4266-8f3d-aba3b137ca0f/a0b1c8f0-4473-4fdf-891b-ada8eead3ad7_333879796.jpeg?h=225&w=225,
257705936,Tesco Gold Instant Coffee 200G,https://www.tesco.com/groceries/en-GB/shop/drinks/all?department=Coffee&viewAll=department&page=,,,,,/groceries/en-GB/products/257705936,https://digitalcontent.api.tesco.com/v2/media/ghs/68e0fa0f-7b92-4117-b1aa-9af3d4e1c38e/320588b8-9b83-4d1e-b582-79773fe80783_2004778679.jpeg?h=225&w=225,This product's currently out of stock
312085675,Kenco Original Latte Instant Coffee 8 X 16.3G,https://www.tesco.com/groceries/en-GB/shop/drinks/all?department=Coffee&viewAll=department&page=,£1.60,£1.23/100g,,,/groceries/en-GB/products/312085675,https://digitalcontent.api.tesco.com/v2/media/ghs/abeb4f35-2423-4500-a853-1748170a9495/ec70ed1d-f3e3-489b-b84d-78f7b2c5f451_652523093.jpeg?h=225&w=225,
312226544,Kenco Original Cappuccino Instant Coffee 8 X 14.8G,https://www.tesco.com/groceries/en-GB/shop/drinks/all?department=Coffee&viewAll=department&page=,£1.60,£1.36/100g,,,/groceries/en-GB/products/312226544,https://digitalcontent.api.tesco.com/v2/media/ghs/052fc510-9e0e-4871-ac6f-972c83cdd17e/bdf7a3a5-6d54-43cb-be41-5a3820870657_114961170.jpeg?h=225&w=225,
254889590,Nescafe Original Instant Coffee 100G,https://www.tesco.com/groceries/en-GB/shop/drinks/all?department=Coffee&viewAll=department&page=,£2.75,£2.75/100g,,,/groceries/en-GB/products/254889590,https://digitalcontent.api.tesco.com/v2/media/ghs/14bd3205-e081-48b5-9bdb-7c3feb0e07b4/002c5094-a843-49a4-9480-19685e6cca2e_278591437.jpeg?h=225&w=225,
296141967,Nescafe Gold Cappuccino Unsweetened 8 Sachets 113.6G,https://www.tesco.com/groceries/en-GB/shop/drinks/all?department=Coffee&viewAll=department&page=,£1.69,£1.49/100g,£1.50 Clubcard Price,,/groceries/en-GB/products/296141967,https://digitalcontent.api.tesco.com/v2/media/ghs/1bb5c250-e69c-41f6-a320-effa990d06b5/67f45fcf-ea0a-4ff2-a905-62ac480e1a6d_160241857.jpeg?h=225&w=225,
306867963,Nescafe Gold Cappuccino 8 Sachets 124G,https://www.tesco.com/groceries/en-GB/shop/drinks/all?department=Coffee&viewAll=department&page=,£1.69,£1.37/100g,£1.50 Clubcard Price,,/groceries/en-GB/products/306867963,https://digitalcontent.api.tesco.com/v2/media/ghs/06cb85d9-34e2-4214-bff9-52bc24d367f7/eec7404e-2ce5-4b9a-971e-a00f77d17f37_1923553413.jpeg?h=225&w=225,
289397110,Tesco Low Calorie Aspartame-Based Sweetener 75G,https://www.tesco.com/groceries/en-GB/shop/drinks/all?department=Coffee&viewAll=department&page=,£1.00,£13.34/kg,,,/groceries/en-GB/products/289397110,https://digitalcontent.api.tesco.com/v2/media/ghs/4447ba6b-1a6c-4ffd-9a67-32471edf256a/1c156c55-c3fb-4729-9921-0e7a9a6ef8d6_813533959.jpeg?h=225&w=225,
306890599,Nescafe Gold Latte Instant Coffee 8X15.5G,https://www.tesco.com/groceries/en-GB/shop/drinks/all?department=Coffee&viewAll=department&page=,£1.69,£1.37/100g,£1.50 Clubcard Price,,/groceries/en-GB/products/306890599,https://digitalcontent.api.tesco.com/v2/media/ghs/c42a8aef-ecf3-4f53-b805-705ffd741e70/5ea61602-edd3-4998-9e56-2ae1161bbae0_1539777572.jpeg?h=225&w=225,
312221707,Nescafe Gold Double Chocolate Mocha Coffee Sachets 8X20.9G,https://www.tesco.com/groceries/en-GB/shop/drinks/all?department=Coffee&viewAll=department&page=,£1.69,£1.02/100g,£1.50 Clubcard Price,,/groceries/en-GB/products/312221707,https://digitalcontent.api.tesco.com/v2/media/ghs/8b625323-bb97-4649-9640-6d1bd929919d/ca5509b3-a793-4404-8ff1-0b5a98d73a9a_347746824.jpeg?h=225&w=225,
291844230,Nescafe Gold Latte Caramel Coffee 8 X 17G,https://www.tesco.com/groceries/en-GB/shop/drinks/all?department=Coffee&viewAll=department&page=,,,,,/groceries/en-GB/products/291844230,https://digitalcontent.api.tesco.com/v2/media/ghs/979d5458-5ab9-4290-a2ac-01802d9b2714/d7ffe2c5-10d4-481e-a5ab-45421474d56e_781321092.jpeg?h=225&w=225,This product's currently out of stock
306709731,Nescafe Original 3In1 6 Sachets 102G,https://www.tesco.com/groceries/en-GB/shop/drinks/all?department=Coffee&viewAll=department&page=,£0.99,£0.97/100g,,,/groceries/en-GB/products/306709731,https://digitalcontent.api.tesco.com/v2/media/ghs/30854144-f22b-45ff-8276-7acdba24132d/f9d4bb03-2e63-4fb1-aba4-e969c66d9069_2120787414.jpeg?h=225&w=225,
282149750,Nescafe Cafe Menu Vanilla 148G,https://www.tesco.com/groceries/en-GB/shop/drinks/all?department=Coffee&viewAll=department&page=,£1.69,£1.15/100g,£1.50 Clubcard Price,,/groceries/en-GB/products/282149750,https://digitalcontent.api.tesco.com/v2/media/ghs/80c036e3-ca50-4342-9cad-07451742a6d8/62d69f96-8838-41b5-8cea-72b608adf961_763897.jpeg?h=225&w=225,
254889618,Nescafe Original Instant Coffee 300G,https://www.tesco.com/groceries/en-GB/shop/drinks/all?department=Coffee&viewAll=department&page=,£6.00,£2.00/100g,£5.40 Clubcard Price,,/groceries/en-GB/products/254889618,https://digitalcontent.api.tesco.com/v2/media/ghs/205d4e34-bab1-4dfe-87b5-8aa4f1a347c6/56377d22-94ac-4617-b867-7f2f0f8af1bd_109125586.jpeg?h=225&w=225,
296142004,Nescafe Gold Cappuccino Decaffeinated Unsweetened 8 Sachets 120G,https://www.tesco.com/groceries/en-GB/shop/drinks/all?department=Coffee&viewAll=department&page=,£1.69,£1.41/100g,£1.50 Clubcard Price,,/groceries/en-GB/products/296142004,https://digitalcontent.api.tesco.com/v2/media/ghs/9be71cd9-9f5b-40dc-9eec-dea25049f978/42d951bd-c04e-4438-8640-9afd3c051894_141734062.jpeg?h=225&w=225,
257352903,Lavazza Qualita Rossa Ground Coffee 2 X 250G,https://www.tesco.com/groceries/en-GB/shop/drinks/all?department=Coffee&viewAll=department&page=,£6.75,£1.35/100g,,,/groceries/en-GB/products/257352903,https://digitalcontent.api.tesco.com/v2/media/ghs/0e7e00cb-22a0-416a-a4d5-f61739797a6b/5eb1dd3d-89b0-4cf2-adc9-3586d93e7557.jpeg?h=225&w=225,
264815162,Taylors Rich Italian Coffee Beans 227G,https://www.tesco.com/groceries/en-GB/shop/drinks/all?department=Coffee&viewAll=department&page=,£4.35,£1.92/100g,Any 2 for £7 Clubcard Price - Selected Taylors Coffee 227g,,/groceries/en-GB/products/264815162,https://digitalcontent.api.tesco.com/v2/media/ghs/48266703-0180-4498-a599-414745191585/9811c410-c86c-4793-8d01-0e4f05879baf_867993059.jpeg?h=225&w=225,
250128795,Tesco Italian Inspired Blend Ground Coffee 454G,https://www.tesco.com/groceries/en-GB/shop/drinks/all?department=Coffee&viewAll=department&page=,£5.00,£1.11/100g,,,/groceries/en-GB/products/250128795,https://digitalcontent.api.tesco.com/v2/media/ghs/d77ad88d-5d5f-4eb9-9afa-716081ad1c79/cbc23d15-489a-4eaa-b431-49b833869a06_316452952.jpeg?h=225&w=225,
251785348,Taylors Hot Lava Java Ground Coffee 227G,https://www.tesco.com/groceries/en-GB/shop/drinks/all?department=Coffee&viewAll=department&page=,£4.30,£1.90/100g,Any 2 for £7 Clubcard Price - Selected Taylors Coffee 227g,,/groceries/en-GB/products/251785348,,
251786422,Taylors Decaffeinated Ground Coffee 227G,https://www.tesco.com/groceries/en-GB/shop/drinks/all?department=Coffee&viewAll=department&page=,£4.30,£1.90/100g,Any 2 for £7 Clubcard Price - Selected Taylors Coffee 227g,,/groceries/en-GB/products/251786422,,
312085669,L'or. Decafeine Instant Coffee 150G,https://www.tesco.com/groceries/en-GB/shop/drinks/all?department=Coffee&viewAll=department&page=,£6.00,£4.00/100g,,,/groceries/en-GB/products/312085669,https://digitalcontent.api.tesco.com/v2/media/ghs/dfcc4b92-29fb-430e-83a5-24cd27ab73e8/c21b6ea6-ca39-4fe4-909b-61598a349273_1752745239.jpeg?h=225&w=225,
307206126,Nescafe Gold Blend Alta Rica Instant Coffee 190G,https://www.tesco.com/groceries/en-GB/shop/drinks/all?department=Coffee&viewAll=department&page=,£6.50,£3.43/100g,,,/groceries/en-GB/products/307206126,https://digitalcontent.api.tesco.com/v2/media/ghs/05f55409-a480-4987-93e9-4547db072bf2/9bfd93ff-3a4a-4a21-8d97-f8a124c8a3fa_1563425852.jpeg?h=225&w=225,
304493774,Starbucks Espresso Roast Coffee Pods 10 Pack 57G,https://www.tesco.com/groceries/en-GB/shop/drinks/all?department=Coffee&viewAll=department&page=,£3.75,£6.58/100g,,,/groceries/en-GB/products/304493774,https://digitalcontent.api.tesco.com/v2/media/ghs/e55ddce8-0c86-44fe-a33f-1aaa61db4264/8c079b93-1a58-4b24-a61f-34d5e8081cf0_1384227120.jpeg?h=225&w=225,
304493653,Starbucks Decaf Espresso Coffee Pods 10 Pack 57G,https://www.tesco.com/groceries/en-GB/shop/drinks/all?department=Coffee&viewAll=department&page=,£3.75,£6.58/100g,,,/groceries/en-GB/products/304493653,https://digitalcontent.api.tesco.com/v2/media/ghs/e49eb563-90b5-423e-a0dd-2a424533cea5/74e0fd0f-4365-4710-a7f0-2206daaae819_836653824.jpeg?h=225&w=225,
277569409,Starbucks Skinny Latte 220Ml,https://www.tesco.com/groceries/en-GB/shop/drinks/all?department=Coffee&viewAll=department&page=,£2.10,£0.96/100ml,£1.50 Clubcard Price,,/groceries/en-GB/products/277569409,https://digitalcontent.api.tesco.com/v2/media/ghs/f00b69b7-361c-470b-8433-49f3eb74f34c/1431f37e-761d-4e3c-958b-fd3b7ee0d20b.jpeg?h=225&w=225,
304493837,Starbucks Blonde Espresso Coffee Pods 10 Pack 53G,https://www.tesco.com/groceries/en-GB/shop/drinks/all?department=Coffee&viewAll=department&page=,£3.75,£7.08/100g,,,/groceries/en-GB/products/304493837,https://digitalcontent.api.tesco.com/v2/media/ghs/54bbd57d-2008-494c-bdd0-f9fdbf8a273e/9dbbe30d-7da3-4308-9e89-1617c33a3c72_617963842.jpeg?h=225&w=225,
311259817,Nescafe Azera Americano Instant Coffee 140G,https://www.tesco.com/groceries/en-GB/shop/drinks/all?department=Coffee&viewAll=department&page=,£5.00,£3.58/100g,,,/groceries/en-GB/products/311259817,https://digitalcontent.api.tesco.com/v2/media/ghs/fd1afadc-7934-46c4-a714-c4a2d744e4b7/2ab8263e-7fdf-4790-8835-fd6e533328bb_1367933052.jpeg?h=225&w=225,
256294086,Sweetex 1200 Tablet Pack,https://www.tesco.com/groceries/en-GB/shop/drinks/all?department=Coffee&viewAll=department&page=,£3.25,£0.00/each,,,/groceries/en-GB/products/256294086,https://digitalcontent.api.tesco.com/v2/media/ghs/4d29885a-7374-43c7-9353-0a527cc19ff2/992e8b05-270d-4c38-96ff-53deb2bad2df_1907819337.jpeg?h=225&w=225,
307339775,Rombouts Original One Cup Filter Coffee X10 70G,https://www.tesco.com/groceries/en-GB/shop/drinks/all?department=Coffee&viewAll=department&page=,£3.00,£4.29/100g,,,/groceries/en-GB/products/307339775,https://digitalcontent.api.tesco.com/v2/media/ghs/ed0c63d8-c7fd-4487-9bbe-70067168c8ec/c5a45194-7dd3-4aef-b61f-4a148507b5c2_173490049.jpeg?h=225&w=225,
304493139,Starbucks Sumatra Coffee Pods 10 Pack 55G,https://www.tesco.com/groceries/en-GB/shop/drinks/all?department=Coffee&viewAll=department&page=,£3.75,£6.82/100g,,,/groceries/en-GB/products/304493139,https://digitalcontent.api.tesco.com/v2/media/ghs/24aad6a7-827a-4c80-8bef-9977b54f46d8/754cb066-16f1-495c-97d5-5d300f850f58_1685102797.jpeg?h=225&w=225,
261621384,Tassimo Kenco 100% Colombian 16 Coffee Pods,https://www.tesco.com/groceries/en-GB/shop/drinks/all?department=Coffee&viewAll=department&page=,£4.00,£2.95/100g,Any 2 for £7 Clubcard Price - Selected Tassimo Coffee Pods ,,/groceries/en-GB/products/261621384,https://digitalcontent.api.tesco.com/v2/media/ghs/bd0f8f19-90bd-436a-b983-e8864b30bd18/ef3bf8a1-ecc6-45ec-b9b0-67cbcd2b1710_482502741.jpeg?h=225&w=225,
251556885,Cafedirect Machu Picchu Fair Trade Ground Coffee 227G,https://www.tesco.com/groceries/en-GB/shop/drinks/all?department=Coffee&viewAll=department&page=,£4.50,£1.99/100g,£3.50 Clubcard Price,,/groceries/en-GB/products/251556885,https://digitalcontent.api.tesco.com/v2/media/ghs/45cf36a2-b761-4401-a6a8-c5701631ee24/5bd91533-e4f8-4aa1-94a9-c536c30732e3_681850137.jpeg?h=225&w=225,
268172402,Kenco Millicano Americano Instant Coffee 100G,https://www.tesco.com/groceries/en-GB/shop/drinks/all?department=Coffee&viewAll=department&page=,£5.00,£5.00/100g,£3.00 Clubcard Price,,/groceries/en-GB/products/268172402,https://digitalcontent.api.tesco.com/v2/media/ghs/50edf624-c504-4920-8448-f701ccebcbc8/7b2c876a-e7ab-435b-bc71-dfcbe0346914_1255386187.jpeg?h=225&w=225,
253079980,Tesco French Inspired Ground Coffee 227G,https://www.tesco.com/groceries/en-GB/shop/drinks/all?department=Coffee&viewAll=department&page=,£2.65,£1.17/100g,,,/groceries/en-GB/products/253079980,https://digitalcontent.api.tesco.com/v2/media/ghs/543c7b33-34cf-40e9-b652-9d428342b62f/snapshotimagehandler_1721162346.jpeg?h=225&w=225,
305966450,Nescafe Dolce Gusto Latte Macchiato 16 Caps 183.2G,https://www.tesco.com/groceries/en-GB/shop/drinks/all?department=Coffee&viewAll=department&page=,£4.00,£2.19/100g,Any 3 for £10 Clubcard Price - Selected Nescafe Coffee Pods,,/groceries/en-GB/products/305966450,https://digitalcontent.api.tesco.com/v2/media/ghs/cf9f9432-ee01-4a79-906f-5bd0ff0e5325/9f177b9c-1519-40ef-b6af-f9900cd2fd0f_1004264130.jpeg?h=225&w=225,
289013600,Tassimo Cadbury Hot Chocolate 8 Pods 240G,https://www.tesco.com/groceries/en-GB/shop/drinks/all?department=Coffee&viewAll=department&page=,£3.85,£1.61/100g,,,/groceries/en-GB/products/289013600,https://digitalcontent.api.tesco.com/v2/media/ghs/8b227302-a14f-4080-9677-d3479ab4d83b/bb3a8303-f15f-4265-904e-9c2112ff5552_736699903.jpeg?h=225&w=225,
265314701,Kenco Rich Instant Coffee Refill 150G,https://www.tesco.com/groceries/en-GB/shop/drinks/all?department=Coffee&viewAll=department&page=,£4.00,£2.67/100g,,,/groceries/en-GB/products/265314701,https://digitalcontent.api.tesco.com/v2/media/ghs/1f36a345-ac7f-428b-8ea8-8d8769d8a992/34660ba5-5ae4-4a34-af88-751537bb78ad_2054553900.jpeg?h=225&w=225,
307755909,Nescafe Dolce Gusto Americano Coffee 16 Pods 128G,https://www.tesco.com/groceries/en-GB/shop/drinks/all?department=Coffee&viewAll=department&page=,£4.00,£3.13/100g,Any 3 for £10 Clubcard Price - Selected Nescafe Coffee Pods,,/groceries/en-GB/products/307755909,https://digitalcontent.api.tesco.com/v2/media/ghs/8d64ba9f-f623-424f-ad1a-90a5fe7895ec/a70050a5-4379-4023-84e2-ef3286b63bbb_523477919.jpeg?h=225&w=225,
282108148,Nescafe Dolce Gusto Cafe Au Lait Coffee Pods 16 Servings 160G,https://www.tesco.com/groceries/en-GB/shop/drinks/all?department=Coffee&viewAll=department&page=,£4.00,£2.50/100g,Any 3 for £10 Clubcard Price - Selected Nescafe Coffee Pods,,/groceries/en-GB/products/282108148,https://digitalcontent.api.tesco.com/v2/media/ghs/e9887488-c120-4d31-9d3b-3274fa18e120/b05dbab5-6ee6-451a-8b8d-fef1a405d479_295775494.jpeg?h=225&w=225,
282671188,Kenco Decaff Instant Coffee Refill 150G,https://www.tesco.com/groceries/en-GB/shop/drinks/all?department=Coffee&viewAll=department&page=,£4.00,£2.67/100g,,,/groceries/en-GB/products/282671188,https://digitalcontent.api.tesco.com/v2/media/ghs/aef6cf3b-449e-4a30-82e0-17800547f536/8bc6fa76-12d0-43ec-b242-c9cbc78d4826_74500833.jpeg?h=225&w=225,
313182725,Tassimo Costa Cappuccino Pods 6 Pack 210G,https://www.tesco.com/groceries/en-GB/shop/drinks/all?department=Coffee&viewAll=department&page=,£4.20,£2.00/100g,Any 2 for £7 Clubcard Price - Selected Tassimo Coffee Pods ,,/groceries/en-GB/products/313182725,https://digitalcontent.api.tesco.com/v2/media/ghs/a4d1bf5c-5e51-4c1e-a88b-c721f711f0d0/c888c12e-5d3c-4c1d-b213-e9677f1f4824_1032146184.jpeg?h=225&w=225,
305946232,Arctic Coffee Cafe Latte 1 Litre,https://www.tesco.com/groceries/en-GB/shop/drinks/all?department=Coffee&viewAll=department&page=,£2.00,£0.20/100ml,,,/groceries/en-GB/products/305946232,https://digitalcontent.api.tesco.com/v2/media/ghs/098ba83c-f1a3-41fc-885e-a8c3e3301a53/69278f6f-3dbd-40cd-8398-952efa1c5ad1_1730975734.jpeg?h=225&w=225,
313185215,Tassimo Kenco Flat White Pods 8 Pack 220G,https://www.tesco.com/groceries/en-GB/shop/drinks/all?department=Coffee&viewAll=department&page=,£4.00,£1.82/100g,Any 2 for £7 Clubcard Price - Selected Tassimo Coffee Pods ,,/groceries/en-GB/products/313185215,https://digitalcontent.api.tesco.com/v2/media/ghs/23e46dfc-6246-4fec-926d-2486a2561c17/946c5cb3-5b3a-4506-acb2-236c12567f81_1856695009.jpeg?h=225&w=225,
313008916,Tassimo Costa Latte 6 Pack 167.4G,https://www.tesco.com/groceries/en-GB/shop/drinks/all?department=Coffee&viewAll=department&page=,£4.20,£2.51/100g,Any 2 for £7 Clubcard Price - Selected Tassimo Coffee Pods ,,/groceries/en-GB/products/313008916,https://digitalcontent.api.tesco.com/v2/media/ghs/7fbbecae-6346-4eba-84c7-bb1b8099c8df/54d38d2a-5195-4e0e-b4e0-1f2f8fc7cba1_1003010387.jpeg?h=225&w=225,
258398761,Kenco Rich Instant Coffee 200G,https://www.tesco.com/groceries/en-GB/shop/drinks/all?department=Coffee&viewAll=department&page=,£5.50,£2.75/100g,,,/groceries/en-GB/products/258398761,https://digitalcontent.api.tesco.com/v2/media/ghs/23edd2cf-2fbc-400a-b08d-244c48934136/268db12d-d841-4cb5-9fc6-3ebcf74e46b4_1810694991.jpeg?h=225&w=225,
255089072,Kenco Decaffeinated Instant Coffee 200G,https://www.tesco.com/groceries/en-GB/shop/drinks/all?department=Coffee&viewAll=department&page=,£5.50,£2.75/100g,,,/groceries/en-GB/products/255089072,https://digitalcontent.api.tesco.com/v2/media/ghs/c5b6cbdc-c37e-4368-b041-e69a5dfd21a9/09c5d801-a45a-4f7d-b842-9f22b423bfca_1152128302.jpeg?h=225&w=225,
297334444,Nescafe Gold Blend Decaff Coffee 200G,https://www.tesco.com/groceries/en-GB/shop/drinks/all?department=Coffee&viewAll=department&page=,£6.50,£3.25/100g,£5.00 Clubcard Price,,/groceries/en-GB/products/297334444,https://digitalcontent.api.tesco.com/v2/media/ghs/f15286c7-1b39-46f6-a15f-e97dc19ee117/27898747-7f66-4c1f-b372-b775b594f75a_299181556.jpeg?h=225&w=225,
289397640,Tesco Tablet Sweeteners 300'S,https://www.tesco.com/groceries/en-GB/shop/drinks/all?department=Coffee&viewAll=department&page=,£1.50,£0.00/each,,,/groceries/en-GB/products/289397640,https://digitalcontent.api.tesco.com/v2/media/ghs/8aad3b8f-0890-4f70-8cb5-ff870ad7e8b1/0b18617a-cf41-400d-9857-87f3882688c9_156284968.jpeg?h=225&w=225,
306493016,Arctic Coffee Caramel Latte 1L,https://www.tesco.com/groceries/en-GB/shop/drinks/all?department=Coffee&viewAll=department&page=,£2.00,£0.20/100ml,,,/groceries/en-GB/products/306493016,https://digitalcontent.api.tesco.com/v2/media/ghs/05b1bc8e-a962-4cca-9171-77fec2aa20bd/ebe7f39c-94db-45c4-a1ef-bf1436b28cd7_2033503404.jpeg?h=225&w=225,
259321649,Canderel Granular Sweetener 75G,https://www.tesco.com/groceries/en-GB/shop/drinks/all?department=Coffee&viewAll=department&page=,£2.05,£27.34/kg,,,/groceries/en-GB/products/259321649,https://digitalcontent.api.tesco.com/v2/media/ghs/c7ff127f-bfaf-4086-add5-e31edc97f5f1/578d0f3d-c8dd-4c70-85f6-f558ef67c1da_357081502.jpeg?h=225&w=225,
301175089,Taylors Italian Coffee Bags 10'S 75G,https://www.tesco.com/groceries/en-GB/shop/drinks/all?department=Coffee&viewAll=department&page=,£3.25,£4.34/100g,£2.50 Clubcard Price,,/groceries/en-GB/products/301175089,https://digitalcontent.api.tesco.com/v2/media/ghs/1e9df316-3584-4128-bfab-bc034a41e94b/a44e49bc-9d91-4864-8f20-be3a8ecfc7ae_1709788943.jpeg?h=225&w=225,
307151915,Tesco Decaf Italian Inspired Coffee No.3 227G,https://www.tesco.com/groceries/en-GB/shop/drinks/all?department=Coffee&viewAll=department&page=,£2.65,£1.17/100g,,,/groceries/en-GB/products/307151915,https://digitalcontent.api.tesco.com/v2/media/ghs/5d41303d-3abd-4193-aa4b-b58f12ac1f0e/7ace9c17-54c1-49ca-b1d0-c9ff6297da8f_2030843531.jpeg?h=225&w=225,
312209939,Kenco Iced Or Hot Salted Caramel Latte 8 X 20.3G,https://www.tesco.com/groceries/en-GB/shop/drinks/all?department=Coffee&viewAll=department&page=,£1.60,£0.99/100g,,,/groceries/en-GB/products/312209939,https://digitalcontent.api.tesco.com/v2/media/ghs/0125730c-ec5c-4b8c-a41f-e0faca69e436/046780f1-0213-45d6-94bd-f90c28dc00d0_1403539202.jpeg?h=225&w=225,
301051611,Stockwell & Co. Sweeteners 850S,https://www.tesco.com/groceries/en-GB/shop/drinks/all?department=Coffee&viewAll=department&page=,£0.98,£0.00/each,,,/groceries/en-GB/products/301051611,https://digitalcontent.api.tesco.com/v2/media/ghs/f892e9ab-44e3-4f2a-be97-48b9f40ea31b/6ee64a1f-5c00-48af-b5ac-48e79f09f176_1190790898.jpeg?h=225&w=225,
306709702,Nescafe Original 2 In 1 6 Sachets 60G,https://www.tesco.com/groceries/en-GB/shop/drinks/all?department=Coffee&viewAll=department&page=,£0.99,£1.65/100g,,,/groceries/en-GB/products/306709702,https://digitalcontent.api.tesco.com/v2/media/ghs/6e9a0021-ccc2-48bb-8c8b-bdbc8cf01b01/1a01ec7f-43e3-4a52-be2d-1d0447450327_538678977.jpeg?h=225&w=225,
264815317,Taylors Lazy Sunday Coffee Beans 227G,https://www.tesco.com/groceries/en-GB/shop/drinks/all?department=Coffee&viewAll=department&page=,£4.35,£1.92/100g,Any 2 for £7 Clubcard Price - Selected Taylors Coffee 227g,,/groceries/en-GB/products/264815317,https://digitalcontent.api.tesco.com/v2/media/ghs/19375e54-6cb2-4541-bdbb-76db5a3e1142/fea75b91-9b96-4adf-ace9-b64d9b25bc7e_2138276656.jpeg?h=225&w=225,
296661386,L'or. Expresso Lungo Capsules 10Pc 52G,https://www.tesco.com/groceries/en-GB/shop/drinks/all?department=Coffee&viewAll=department&page=,£3.15,£6.06/100g,,,/groceries/en-GB/products/296661386,https://digitalcontent.api.tesco.com/v2/media/ghs/82d25e37-6d64-469d-b11d-681315e85199/15be3fe9-8628-408b-8280-fa71cb73b89f_1189882184.jpeg?h=225&w=225,
278754989,Tesco Finest Colombian Supremo Ground Coffee 227G,https://www.tesco.com/groceries/en-GB/shop/drinks/all?department=Coffee&viewAll=department&page=,£3.90,£1.72/100g,,,/groceries/en-GB/products/278754989,https://digitalcontent.api.tesco.com/v2/media/ghs/614d661b-e5ce-49f6-86b1-c155bfb11595/ecc39a1b-a47d-48ee-b97a-04017a922b59_684108817.jpeg?h=225&w=225,
283924539,Emmi Caffe Latte Cappuccino Mr Big 370Ml,https://www.tesco.com/groceries/en-GB/shop/drinks/all?department=Coffee&viewAll=department&page=,£2.65,£0.72/100ml,£2.00 Clubcard Price,,/groceries/en-GB/products/283924539,https://digitalcontent.api.tesco.com/v2/media/ghs/0410d223-0ee8-436e-b364-82a330a79e32/8dcab844-fb24-4005-aa56-c0c12abbb67c.jpeg?h=225&w=225,
259247714,Hermesetas Mini Sweeteners 800 Pack,https://www.tesco.com/groceries/en-GB/shop/drinks/all?department=Coffee&viewAll=department&page=,£3.15,£0.00/each,,,/groceries/en-GB/products/259247714,https://digitalcontent.api.tesco.com/v2/media/ghs/56219a1b-93fb-4b39-a260-43d7965f5c3c/be46b33a-6af0-4f25-a385-29b7ffd00e41_690635082.jpeg?h=225&w=225,
309194763,Tassimo Lor Latte Macchiato Caramel Coffee X7 237.3G,https://www.tesco.com/groceries/en-GB/shop/drinks/all?department=Coffee&viewAll=department&page=,£4.50,£1.90/100g,,,/groceries/en-GB/products/309194763,https://digitalcontent.api.tesco.com/v2/media/ghs/4ecc765f-72b4-470b-a591-abee72b9b925/26e0512d-a2f3-437f-ad53-919a43d6e3ae_445014713.jpeg?h=225&w=225,
309174509,Tassimo L Or Americano Coffee Pods X14 116.2G,https://www.tesco.com/groceries/en-GB/shop/drinks/all?department=Coffee&viewAll=department&page=,£4.50,£3.88/100g,Any 2 for £7 Clubcard Price - Selected Tassimo Coffee Pods ,,/groceries/en-GB/products/309174509,https://digitalcontent.api.tesco.com/v2/media/ghs/67a208a0-0309-4df4-8e7b-f142e46ec0bf/06d9835c-65c2-4ca3-87e0-338a6f0baf89_1308348917.jpeg?h=225&w=225,
304383743,Douwe Egberts Pure Decaffeinated Instant Coffee 190G,https://www.tesco.com/groceries/en-GB/shop/drinks/all?department=Coffee&viewAll=department&page=,£5.49,£2.89/100g,,,/groceries/en-GB/products/304383743,https://digitalcontent.api.tesco.com/v2/media/ghs/744e9c47-a0d6-4e68-8005-c5c84357a8d5/1bd3fdfc-8433-4594-a07a-9d3fff6a90ee_408080332.jpeg?h=225&w=225,
311667187,Starbucks Caramel Macchiato Flavoured Coffee 750Ml,https://www.tesco.com/groceries/en-GB/shop/drinks/all?department=Coffee&viewAll=department&page=,£3.75,£0.50/100ml,,New,/groceries/en-GB/products/311667187,https://digitalcontent.api.tesco.com/v2/media/ghs/22154ca1-fb08-49b1-a5ba-3dad568152e5/266ad872-7425-44c9-8b45-41f00762d6f5_463481222.jpeg?h=225&w=225,
313164511,Tassimo L'or. Latte Macchiato Pods 7 Pack 195.3G,https://www.tesco.com/groceries/en-GB/shop/drinks/all?department=Coffee&viewAll=department&page=,£4.50,£2.31/100g,Any 2 for £7 Clubcard Price - Selected Tassimo Coffee Pods ,,/groceries/en-GB/products/313164511,https://digitalcontent.api.tesco.com/v2/media/ghs/46c7a932-c52a-4c3f-b356-49e9f790aa85/24b0fb11-3be3-4a7f-bc2e-6b4160399bfd_1213430270.jpeg?h=225&w=225,
262750183,Silverspoon Tablet Sweetener 400Pk,https://www.tesco.com/groceries/en-GB/shop/drinks/all?department=Coffee&viewAll=department&page=,£2.20,£0.01/each,,,/groceries/en-GB/products/262750183,https://digitalcontent.api.tesco.com/v2/media/ghs/6ffc02c9-1a13-4676-8947-f7284e905434/582aca3d-a0f3-4bd4-958a-194e829aef36_30768295.jpeg?h=225&w=225,
309175613,Tassimo Costa Caramel Latte Coffee Pods 6Servings 203.4G,https://www.tesco.com/groceries/en-GB/shop/drinks/all?department=Coffee&viewAll=department&page=,£4.20,£2.07/100g,,,/groceries/en-GB/products/309175613,https://digitalcontent.api.tesco.com/v2/media/ghs/c071e16d-0e45-4d62-8dfb-11406a3299dc/9f843e78-b6f4-4abe-b8b3-4cbcc19285a8_2080259000.jpeg?h=225&w=225,
265313408,Nescafe Dolce Gusto Cappuccino Light Coffee Pods 160G,https://www.tesco.com/groceries/en-GB/shop/drinks/all?department=Coffee&viewAll=department&page=,£4.00,£2.50/100g,Any 3 for £10 Clubcard Price - Selected Nescafe Coffee Pods,,/groceries/en-GB/products/265313408,https://digitalcontent.api.tesco.com/v2/media/ghs/9afda83c-658b-4764-a6a2-9e7f2f3b93db/77d9ab82-63e6-4e2a-a0c7-51feb64831f5_777676362.jpeg?h=225&w=225,
274445780,Tassimo Creamer From Milk 16 X 21.5G Pods,https://www.tesco.com/groceries/en-GB/shop/drinks/all?department=Coffee&viewAll=department&page=,£4.00,£11.63/kg,,,/groceries/en-GB/products/274445780,https://digitalcontent.api.tesco.com/v2/media/ghs/afacc538-fee1-40e3-b880-f0676d0b8904/e356bad9-d352-4da7-94e4-ee7f434aee78_922925313.jpeg?h=225&w=225,
295543827,Tassimo Kenco Cappuccino Coffee Pods 8 Servings,https://www.tesco.com/groceries/en-GB/shop/drinks/all?department=Coffee&viewAll=department&page=,£4.00,£1.54/100g,,,/groceries/en-GB/products/295543827,https://digitalcontent.api.tesco.com/v2/media/ghs/fc93b704-45ac-45f1-8dc6-c81a2cc32f80/77007e42-b918-4894-8822-491961492716_1300467722.jpeg?h=225&w=225,
295543902,Tassimo Kenco Americano Decaf Coffee Pods X16,https://www.tesco.com/groceries/en-GB/shop/drinks/all?department=Coffee&viewAll=department&page=,£4.00,£3.85/100g,Any 2 for £7 Clubcard Price - Selected Tassimo Coffee Pods ,,/groceries/en-GB/products/295543902,https://digitalcontent.api.tesco.com/v2/media/ghs/ca762be4-4f01-404f-a645-e95d1a2061a2/159f46da-e1e9-4072-9d22-f44aaf323496_231191859.jpeg?h=225&w=225,
299584812,Tesco House Roast & Ground Coffee 227G,https://www.tesco.com/groceries/en-GB/shop/drinks/all?department=Coffee&viewAll=department&page=,£2.65,£1.17/100g,,,/groceries/en-GB/products/299584812,https://digitalcontent.api.tesco.com/v2/media/ghs/fedc588d-d066-4fe3-9032-e426c7f5b642/snapshotimagehandler_1729981398.jpeg?h=225&w=225,
299584795,Tesco House Blend Coffee Beans 227G,https://www.tesco.com/groceries/en-GB/shop/drinks/all?department=Coffee&viewAll=department&page=,£2.65,£1.17/100g,,,/groceries/en-GB/products/299584795,https://digitalcontent.api.tesco.com/v2/media/ghs/c207c7c0-1f82-497c-a75b-82fd900c73de/snapshotimagehandler_1979160602.jpeg?h=225&w=225,
300661887,Arctic Coffee Cafe Latte 330Ml,https://www.tesco.com/groceries/en-GB/shop/drinks/all?department=Coffee&viewAll=department&page=,£1.10,£0.33/100ml,,,/groceries/en-GB/products/300661887,https://digitalcontent.api.tesco.com/v2/media/ghs/814fd6be-e2d9-42fe-ba6d-6c3998f56ed3/edf7cdab-2009-4825-a5b3-f5e5423e2adb_1212134957.jpeg?h=225&w=225,
301217353,Nescafe Dolce Gusto Cafe Au Lait Decaffeinated Coffee Pods 16 Capsules,https://www.tesco.com/groceries/en-GB/shop/drinks/all?department=Coffee&viewAll=department&page=,£4.00,£2.50/100g,Any 3 for £10 Clubcard Price - Selected Nescafe Coffee Pods,,/groceries/en-GB/products/301217353,https://digitalcontent.api.tesco.com/v2/media/ghs/e1ec1d34-cde4-4a28-9eb0-b236d4015c6d/0fbee927-9d1f-4623-8257-a4b02986c1d3_2008487542.jpeg?h=225&w=225,
289397824,Tesco Low Calorie Sweetener 300'S,https://www.tesco.com/groceries/en-GB/shop/drinks/all?department=Coffee&viewAll=department&page=,£1.65,£0.01/each,,,/groceries/en-GB/products/289397824,https://digitalcontent.api.tesco.com/v2/media/ghs/47161673-f094-4280-abde-1ea044345656/a1dfcc5d-e8cb-44aa-a2a5-a35b929d2fc6_594927266.jpeg?h=225&w=225,
254917598,Canderel Tablets 300Pk 25.5G,https://www.tesco.com/groceries/en-GB/shop/drinks/all?department=Coffee&viewAll=department&page=,£3.15,£123.53/kg,,,/groceries/en-GB/products/254917598,https://digitalcontent.api.tesco.com/v2/media/ghs/5a4840b2-3948-4ca9-8e42-093cd9f9f4c1/427b6166-2e4b-4ad2-94a4-d4f0402aaaa9_1321659301.jpeg?h=225&w=225,
305954406,Tesco Finest 10 Colombia Supremo Coffee Capsules 54G,https://www.tesco.com/groceries/en-GB/shop/drinks/all?department=Coffee&viewAll=department&page=,£2.90,£5.38/100g,£2.50 Clubcard Price,,/groceries/en-GB/products/305954406,https://digitalcontent.api.tesco.com/v2/media/ghs/6e532192-b3d8-406d-8113-c6e5245ba226/2e4be9e1-88b9-41b1-9822-a35017a04c7b_1597645769.jpeg?h=225&w=225,
297876954,Nescafe Black Gold Instant Coffee 200G,https://www.tesco.com/groceries/en-GB/shop/drinks/all?department=Coffee&viewAll=department&page=,£6.50,£3.25/100g,£5.00 Clubcard Price,,/groceries/en-GB/products/297876954,https://digitalcontent.api.tesco.com/v2/media/ghs/4a47b80d-c510-4982-b4b9-b819a4e8bd53/2e1d58f9-dee9-4953-a484-17e5ca6046b2_1404288240.jpeg?h=225&w=225,
312092919,Kenco Duo Cappuccino Instant Coffee 6X18.3G,https://www.tesco.com/groceries/en-GB/shop/drinks/all?department=Coffee&viewAll=department&page=,£3.70,£3.37/100g,£2.75 Clubcard Price,,/groceries/en-GB/products/312092919,https://digitalcontent.api.tesco.com/v2/media/ghs/9fadaaba-746a-4890-a517-1aa490a23659/be546f17-505b-4013-a20d-c6339a4468e2_257842780.jpeg?h=225&w=225,
313166181,Little's Coffee Rich Hazelnut 10 Capsules 55G,https://www.tesco.com/groceries/en-GB/shop/drinks/all?department=Coffee&viewAll=department&page=,£3.50,£6.37/100g,,New,/groceries/en-GB/products/313166181,https://digitalcontent.api.tesco.com/v2/media/ghs/5e5c43ab-adc9-422c-9143-b806c8d9d9f0/febdede6-2df7-4cec-bcdb-3fab2079808e_1808061026.jpeg?h=225&w=225,
313368092,Little's Coffee French Vanilla 10 Capsules 55G,https://www.tesco.com/groceries/en-GB/shop/drinks/all?department=Coffee&viewAll=department&page=,£3.50,£6.37/100g,,New,/groceries/en-GB/products/313368092,https://digitalcontent.api.tesco.com/v2/media/ghs/c6cc4572-6910-4a3a-b043-1f0e33e19b3e/16d105e9-c75b-47e5-8330-1a6af2c9af3e_923891813.jpeg?h=225&w=225,
274510564,Nescafe Gold Smooth Instant Coffee 200G,https://www.tesco.com/groceries/en-GB/shop/drinks/all?department=Coffee&viewAll=department&page=,£6.50,£3.25/100g,£5.00 Clubcard Price,,/groceries/en-GB/products/274510564,https://digitalcontent.api.tesco.com/v2/media/ghs/23a7d2ac-125b-4823-b351-b49c96e3563a/50b8b20d-edc6-41e9-ae99-a7e8b12f485a_441805021.jpeg?h=225&w=225,
304400252,Costa Coffee Late 250Ml,https://www.tesco.com/groceries/en-GB/shop/drinks/all?department=Coffee&viewAll=department&page=,£1.80,£0.72/100ml,£1.00 Clubcard Price,,/groceries/en-GB/products/304400252,https://digitalcontent.api.tesco.com/v2/media/ghs/85bca949-6fe1-4ac4-993e-cf75e92765a6/2a67388d-5fb7-40af-91c1-66d03eae42af_1801251317.jpeg?h=225&w=225,
274444994,Kenco Millicano Americano Decaff Instant Coffee 100G,https://www.tesco.com/groceries/en-GB/shop/drinks/all?department=Coffee&viewAll=department&page=,£5.00,£5.00/100g,£3.00 Clubcard Price,,/groceries/en-GB/products/274444994,https://digitalcontent.api.tesco.com/v2/media/ghs/13e85cff-d36c-479b-bdbd-b2255cde5886/344072de-1c4d-4566-b5b8-b92cb6aaa73c_32568912.jpeg?h=225&w=225,
251838581,Melitta Coffee Filter Papers 1X4 40 Pack,https://www.tesco.com/groceries/en-GB/shop/drinks/all?department=Coffee&viewAll=department&page=,£1.20,£0.03/each,,,/groceries/en-GB/products/251838581,https://digitalcontent.api.tesco.com/v2/media/ghs/c9ba6816-53ee-4969-a69b-6d7f0d848d13/ef327089-e84f-47b0-8723-f6a87453ad62_1738110475.jpeg?h=225&w=225,
299555670,Kenco 3 In 1 Instant Smooth White Coffee 5 Sachet 100G,https://www.tesco.com/groceries/en-GB/shop/drinks/all?department=Coffee&viewAll=department&page=,£1.20,£1.20/100g,,,/groceries/en-GB/products/299555670,https://digitalcontent.api.tesco.com/v2/media/ghs/dd78e01f-553e-4fc8-bfd0-0d3002fb196a/d5927ccf-a194-4133-abf9-877742001e48_1595444751.jpeg?h=225&w=225,
304407792,Costa Coffee Caramel Latte 250Ml,https://www.tesco.com/groceries/en-GB/shop/drinks/all?department=Coffee&viewAll=department&page=,£1.75,£0.70/100ml,£1.00 Clubcard Price,,/groceries/en-GB/products/304407792,https://digitalcontent.api.tesco.com/v2/media/ghs/a20e1adc-4c11-44d9-b9d7-7843efdb2bf1/da0d8a3f-fdbd-4b27-8efc-7a76ccd3ef12_1157108718.jpeg?h=225&w=225,
312108500,Starbucks Double Shot Expresso 200Ml,https://www.tesco.com/groceries/en-GB/shop/drinks/all?department=Coffee&viewAll=department&page=,£2.10,£1.05/100ml,£1.50 Clubcard Price,,/groceries/en-GB/products/312108500,https://digitalcontent.api.tesco.com/v2/media/ghs/5888d877-7323-479a-9459-e61467c2a7ca/2a540c8f-3a14-4bd7-b72f-57ae679e4b48_2002468186.jpeg?h=225&w=225,
254889371,Nescafe Original Decaffeinated Coffee 100G,https://www.tesco.com/groceries/en-GB/shop/drinks/all?department=Coffee&viewAll=department&page=,£2.75,£2.75/100g,,,/groceries/en-GB/products/254889371,https://digitalcontent.api.tesco.com/v2/media/ghs/ca58fd2a-9866-4eb7-b646-c8095fe14538/0d3ec789-16a5-40e5-b332-4a326a9340c1_702305476.jpeg?h=225&w=225,
253978518,Emmi Caffe Latte Cappuccino 230Ml,https://www.tesco.com/groceries/en-GB/shop/drinks/all?department=Coffee&viewAll=department&page=,£1.60,£0.70/100ml,,,/groceries/en-GB/products/253978518,https://digitalcontent.api.tesco.com/v2/media/ghs/64ef3c22-f782-459e-a952-b23c9dff0450/fad76dfd-c6d8-40e2-9c83-a0d258cfd50c.jpeg?h=225&w=225,
312237220,Kenco Iced Or Hot Vanilla Latte 8 X 20.3G,https://www.tesco.com/groceries/en-GB/shop/drinks/all?department=Coffee&viewAll=department&page=,£1.60,£0.99/100g,,,/groceries/en-GB/products/312237220,https://digitalcontent.api.tesco.com/v2/media/ghs/0e44b026-7f28-4aa7-b7ba-11f8b2bf6fae/6eef0035-cc04-4663-a1d0-ae43fd22ac0e_1550739994.jpeg?h=225&w=225,
254917575,Canderel Sweetener 100 Pack,https://www.tesco.com/groceries/en-GB/shop/drinks/all?department=Coffee&viewAll=department&page=,£1.35,£158.83/kg,,,/groceries/en-GB/products/254917575,https://digitalcontent.api.tesco.com/v2/media/ghs/66aecd04-b658-4295-8e8e-11c242ca62b6/7aa83f2b-cf4f-4b46-a38e-50245984e9ee_670323623.jpeg?h=225&w=225,
308868319,Nescafe Decaf Coffee 300G,https://www.tesco.com/groceries/en-GB/shop/drinks/all?department=Coffee&viewAll=department&page=,£6.00,£2.00/100g,£5.40 Clubcard Price,,/groceries/en-GB/products/308868319,https://digitalcontent.api.tesco.com/v2/media/ghs/c45264e4-a306-47df-8dbf-dfd49a53834f/bda29f4f-ee04-45e3-8910-f6b5ccc5c5ae_559494643.jpeg?h=225&w=225,
309477976,Tesco Mocha Sachets 160G (8X20g),https://www.tesco.com/groceries/en-GB/shop/drinks/all?department=Coffee&viewAll=department&page=,£0.90,£0.56/100g,,,/groceries/en-GB/products/309477976,https://digitalcontent.api.tesco.com/v2/media/ghs/52ef185d-4385-4b67-bfbc-7ae1a7e7869e/59f8aab0-e2b2-4345-8ffc-e37f70354a3d_15495622.jpeg?h=225&w=225,
254889083,Lavazza Qualita Rossa Ground Coffee 250G,https://www.tesco.com/groceries/en-GB/shop/drinks/all?department=Coffee&viewAll=department&page=,£4.50,£1.80/100g,,,/groceries/en-GB/products/254889083,https://digitalcontent.api.tesco.com/v2/media/ghs/a9a5b25e-78a0-4573-848b-28506b62c581/812aa04b-d15e-4a14-9ebe-82426aa2cf45_1925340637.jpeg?h=225&w=225,
283314144,Lavazza A Modo Mio Passionale Coffee 16 Capsules,https://www.tesco.com/groceries/en-GB/shop/drinks/all?department=Coffee&viewAll=department&page=,£4.70,£3.92/100g,,,/groceries/en-GB/products/283314144,https://digitalcontent.api.tesco.com/v2/media/ghs/ddd81ac1-4039-4c13-af78-7f667420f33a/7121d573-d85f-4d39-ba5c-0b9d5290b8ef_2028737202.jpeg?h=225&w=225,
250761228,Lavazza Decaffeinated Ground Coffee 250G,https://www.tesco.com/groceries/en-GB/shop/drinks/all?department=Coffee&viewAll=department&page=,£4.50,£1.80/100g,,,/groceries/en-GB/products/250761228,https://digitalcontent.api.tesco.com/v2/media/ghs/9bab34fe-1ffa-45c7-a9c1-31fef804514c/ce00716a-9a9f-4385-9bf4-d626bc41bad2_2028950179.jpeg?h=225&w=225,
302277262,Douwe Egberts Pure Gold 400G,https://www.tesco.com/groceries/en-GB/shop/drinks/all?department=Coffee&viewAll=department&page=,£11.50,£2.88/100g,,,/groceries/en-GB/products/302277262,https://digitalcontent.api.tesco.com/v2/media/ghs/067b72f1-6990-4fb7-b530-40dc57bd5c9d/7b203530-077d-48cc-8831-46e78d35457d_2134536370.jpeg?h=225&w=225,
267010372,Taylors After Dark Ground Coffee 227G,https://www.tesco.com/groceries/en-GB/shop/drinks/all?department=Coffee&viewAll=department&page=,£4.30,£1.90/100g,Any 2 for £7 Clubcard Price - Selected Taylors Coffee 227g,,/groceries/en-GB/products/267010372,https://digitalcontent.api.tesco.com/v2/media/ghs/c705a564-475a-4ec3-8261-f6493fd74c4a/1f5cbc92-df75-4b44-a2b5-d7a13ce1f2f2_1093614354.jpeg?h=225&w=225,
278856788,Tesco Finest Fairtrade Guatemala Ground Coffee 227G,https://www.tesco.com/groceries/en-GB/shop/drinks/all?department=Coffee&viewAll=department&page=,£3.90,£1.72/100g,,,/groceries/en-GB/products/278856788,https://digitalcontent.api.tesco.com/v2/media/ghs/3ef5e86c-7610-4ee1-a2ea-18fb984509cd/6cb88165-6c67-476a-8ca3-e8b0ab8be2f0_1844187030.jpeg?h=225&w=225,
296661403,L'or. Ristretto Caps 10Pc 52G,https://www.tesco.com/groceries/en-GB/shop/drinks/all?department=Coffee&viewAll=department&page=,£3.15,£6.06/100g,,,/groceries/en-GB/products/296661403,https://digitalcontent.api.tesco.com/v2/media/ghs/f02312f2-56ae-4e61-9e2c-bf43d0c42dbf/00b3d763-cbf3-40f6-ad13-ac04414d6d67_1260681328.jpeg?h=225&w=225,
307152494,Tesco Italian Inspired Coffee Beans Medium - Strong 454G,https://www.tesco.com/groceries/en-GB/shop/drinks/all?department=Coffee&viewAll=department&page=,£4.70,£1.04/100g,,,/groceries/en-GB/products/307152494,https://digitalcontent.api.tesco.com/v2/media/ghs/30c517d3-2e21-4d5e-b8ae-16e429155cfc/069db5b7-54a0-4838-a719-69d70837335c_2109094805.jpeg?h=225&w=225,
278856828,Tesco Finest Roast & Ground Coffee Sumatra Java Sumatra227g,https://www.tesco.com/groceries/en-GB/shop/drinks/all?department=Coffee&viewAll=department&page=,£3.90,£1.72/100g,,,/groceries/en-GB/products/278856828,https://digitalcontent.api.tesco.com/v2/media/ghs/cced831b-a9c7-4281-a6be-995d1497342b/31c543bc-8e23-49c8-9ae7-34833e8cc400_551016063.jpeg?h=225&w=225,
308102558,Costa Coffee Signature Caramel Latta 8 Serves 182.4G,https://www.tesco.com/groceries/en-GB/shop/drinks/all?department=Coffee&viewAll=department&page=,£4.55,£2.50/100g,,,/groceries/en-GB/products/308102558,https://digitalcontent.api.tesco.com/v2/media/ghs/9696d11a-d5fc-4bc3-9303-1ed89034ad9e/80685cc7-e469-4b65-9756-b32777472dba_194318834.jpeg?h=225&w=225,
305960940,Costa Mocha Italian Signature Blend Latte 182.4G,https://www.tesco.com/groceries/en-GB/shop/drinks/all?department=Coffee&viewAll=department&page=,£4.55,£2.50/100g,,,/groceries/en-GB/products/305960940,https://digitalcontent.api.tesco.com/v2/media/ghs/2eda2784-ea7e-41fa-a079-17cdd4e052c7/694ccef7-a814-4be8-afc3-a7974320d970_792684453.jpeg?h=225&w=225,
311783227,Starbucks Caffe Latte Chilled Coffee 750Ml,https://www.tesco.com/groceries/en-GB/shop/drinks/all?department=Coffee&viewAll=department&page=,£3.75,£0.50/100ml,,,/groceries/en-GB/products/311783227,https://digitalcontent.api.tesco.com/v2/media/ghs/c25b4e0b-5136-463f-8815-482415328047/599e6869-6f67-4061-8e22-e15ca7618121_731425294.jpeg?h=225&w=225,
303365909,Nescafe Dolce Gusto Starbucks Caramel Macchiato 12Cap 127.8G,https://www.tesco.com/groceries/en-GB/shop/drinks/all?department=Coffee&viewAll=department&page=,£4.00,£3.13/100g,,,/groceries/en-GB/products/303365909,https://digitalcontent.api.tesco.com/v2/media/ghs/7683746b-69f6-4968-b2b0-8e959a75e74a/0c2fe77e-a125-4c8c-a5ac-8e3020782d59_1824835179.jpeg?h=225&w=225,
266891815,Starbucks Caramel Macchiato 220Ml,https://www.tesco.com/groceries/en-GB/shop/drinks/all?department=Coffee&viewAll=department&page=,£2.10,£0.96/100ml,£1.50 Clubcard Price,,/groceries/en-GB/products/266891815,https://digitalcontent.api.tesco.com/v2/media/ghs/6ab11285-c3bc-4f47-9b66-ee617398abd5/1d666598-112a-4d4c-8604-9bfda4f397df.jpeg?h=225&w=225,
280515429,Monin Caramel Syrup 250Ml,https://www.tesco.com/groceries/en-GB/shop/drinks/all?department=Coffee&viewAll=department&page=,£3.25,£1.30/100ml,,,/groceries/en-GB/products/280515429,https://digitalcontent.api.tesco.com/v2/media/ghs/33762fff-764e-4d1e-b3a3-ab8c002d09d8/738b8fd5-416e-4596-a29b-4c324b13679e_669504455.jpeg?h=225&w=225,
312579497,Celebrations Hot Chocolate Drink Pods 8 Pack 128G,https://www.tesco.com/groceries/en-GB/shop/drinks/all?department=Coffee&viewAll=department&page=,£3.80,£2.97/100g,,,/groceries/en-GB/products/312579497,https://digitalcontent.api.tesco.com/v2/media/ghs/1b2280ab-2b8e-487a-bb12-ba1139325f54/fd7a752e-3f89-4255-820f-3b34ab0256d2_25204562.jpeg?h=225&w=225,
311938901,L'or. Classique Instant Coffee 100G,https://www.tesco.com/groceries/en-GB/shop/drinks/all?department=Coffee&viewAll=department&page=,£5.00,£5.00/100g,£3.50 Clubcard Price,,/groceries/en-GB/products/311938901,https://digitalcontent.api.tesco.com/v2/media/ghs/2f94b8aa-db9e-4f50-87f8-e0833ba9cff9/36089add-bdcb-441a-a45c-49675ae185b0_1809826690.jpeg?h=225&w=225,
261149488,Splenda Low Calorie Sweetener Granulated 125G,https://www.tesco.com/groceries/en-GB/shop/drinks/all?department=Coffee&viewAll=department&page=,£3.00,£24.00/kg,,,/groceries/en-GB/products/261149488,https://digitalcontent.api.tesco.com/v2/media/ghs/2ae97577-7114-4dc0-a533-0ed75ad5524e/91dc4f48-190c-42f8-bada-8d37358abca1_2057970549.jpeg?h=225&w=225,
300345830,Tesco Espresso Ground Coffee 227G,https://www.tesco.com/groceries/en-GB/shop/drinks/all?department=Coffee&viewAll=department&page=,£2.65,£1.17/100g,,,/groceries/en-GB/products/300345830,https://digitalcontent.api.tesco.com/v2/media/ghs/a375f8a2-398f-4790-9691-a1fdb2cd173f/snapshotimagehandler_594966302.jpeg?h=225&w=225,
307398341,Starbucks Toffee Nut Latte 12 Coffee Cpsl 127.8G,https://www.tesco.com/groceries/en-GB/shop/drinks/all?department=Coffee&viewAll=department&page=,£4.00,£3.13/100g,,,/groceries/en-GB/products/307398341,https://digitalcontent.api.tesco.com/v2/media/ghs/ee97e376-6b85-4c45-ad8c-feefe9d667e4/f1c108ca-7454-43d5-9e9e-6edca63f137b_1738191768.jpeg?h=225&w=225,
309491526,Costa Amazonian Blend Whole Coffee Beans 200G,https://www.tesco.com/groceries/en-GB/shop/drinks/all?department=Coffee&viewAll=department&page=,£4.00,£2.00/100g,,,/groceries/en-GB/products/309491526,https://digitalcontent.api.tesco.com/v2/media/ghs/f89d0d14-8f65-4dd7-b022-cfe81a858b9a/46bb992e-3790-4d5b-bb1b-3d718f647645_911401451.jpeg?h=225&w=225,
304393299,Costa Coffee Mocha Italia Signature Blend Lungo 57G,https://www.tesco.com/groceries/en-GB/shop/drinks/all?department=Coffee&viewAll=department&page=,£3.15,£5.53/100g,£2.25 Clubcard Price,,/groceries/en-GB/products/304393299,https://digitalcontent.api.tesco.com/v2/media/ghs/7623d631-3522-4d7d-9978-aaa2e4c3f8ee/58d84a54-cf1c-4481-bc1a-9bd05fa0fd52_1924995706.jpeg?h=225&w=225,
305968079,Tesco Finest 10 Ristretto Espresso Capsules 54G,https://www.tesco.com/groceries/en-GB/shop/drinks/all?department=Coffee&viewAll=department&page=,£2.90,£5.38/100g,£2.50 Clubcard Price,,/groceries/en-GB/products/305968079,https://digitalcontent.api.tesco.com/v2/media/ghs/b6ab8066-ac4d-4949-a446-f17849be382e/59108565-e31a-409a-85cf-15ac4a701a42_641638617.jpeg?h=225&w=225,
254889837,Mellow Birds Instant Coffee 200G,https://www.tesco.com/groceries/en-GB/shop/drinks/all?department=Coffee&viewAll=department&page=,£4.50,£2.25/100g,,,/groceries/en-GB/products/254889837,https://digitalcontent.api.tesco.com/v2/media/ghs/772c7b2b-9968-4552-a2af-3336ba353072/525a35ac-dd94-4696-8030-94c228563c6d_1144489233.jpeg?h=225&w=225,
299538528,Nescafe Dolce Gusto Chococino Pods 16 Capsules,https://www.tesco.com/groceries/en-GB/shop/drinks/all?department=Coffee&viewAll=department&page=,£4.00,£1.57/100g,,,/groceries/en-GB/products/299538528,https://digitalcontent.api.tesco.com/v2/media/ghs/90762772-58bf-4d55-ad2b-c22a1476716b/3fa921eb-1f6b-44ee-bf97-0fa413ee818a_891606255.jpeg?h=225&w=225,
308495541,Jimmy's Iced Coffee Mocha 275Ml,https://www.tesco.com/groceries/en-GB/shop/drinks/all?department=Coffee&viewAll=department&page=,£1.95,£0.71/100ml,"£3.40 Meal Deal Clubcard Price £3.90 Meal Deal Regular Price - Selected Drink, Snack, Wrap, Sandwich, Roll, Pasty Or Salad",,/groceries/en-GB/products/308495541,https://digitalcontent.api.tesco.com/v2/media/ghs/97f0c121-e7c4-47b5-bcf2-38d2bab2867f/55c97629-5577-4bc1-9766-cab28fea1382_496901497.jpeg?h=225&w=225,
305980173,Tesco Finest 10 Accordo Capsules No. 8 Strength 54G,https://www.tesco.com/groceries/en-GB/shop/drinks/all?department=Coffee&viewAll=department&page=,£2.90,£5.38/100g,£2.50 Clubcard Price,,/groceries/en-GB/products/305980173,https://digitalcontent.api.tesco.com/v2/media/ghs/0dc96f22-0424-46a5-8aad-34373e655f5d/c4bde9ea-bef4-425e-9cc4-828b1491a1bf_70525953.jpeg?h=225&w=225,
305981689,Tesco Finest 10 Leggero Coffee Capsules Strength 6 54G,https://www.tesco.com/groceries/en-GB/shop/drinks/all?department=Coffee&viewAll=department&page=,£2.90,£5.38/100g,£2.50 Clubcard Price,,/groceries/en-GB/products/305981689,https://digitalcontent.api.tesco.com/v2/media/ghs/f1548757-f13b-430c-859c-9c8497e298f7/4dd5f08f-9e92-4ca5-a087-6a09d2de65e4_421632210.jpeg?h=225&w=225,
256836707,Cafedirect Decaf Machu Picchu Ground Coffee 227G,https://www.tesco.com/groceries/en-GB/shop/drinks/all?department=Coffee&viewAll=department&page=,£4.50,£1.99/100g,£3.50 Clubcard Price,,/groceries/en-GB/products/256836707,https://digitalcontent.api.tesco.com/v2/media/ghs/e71e1eee-6146-4ab9-9b61-0ba713ef0eab/7844594f-23f8-4263-b364-bc34f763d503_178147812.jpeg?h=225&w=225,
304370983,Califia Farms Mocha Cold Coffee With Almond 750Ml,https://www.tesco.com/groceries/en-GB/shop/drinks/all?department=Coffee&viewAll=department&page=,£2.75,£0.37/100ml,,,/groceries/en-GB/products/304370983,https://digitalcontent.api.tesco.com/v2/media/ghs/44183081-98c0-4f00-8d96-91b5927044c0/3f4744c7-33b0-4ba7-ab39-17e5ca2d9919_1393425783.jpeg?h=225&w=225,
311441797,Nescafe Gold Blend Roastery Dark Roast Instant Coffee 95G,https://www.tesco.com/groceries/en-GB/shop/drinks/all?department=Coffee&viewAll=department&page=,£5.20,£5.48/100g,£3.00 Clubcard Price,,/groceries/en-GB/products/311441797,https://digitalcontent.api.tesco.com/v2/media/ghs/cad953e5-c5b2-486b-abc7-7b9659793b1a/c0a7dc27-fce2-48b8-ba16-10b588fcfbbb_1608094104.jpeg?h=225&w=225,
279429982,Tesco Finest Costa Rican Instant Coffee 100G,https://www.tesco.com/groceries/en-GB/shop/drinks/all?department=Coffee&viewAll=department&page=,£3.20,£3.20/100g,,,/groceries/en-GB/products/279429982,https://digitalcontent.api.tesco.com/v2/media/ghs/24758b29-93ba-4803-83fb-73b0046e62b5/c01f7b77-8b43-49e6-be48-e4d743d7b64c_1176149459.jpeg?h=225&w=225,
286058586,Tchibo Family Roasted Ground Coffee 250G,https://www.tesco.com/groceries/en-GB/shop/drinks/all?department=Coffee&viewAll=department&page=,£2.00,£0.80/100g,,,/groceries/en-GB/products/286058586,https://digitalcontent.api.tesco.com/v2/media/ghs/880cb378-b0fe-49bc-8d69-f5c0c2fb4a45/f4aac024-08ae-4b47-8504-cd9a2111cb5c_1687893347.jpeg?h=225&w=225,
296457330,Emmi Caffe Latte Mr Big Skinny 370Ml,https://www.tesco.com/groceries/en-GB/shop/drinks/all?department=Coffee&viewAll=department&page=,£2.65,£0.72/100ml,"£3.40 Meal Deal Clubcard Price £3.90 Meal Deal Regular Price - Selected Drink, Snack, Wrap, Sandwich, Roll, Pasty Or Salad",,/groceries/en-GB/products/296457330,https://digitalcontent.api.tesco.com/v2/media/ghs/bef68a66-f15c-4ceb-85f4-5e851fbdd817/6810b4e9-b2c2-4a54-8451-430118b6a989.jpeg?h=225&w=225,
286414502,Kenco Millicano Americano Intense Instant Coffee 95G,https://www.tesco.com/groceries/en-GB/shop/drinks/all?department=Coffee&viewAll=department&page=,£5.00,£5.27/100g,£3.00 Clubcard Price,,/groceries/en-GB/products/286414502,https://digitalcontent.api.tesco.com/v2/media/ghs/c2d17b3d-19a9-43df-a463-bdb5ee6d6944/0cd6d118-1234-4ec1-815c-c33fdfaeb6d4_785457722.jpeg?h=225&w=225,
309461999,Arctic Coffee Intenso 330Ml,https://www.tesco.com/groceries/en-GB/shop/drinks/all?department=Coffee&viewAll=department&page=,£1.10,£0.33/100ml,,,/groceries/en-GB/products/309461999,https://digitalcontent.api.tesco.com/v2/media/ghs/5c127b26-6185-4318-a071-62aa005176ff/28fa93bd-93e7-4f07-a732-6da8f4f9128f_1110443760.jpeg?h=225&w=225,
312844653,Costa Creamy Cappuccino Coffee 6 X 17G,https://www.tesco.com/groceries/en-GB/shop/drinks/all?department=Coffee&viewAll=department&page=,£2.00,£1.97/100g,,New,/groceries/en-GB/products/312844653,https://digitalcontent.api.tesco.com/v2/media/ghs/1f522d9d-19ed-4e15-bc1f-dfe90f62384b/e4f74bdf-ea26-423f-bf93-a820ef0b272d_1349270431.jpeg?h=225&w=225,
301175107,Taylors 10 Hot Lava Java Coffee Bags 75G,https://www.tesco.com/groceries/en-GB/shop/drinks/all?department=Coffee&viewAll=department&page=,£3.25,£4.34/100g,£2.50 Clubcard Price,,/groceries/en-GB/products/301175107,https://digitalcontent.api.tesco.com/v2/media/ghs/2e104de8-2939-4357-9796-388bab267007/5c4a399b-f50c-4bdd-88b3-1b80c0332e46_229447563.jpeg?h=225&w=225,
304264942,Nescafe Gold Oat Latte (6X16g) Gb,https://www.tesco.com/groceries/en-GB/shop/drinks/all?department=Coffee&viewAll=department&page=,£2.10,£2.19/100g,£1.50 Clubcard Price,,/groceries/en-GB/products/304264942,https://digitalcontent.api.tesco.com/v2/media/ghs/8aa4e3a8-797b-417e-8062-7947ec7a8e0b/1f98208f-f588-4941-99f4-ac92f3d57d63_174314012.jpeg?h=225&w=225,
313169581,Costa Salted Caramel Latte Coffee 6X17g,https://www.tesco.com/groceries/en-GB/shop/drinks/all?department=Coffee&viewAll=department&page=,£2.00,£1.97/100g,,New,/groceries/en-GB/products/313169581,https://digitalcontent.api.tesco.com/v2/media/ghs/20c8305c-cdd2-4d72-8bc7-321094b68933/42eb5db6-8162-4109-9c7c-0c890e22a925_431389913.jpeg?h=225&w=225,
254889872,Camp Chicory & Coffee 241Ml Bottle,https://www.tesco.com/groceries/en-GB/shop/drinks/all?department=Coffee&viewAll=department&page=,£1.80,£0.75/100ml,,,/groceries/en-GB/products/254889872,https://digitalcontent.api.tesco.com/v2/media/ghs/5529c829-047e-4adf-b138-e4653d74c35f/2ae01673-cb22-444e-9633-56e518070153_635735035.jpeg?h=225&w=225,
312587640,Costa Coffee Millionaires Mocha 6X23g,https://www.tesco.com/groceries/en-GB/shop/drinks/all?department=Coffee&viewAll=department&page=,£2.00,£1.45/100g,,New,/groceries/en-GB/products/312587640,https://digitalcontent.api.tesco.com/v2/media/ghs/2b81d588-6d2d-47c7-9d87-b627874585e7/c1286dc6-f27f-4bde-a852-be4cc85a06ad_625153338.jpeg?h=225&w=225,
305967119,Arctic Coffee Caramel Latte 330Ml,https://www.tesco.com/groceries/en-GB/shop/drinks/all?department=Coffee&viewAll=department&page=,£1.10,£0.33/100ml,,,/groceries/en-GB/products/305967119,https://digitalcontent.api.tesco.com/v2/media/ghs/bc73ffe5-8e81-4e63-b049-919024a4a6ed/42669ff8-9ba9-48e4-8ed5-209ff9ae1507_552386375.jpeg?h=225&w=225,
308858660,Costa Coffee Flat White 200Ml,https://www.tesco.com/groceries/en-GB/shop/drinks/all?department=Coffee&viewAll=department&page=,£1.80,£0.90/100ml,£1.00 Clubcard Price,,/groceries/en-GB/products/308858660,https://digitalcontent.api.tesco.com/v2/media/ghs/e0c4a12b-6057-4fa9-adb5-02732a8d80f6/53f5d278-3ccb-477b-b3c1-28a0561cdc42_1896838640.jpeg?h=225&w=225,
309460949,Tesco Decaff Cappuccino Sachets 120G (8X15),https://www.tesco.com/groceries/en-GB/shop/drinks/all?department=Coffee&viewAll=department&page=,£0.90,£0.75/100g,,,/groceries/en-GB/products/309460949,https://digitalcontent.api.tesco.com/v2/media/ghs/a4a6107a-083a-4371-8168-6db2ba7fe05d/d8044af1-b37e-4b34-8146-65ab2321cd84_1298110346.jpeg?h=225&w=225,
261258831,Lavazza Qualita Rossa Coffee Beans 1Kg,https://www.tesco.com/groceries/en-GB/shop/drinks/all?department=Coffee&viewAll=department&page=,£15.00,£1.50/100g,,,/groceries/en-GB/products/261258831,https://digitalcontent.api.tesco.com/v2/media/ghs/216727ba-e5f8-4fc9-b94b-b9741fde9567/989858d1-4a68-4a44-990e-143f594c7dd3_1091015136.jpeg?h=225&w=225,
268483005,Lavazza Crema E Gusto Coffee 250G,https://www.tesco.com/groceries/en-GB/shop/drinks/all?department=Coffee&viewAll=department&page=,£3.75,£1.50/100g,,,/groceries/en-GB/products/268483005,https://digitalcontent.api.tesco.com/v2/media/ghs/dfaceac8-26a9-49ae-934e-2ec684b57d3e/79a1e064-088b-41ef-bc5f-844576c1542d_1585092995.jpeg?h=225&w=225,
250351950,Illy Espresso Ground Coffee 250G,https://www.tesco.com/groceries/en-GB/shop/drinks/all?department=Coffee&viewAll=department&page=,£6.80,£2.72/100g,£5.00 Clubcard Price,,/groceries/en-GB/products/250351950,https://digitalcontent.api.tesco.com/v2/media/ghs/4a99cd90-23bc-43e4-995e-bea13838782b/ae95272f-1043-4c04-be27-3337350bea4f_625626987.jpeg?h=225&w=225,
311215392,Taylors Of Harrogate Italian Coffee Beans 1Kg,https://www.tesco.com/groceries/en-GB/shop/drinks/all?department=Coffee&viewAll=department&page=,£10.00,£1.00/100g,,,/groceries/en-GB/products/311215392,https://digitalcontent.api.tesco.com/v2/media/ghs/7cac9ebb-22ba-40cc-9901-33c48bc25f63/7caaa27e-fcaf-4a5b-94e7-f113b7d3acc0_422105395.jpeg?h=225&w=225,
258407896,Lavazza Caffe Espresso Ground Coffee 250G,https://www.tesco.com/groceries/en-GB/shop/drinks/all?department=Coffee&viewAll=department&page=,£4.25,£1.70/100g,,,/groceries/en-GB/products/258407896,https://digitalcontent.api.tesco.com/v2/media/ghs/2a1c9f2f-a62c-4fc0-93a6-dba22f589449/0377bf0a-5a0d-4f6d-8c79-b7ca0b3b41ec_1855541378.jpeg?h=225&w=225,
291614360,Natvia All Natural Sweetener 300G,https://www.tesco.com/groceries/en-GB/shop/drinks/all?department=Coffee&viewAll=department&page=,£5.00,£16.67/kg,,,/groceries/en-GB/products/291614360,https://digitalcontent.api.tesco.com/v2/media/ghs/ede730f9-c94e-4019-865d-e462505aec45/c2d88a76-d0d3-4d0c-899b-2af03bd8db30_612974608.jpeg?h=225&w=225,
296661363,L'or. Supremo Caps 10Pc 52G,https://www.tesco.com/groceries/en-GB/shop/drinks/all?department=Coffee&viewAll=department&page=,£3.15,£6.06/100g,,,/groceries/en-GB/products/296661363,https://digitalcontent.api.tesco.com/v2/media/ghs/3a1c6136-6ed4-416e-bfee-2ef9bb8347f2/461ed3d0-bf8d-4dbc-99ff-e99ffa026363_251311278.jpeg?h=225&w=225,
272063451,Truvia Sweetener From Stevia Leaf Extract 270G,https://www.tesco.com/groceries/en-GB/shop/drinks/all?department=Coffee&viewAll=department&page=,£5.00,£18.52/kg,,,/groceries/en-GB/products/272063451,https://digitalcontent.api.tesco.com/v2/media/ghs/25e4f307-ac41-4bae-b672-758b7c253be7/58f43a54-41bf-4e6c-80ae-cea63e4c20bd_1704345846.jpeg?h=225&w=225,
299623721,L'or. Capsule Ristretto Decaff Coffee 52G,https://www.tesco.com/groceries/en-GB/shop/drinks/all?department=Coffee&viewAll=department&page=,£3.15,£6.06/100g,,,/groceries/en-GB/products/299623721,https://digitalcontent.api.tesco.com/v2/media/ghs/58f63eee-0dc1-4e91-bd6f-4d31faab4ad9/182404cd-926f-4044-9f68-11a4e0f8d64b_204754884.jpeg?h=225&w=225,
283314328,Lavazza A Modo Mio Lungo Dolce Coffee 16 Capsules,https://www.tesco.com/groceries/en-GB/shop/drinks/all?department=Coffee&viewAll=department&page=,£4.70,£3.68/100g,,,/groceries/en-GB/products/283314328,https://digitalcontent.api.tesco.com/v2/media/ghs/b33f31fa-01a2-4010-afd0-3953b106e5dd/0dd21423-c082-40a8-bd0d-4fed6946248b_100933851.jpeg?h=225&w=225,
300769449,Tesco Finest Fair Trade Colombian Beans 227G,https://www.tesco.com/groceries/en-GB/shop/drinks/all?department=Coffee&viewAll=department&page=,£3.90,£1.72/100g,,,/groceries/en-GB/products/300769449,https://digitalcontent.api.tesco.com/v2/media/ghs/e08dad26-369f-4cf0-aae4-83f6fa8955fe/snapshotimagehandler_1506977849.jpeg?h=225&w=225,
308850651,Costa Coffee Caramel Latte Cans 4 X 250Ml,https://www.tesco.com/groceries/en-GB/shop/drinks/all?department=Coffee&viewAll=department&page=,£3.49,£0.35/100ml,Aldi Price Match,,/groceries/en-GB/products/308850651,https://digitalcontent.api.tesco.com/v2/media/ghs/d845e723-ff48-4c81-b8c1-c1835793263e/74ababae-7c0e-422a-b351-c497f31cbec1_715264842.jpeg?h=225&w=225,
303365945,Nescafe Dolce Gusto Starbucks House Blend 12 Capsules 102G,https://www.tesco.com/groceries/en-GB/shop/drinks/all?department=Coffee&viewAll=department&page=,£4.00,£3.93/100g,,,/groceries/en-GB/products/303365945,https://digitalcontent.api.tesco.com/v2/media/ghs/09385a7e-6f9f-4b2e-8a5e-0c2aa595d0ab/525b07eb-2c70-4d62-a7ea-87b10366c67c_102768116.jpeg?h=225&w=225,
250028660,Canderel Refil Sachets 500Pk 42.5G,https://www.tesco.com/groceries/en-GB/shop/drinks/all?department=Coffee&viewAll=department&page=,£5.10,£120.00/kg,,,/groceries/en-GB/products/250028660,https://digitalcontent.api.tesco.com/v2/media/ghs/01ed2ad6-951a-4c80-bf8f-eee13a47cfb6/b7d5dc8e-a2e6-4c65-809e-6dbb166f92dd_1632958744.jpeg?h=225&w=225,
304376245,Costa Coffee Mocha Italia Dolce Gusto Cappuccino 146.4,https://www.tesco.com/groceries/en-GB/shop/drinks/all?department=Coffee&viewAll=department&page=,£4.55,£3.11/100g,,,/groceries/en-GB/products/304376245,https://digitalcontent.api.tesco.com/v2/media/ghs/6e96b2b1-d1b8-4f77-8324-d80e4c931b57/cdb4bd33-dbb8-4f59-9e30-863ddbb43170_851569115.jpeg?h=225&w=225,
300769426,Tesco Finest Faitrade Sumatra Beans 227G,https://www.tesco.com/groceries/en-GB/shop/drinks/all?department=Coffee&viewAll=department&page=,£3.90,£1.72/100g,,,/groceries/en-GB/products/300769426,https://digitalcontent.api.tesco.com/v2/media/ghs/eff843ae-1ff5-4262-99fb-d43995b73fd3/snapshotimagehandler_1962572508.jpeg?h=225&w=225,
305438459,Pure Via 100% Erythritol Nature Sweet 250G,https://www.tesco.com/groceries/en-GB/shop/drinks/all?department=Coffee&viewAll=department&page=,£3.20,£12.80/kg,,,/groceries/en-GB/products/305438459,https://digitalcontent.api.tesco.com/v2/media/ghs/b9c36592-c195-409c-9125-f94fdcae536e/7cd54dc4-e031-42e4-a331-a2b3653cb650_456398798.jpeg?h=225&w=225,
307132466,Tesco Finest Roast & Ground Colombian Coffee Decaffeinated 227G,https://www.tesco.com/groceries/en-GB/shop/drinks/all?department=Coffee&viewAll=department&page=,£3.90,£1.72/100g,,,/groceries/en-GB/products/307132466,https://digitalcontent.api.tesco.com/v2/media/ghs/1161faf2-b5ce-4073-a4b7-c5dafc17ae22/a215f1d6-8abb-4231-bb9e-d59d3ff7ab51_852959688.jpeg?h=225&w=225,
312105630,L'or. Intense Instant Coffee 100G,https://www.tesco.com/groceries/en-GB/shop/drinks/all?department=Coffee&viewAll=department&page=,£5.00,£5.00/100g,£3.50 Clubcard Price,,/groceries/en-GB/products/312105630,https://digitalcontent.api.tesco.com/v2/media/ghs/dd96e014-cafe-4708-a481-e7386905ea4d/f450e0db-af81-4118-bd47-38fa676baeae_840919015.jpeg?h=225&w=225,
309196225,Tassimo Costa Gingerbread Latte 6 Coffee Pods 203.4G,https://www.tesco.com/groceries/en-GB/shop/drinks/all?department=Coffee&viewAll=department&page=,£4.20,£2.07/100g,,,/groceries/en-GB/products/309196225,https://digitalcontent.api.tesco.com/v2/media/ghs/2aaf026e-1bf3-4314-a633-c436497800fe/6722f72a-c4ff-4fda-960d-2e84e459eadf_936308951.jpeg?h=225&w=225,
278856840,Tesco Finest Kenyan Fair Trade Ground Coffee 227G,https://www.tesco.com/groceries/en-GB/shop/drinks/all?department=Coffee&viewAll=department&page=,£3.90,£1.72/100g,,,/groceries/en-GB/products/278856840,https://digitalcontent.api.tesco.com/v2/media/ghs/cc18c354-6f18-4471-bf7b-78bdaac25b19/64de82cd-175c-40c0-984c-7bc72c02b58e_292727658.jpeg?h=225&w=225,
311959147,Lavazza Tierra For Africa Organic Ground Coffee 180G,https://www.tesco.com/groceries/en-GB/shop/drinks/all?department=Coffee&viewAll=department&page=,£3.75,£2.09/100g,,,/groceries/en-GB/products/311959147,https://digitalcontent.api.tesco.com/v2/media/ghs/1f665244-2ed8-403b-8064-f69c4097a6eb/1aa2682c-0299-4599-8772-754a3a2739ad_1463676151.jpeg?h=225&w=225,
282137234,Cafedirect Machu Picchu Fair Trade Coffee Beans 227G,https://www.tesco.com/groceries/en-GB/shop/drinks/all?department=Coffee&viewAll=department&page=,£4.20,£1.86/100g,£3.50 Clubcard Price,,/groceries/en-GB/products/282137234,https://digitalcontent.api.tesco.com/v2/media/ghs/f1a46a19-a192-4012-8d54-a0c32613bc09/a78d885e-2917-400a-877b-4fafad3ae626_168696349.jpeg?h=225&w=225,
280515660,Monin Vanilla Syrup 25Cl,https://www.tesco.com/groceries/en-GB/shop/drinks/all?department=Coffee&viewAll=department&page=,£3.25,£1.30/100ml,,,/groceries/en-GB/products/280515660,https://digitalcontent.api.tesco.com/v2/media/ghs/39773b33-420d-48b0-8546-c197a5a33677/7abb7c4f-3d6c-417e-84e4-113a84b5c6cc_1968983142.jpeg?h=225&w=225,
304416717,Costa Coffee Brazilian Blend Ristretto 57G,https://www.tesco.com/groceries/en-GB/shop/drinks/all?department=Coffee&viewAll=department&page=,£3.15,£5.53/100g,£2.25 Clubcard Price,,/groceries/en-GB/products/304416717,https://digitalcontent.api.tesco.com/v2/media/ghs/e704aa8f-2631-47f6-a5ad-24c98bfeb493/d14d71e3-3a50-4956-88b0-7cba7c1488f9_1865417720.jpeg?h=225&w=225,
308108385,Starbucks Caffe Latte Nescafe Dolce Gusto Coffee Pods 12 Pack 121.2G,https://www.tesco.com/groceries/en-GB/shop/drinks/all?department=Coffee&viewAll=department&page=,£4.00,£3.31/100g,,,/groceries/en-GB/products/308108385,https://digitalcontent.api.tesco.com/v2/media/ghs/c5d5f85a-8619-402a-ac98-e25ebe6b7e58/ffcc32af-b990-4ec3-8a09-ce5b49e69ed3_953256017.jpeg?h=225&w=225,
299537587,Galaxy Hot Chocolate Pods 8X17g,https://www.tesco.com/groceries/en-GB/shop/drinks/all?department=Coffee&viewAll=department&page=,£3.80,£2.80/100g,£3.00 Clubcard Price,,/groceries/en-GB/products/299537587,https://digitalcontent.api.tesco.com/v2/media/ghs/ea6895cb-562a-4054-b816-8196a0362e98/f4c3a2c5-33f6-407f-ab10-69da91f3aa26_2023690565.jpeg?h=225&w=225,
308491741,Costa Coffee Mocha Italia Signature Decaf Blend 200G,https://www.tesco.com/groceries/en-GB/shop/drinks/all?department=Coffee&viewAll=department&page=,£4.00,£2.00/100g,,,/groceries/en-GB/products/308491741,https://digitalcontent.api.tesco.com/v2/media/ghs/7492fa31-b8c3-4653-bf31-afa77ae0fa84/fcc69c8f-763b-413b-86f6-f08023652ba8_555029931.jpeg?h=225&w=225,
311432981,Nescafe Azera Grindsmith Craft Instant Coffee 75G,https://www.tesco.com/groceries/en-GB/shop/drinks/all?department=Coffee&viewAll=department&page=,£5.49,£7.32/100g,£3.00 Clubcard Price,,/groceries/en-GB/products/311432981,https://digitalcontent.api.tesco.com/v2/media/ghs/c1805d45-cf5e-4c6b-bac8-67efac078d6f/786e2874-68d1-4a97-97d6-f873db95fa85_904050749.jpeg?h=225&w=225,
278974659,Truvia Sweetener From Stevia Leaf 100 Tablets 5G,https://www.tesco.com/groceries/en-GB/shop/drinks/all?department=Coffee&viewAll=department&page=,£2.60,£520.00/kg,,,/groceries/en-GB/products/278974659,https://digitalcontent.api.tesco.com/v2/media/ghs/7cf76cf8-656f-4c06-a9b3-839a660b4b54/efd826f7-9593-42ba-a2cc-f43910eef5af_238974498.jpeg?h=225&w=225,
304395556,Califia Farms Xx Espresso Cold Brew Dairy Free Coffee 750Ml,https://www.tesco.com/groceries/en-GB/shop/drinks/all?department=Coffee&viewAll=department&page=,£2.75,£0.37/100ml,,,/groceries/en-GB/products/304395556,https://digitalcontent.api.tesco.com/v2/media/ghs/6aab6d35-6c74-4f22-a8a0-5d9e431b475a/951304e2-7b2b-4c40-9a88-3471f499d751_1899268616.jpeg?h=225&w=225,
309204148,Tesco Finest Accordo Decaffeinated Coffee Capsules 54G,https://www.tesco.com/groceries/en-GB/shop/drinks/all?department=Coffee&viewAll=department&page=,£2.90,£5.38/100g,£2.50 Clubcard Price,,/groceries/en-GB/products/309204148,https://digitalcontent.api.tesco.com/v2/media/ghs/b1edbbd8-587b-4d13-a162-ae6e338bc9bd/b14d5592-517e-4d2d-adaf-62070576a428_729888950.jpeg?h=225&w=225,
311227101,Nescafe Gold Blend Roastery Light Roast Instant Coffee 95G,https://www.tesco.com/groceries/en-GB/shop/drinks/all?department=Coffee&viewAll=department&page=,£5.20,£5.48/100g,£3.00 Clubcard Price,,/groceries/en-GB/products/311227101,https://digitalcontent.api.tesco.com/v2/media/ghs/0119dd06-f759-46f2-8771-cd08896eddc6/a18d5bfd-7559-426a-8e70-1efe223388a9_2027893697.jpeg?h=225&w=225,
312221941,L'or. Artiste 8 Vigoroso Instant Coffee 95G,https://www.tesco.com/groceries/en-GB/shop/drinks/all?department=Coffee&viewAll=department&page=,£5.50,£5.79/100g,£3.00 Clubcard Price,,/groceries/en-GB/products/312221941,https://digitalcontent.api.tesco.com/v2/media/ghs/571ccb2a-1396-4179-a3a5-d9a49fb5db31/024f94e7-b6fb-4776-a533-2a9d06817c2b_1791161062.jpeg?h=225&w=225,
311950269,Taylors Flying Start Coffee Bags 10S 75G,https://www.tesco.com/groceries/en-GB/shop/drinks/all?department=Coffee&viewAll=department&page=,£3.25,£4.34/100g,£2.50 Clubcard Price,,/groceries/en-GB/products/311950269,https://digitalcontent.api.tesco.com/v2/media/ghs/5bd5117f-cc07-4c66-a70f-031b07258161/b59aed89-2fb9-419b-8421-edae47417c81_739987627.jpeg?h=225&w=225,
307398364,Starbucks Medium Roast 10 Coffee Capsule 57G,https://www.tesco.com/groceries/en-GB/shop/drinks/all?department=Coffee&viewAll=department&page=,£3.75,£6.58/100g,,,/groceries/en-GB/products/307398364,https://digitalcontent.api.tesco.com/v2/media/ghs/ba7dde6a-3f94-4937-96be-5ab5cd68f671/452eefbb-c227-47c5-baba-54d942d09a24_1835659511.jpeg?h=225&w=225,
304264061,Nescafe Gold Coconut Latte (6X15g) Gb,https://www.tesco.com/groceries/en-GB/shop/drinks/all?department=Coffee&viewAll=department&page=,£2.00,£2.23/100g,,,/groceries/en-GB/products/304264061,https://digitalcontent.api.tesco.com/v2/media/ghs/a13cb78d-e630-44db-b3ff-bb737ca33ce0/3e708b12-4843-4ad2-9508-18aa68950006_1213927188.jpeg?h=225&w=225,
306815616,Starbucks Oat Based Vanilla Macchiato 220Ml,https://www.tesco.com/groceries/en-GB/shop/drinks/all?department=Coffee&viewAll=department&page=,£2.10,£0.96/100ml,£1.50 Clubcard Price,,/groceries/en-GB/products/306815616,https://digitalcontent.api.tesco.com/v2/media/ghs/60d75717-dd2d-4761-a13b-d5808ea5af52/065ece88-f5ec-4cca-8234-93dd39a2ab5e_33815938.jpeg?h=225&w=225,
301181416,Taylors Decaffe Coffee Bags 10 Pack 75G,https://www.tesco.com/groceries/en-GB/shop/drinks/all?department=Coffee&viewAll=department&page=,£3.25,£4.34/100g,£2.50 Clubcard Price,,/groceries/en-GB/products/301181416,https://digitalcontent.api.tesco.com/v2/media/ghs/2fc66168-c7de-429c-9983-a170d89f3a76/4a8f1411-b1aa-4b03-8030-c76841191308_1094508517.jpeg?h=225&w=225,
309469715,Arctic White Chocolatte 330Ml,https://www.tesco.com/groceries/en-GB/shop/drinks/all?department=Coffee&viewAll=department&page=,£1.10,£0.33/100ml,,,/groceries/en-GB/products/309469715,https://digitalcontent.api.tesco.com/v2/media/ghs/aeb060d0-9fcc-446b-bbc6-267499a52bd3/82cc0098-e792-4109-a267-3d58aa797e78.jpeg?h=225&w=225,
308844716,Nescafe Gold Salted Caramel Iced Latte Coffee 7 X 14.5G,https://www.tesco.com/groceries/en-GB/shop/drinks/all?department=Coffee&viewAll=department&page=,£1.69,£1.67/100g,£1.50 Clubcard Price,,/groceries/en-GB/products/308844716,https://digitalcontent.api.tesco.com/v2/media/ghs/0a1b92c4-38cb-4e6e-b513-09098b25a9b4/ddcd8395-06fa-4b57-970e-14cf14c45dac_1042902886.jpeg?h=225&w=225,
309480499,Lavazza Decaf Coffee Beans 500G,https://www.tesco.com/groceries/en-GB/shop/drinks/all?department=Coffee&viewAll=department&page=,£8.40,£1.68/100g,,,/groceries/en-GB/products/309480499,https://digitalcontent.api.tesco.com/v2/media/ghs/2e92b9ef-8a87-4f52-a198-98f8295441f8/9b5f3e1e-5703-49b4-b823-7b65e76d0f31_179304654.jpeg?h=225&w=225,
311435586,Lofbergs Brazil Medium Roast Coffee Beans 1Kg,https://www.tesco.com/groceries/en-GB/shop/drinks/all?department=Coffee&viewAll=department&page=,£10.00,£1.00/100g,,,/groceries/en-GB/products/311435586,https://digitalcontent.api.tesco.com/v2/media/ghs/be4a1aa9-cc68-436c-927c-d4019e581574/e9bc8d0f-4d5f-47b8-a0ea-9204bd3eaaf4_1868871400.jpeg?h=225&w=225,
311941793,Tesco Italian Inspired Espresso Coffee Beans 1Kg,https://www.tesco.com/groceries/en-GB/shop/drinks/all?department=Coffee&viewAll=department&page=,£9.00,£0.90/100g,,New,/groceries/en-GB/products/311941793,https://digitalcontent.api.tesco.com/v2/media/ghs-mktg/b0b04216-fa73-466d-a9d7-c9fcfa1ce9b3/no-image.jpeg,
311800718,Emmi Caffe Latte Skinny 4X230ml,https://www.tesco.com/groceries/en-GB/shop/drinks/all?department=Coffee&viewAll=department&page=,£5.50,£0.60/100ml,,,/groceries/en-GB/products/311800718,https://digitalcontent.api.tesco.com/v2/media/ghs/d77e3fc8-91ff-45b1-8f6e-9591031ab699/f3e918b6-e448-49bc-8fd0-e73925ed7f2a.jpeg?h=225&w=225,
278583874,Lavazza Qualita Rossa Coffee 250G,https://www.tesco.com/groceries/en-GB/shop/drinks/all?department=Coffee&viewAll=department&page=,£4.50,£1.80/100g,,,/groceries/en-GB/products/278583874,https://digitalcontent.api.tesco.com/v2/media/ghs/76d315c6-1aa4-4543-9b5a-8f93dfe22c3c/90de06e6-4451-4ae5-b76e-1538e8ef01bf_299326001.jpeg?h=225&w=225,
301183839,Lavazza Qualita Oro Beans 250G,https://www.tesco.com/groceries/en-GB/shop/drinks/all?department=Coffee&viewAll=department&page=,£4.50,£1.80/100g,,,/groceries/en-GB/products/301183839,https://digitalcontent.api.tesco.com/v2/media/ghs/11c0851b-4449-4f87-9205-06b2a4c4b694/29930ebd-64bf-4ce4-bb08-983d36475cdf_2038495274.jpeg?h=225&w=225,
312107547,Starbucks Dark Espresso Coffee Beans 450G,https://www.tesco.com/groceries/en-GB/shop/drinks/all?department=Coffee&viewAll=department&page=,£8.00,£1.78/100g,£5.50 Clubcard Price,,/groceries/en-GB/products/312107547,https://digitalcontent.api.tesco.com/v2/media/ghs/4ce29c33-7060-4ef3-9d1f-33e64e574b64/e0cb1fca-7e2e-4db0-89e3-1d3e50e827b3_1398222487.jpeg?h=225&w=225,
253686232,Lavazza Qualita Oro Coffee 250G,https://www.tesco.com/groceries/en-GB/shop/drinks/all?department=Coffee&viewAll=department&page=,£4.50,£1.80/100g,,,/groceries/en-GB/products/253686232,https://digitalcontent.api.tesco.com/v2/media/ghs/cf502593-00af-469d-9d19-7ea00750b021/d51aee17-074d-4d40-aac6-892dabd54b13_2109948939.jpeg?h=225&w=225,
260614861,Splenda Sweetener 500Pk,https://www.tesco.com/groceries/en-GB/shop/drinks/all?department=Coffee&viewAll=department&page=,£5.50,£733.34/kg,,,/groceries/en-GB/products/260614861,https://digitalcontent.api.tesco.com/v2/media/ghs/6bef7838-ef05-4745-a1b3-f5e7716da894/7f76204f-cc44-4f3f-a353-085dade14c63_1964025321.jpeg?h=225&w=225,
305955215,Cafepod Supercharger Espresso 18 Pack 99G,https://www.tesco.com/groceries/en-GB/shop/drinks/all?department=Coffee&viewAll=department&page=,£6.00,£6.07/100g,£5.00 Clubcard Price,,/groceries/en-GB/products/305955215,https://digitalcontent.api.tesco.com/v2/media/ghs/9f11f49e-e38d-4e09-bb3a-08fbb79c5c45/4332ce2b-3481-4d4a-8fc0-42b6eeb2e5e9_899904382.jpeg?h=225&w=225,
309195059,Cafepod Craft Coffee Brunch Blend 18 Pack 99G,https://www.tesco.com/groceries/en-GB/shop/drinks/all?department=Coffee&viewAll=department&page=,£6.00,£6.07/100g,£5.00 Clubcard Price,,/groceries/en-GB/products/309195059,https://digitalcontent.api.tesco.com/v2/media/ghs/f16df4e8-292c-42b1-b440-81d2424653b7/0f92c834-31fd-4166-969b-f971c1615d48_179714972.jpeg?h=225&w=225,
312223737,Starbucks Blonde Espresso Coffee Beans 450G,https://www.tesco.com/groceries/en-GB/shop/drinks/all?department=Coffee&viewAll=department&page=,£8.00,£1.78/100g,£5.50 Clubcard Price,,/groceries/en-GB/products/312223737,https://digitalcontent.api.tesco.com/v2/media/ghs/f2fd7397-91ad-448d-90a9-71bd5e273efd/fcef877c-0090-4dc2-bc4b-0664f2086357_1826646232.jpeg?h=225&w=225,
250349821,Illy Classic Roast Coffee Beans 250G,https://www.tesco.com/groceries/en-GB/shop/drinks/all?department=Coffee&viewAll=department&page=,£6.80,£2.72/100g,£5.00 Clubcard Price,,/groceries/en-GB/products/250349821,https://digitalcontent.api.tesco.com/v2/media/ghs/b08329dc-8f8f-451d-a72c-a3dbc40db93b/0c78e7cc-581f-44a4-b93d-15f4328aed8a_1380791662.jpeg?h=225&w=225,
250109568,Illy Dark Roast Espresso Machine Coffee 250G,https://www.tesco.com/groceries/en-GB/shop/drinks/all?department=Coffee&viewAll=department&page=,£6.80,£2.72/100g,£5.00 Clubcard Price,,/groceries/en-GB/products/250109568,https://digitalcontent.api.tesco.com/v2/media/ghs/c781351a-adfa-49ec-a283-15bac63edf27/7ae50100-28da-40ff-9116-487b43561681_276372268.jpeg?h=225&w=225,
311960856,Lofbergs Brazil Medium Roast Ground Coffee 450G,https://www.tesco.com/groceries/en-GB/shop/drinks/all?department=Coffee&viewAll=department&page=,£5.00,£1.12/100g,£4.00 Clubcard Price,,/groceries/en-GB/products/311960856,https://digitalcontent.api.tesco.com/v2/media/ghs/c5e6dd7b-7946-4424-b9ee-ef2f43a1e176/2ef6325c-4664-4a70-8985-ac05f911ffd0_903350637.jpeg?h=225&w=225,
278755124,Tesco Finest Costa Rican Fair Trade Coffee 227G,https://www.tesco.com/groceries/en-GB/shop/drinks/all?department=Coffee&viewAll=department&page=,£3.90,£1.72/100g,,,/groceries/en-GB/products/278755124,https://digitalcontent.api.tesco.com/v2/media/ghs/94198b34-3524-41ff-8bb3-75a87c200fa0/b2e84e98-7d7b-4373-9c7e-e4673bc4d56f_1549048402.jpeg?h=225&w=225,
300344969,Tesco Finest Fairtrade Costa Rican Bean 227G,https://www.tesco.com/groceries/en-GB/shop/drinks/all?department=Coffee&viewAll=department&page=,£3.90,£1.72/100g,,,/groceries/en-GB/products/300344969,https://digitalcontent.api.tesco.com/v2/media/ghs/ea699e6f-019c-4cad-a957-c68691e0cc4e/snapshotimagehandler_1985603661.jpeg?h=225&w=225,
311675301,Lavazza Tierra For Amazonia Organic Ground Coffee 180G,https://www.tesco.com/groceries/en-GB/shop/drinks/all?department=Coffee&viewAll=department&page=,£3.75,£2.09/100g,,,/groceries/en-GB/products/311675301,https://digitalcontent.api.tesco.com/v2/media/ghs/f49810b1-7664-4cf6-a8f4-905fdd6838e4/75d81229-6e11-4090-9881-e950d8cdc74f_1734684303.jpeg?h=225&w=225,
309177922,Cafe Direct Fairtrade Mayan Gold Coffee 227G,https://www.tesco.com/groceries/en-GB/shop/drinks/all?department=Coffee&viewAll=department&page=,£4.50,£1.99/100g,£3.50 Clubcard Price,,/groceries/en-GB/products/309177922,https://digitalcontent.api.tesco.com/v2/media/ghs/ecc27f78-861b-476a-a6d3-0cadd2a922c6/fb3cf54d-a305-4b56-856f-4433fe9ac35f_1801934615.jpeg?h=225&w=225,
312088997,Monin No Added Sugar Salted Caramel Syrup 25Cl,https://www.tesco.com/groceries/en-GB/shop/drinks/all?department=Coffee&viewAll=department&page=,£3.25,£1.30/100ml,,,/groceries/en-GB/products/312088997,https://digitalcontent.api.tesco.com/v2/media/ghs/45215219-6b6d-4fd5-83c9-69605dc26a25/06d8ec97-88cf-420a-90d1-c8731631731d_1296927583.jpeg?h=225&w=225,
311940961,L'or. Decafeine Instant Coffee 100G,https://www.tesco.com/groceries/en-GB/shop/drinks/all?department=Coffee&viewAll=department&page=,£5.00,£5.00/100g,£3.50 Clubcard Price,,/groceries/en-GB/products/311940961,https://digitalcontent.api.tesco.com/v2/media/ghs/00e8c900-e9fc-48b2-beb0-2730802a1004/1530aaf6-61f9-4790-835c-b7e4390347f2_29417299.jpeg?h=225&w=225,
311957072,Lavazza Espresso Lungo Coffee Capsules X10 45G,https://www.tesco.com/groceries/en-GB/shop/drinks/all?department=Coffee&viewAll=department&page=,£3.50,£6.25/100g,£2.50 Clubcard Price,,/groceries/en-GB/products/311957072,https://digitalcontent.api.tesco.com/v2/media/ghs/52effd95-8d16-48f3-9de7-2d4f1e8e11ec/43cb91b0-1680-4c77-860d-d4e5e746b1b1_1403186586.jpeg?h=225&w=225,
311690023,Lavazza Espresso Intenso Coffee Capsules X10 57G,https://www.tesco.com/groceries/en-GB/shop/drinks/all?department=Coffee&viewAll=department&page=,£3.50,£6.15/100g,£2.50 Clubcard Price,,/groceries/en-GB/products/311690023,https://digitalcontent.api.tesco.com/v2/media/ghs/e0b36930-2083-4d07-8663-2cf30fd077c8/552e9b4d-f063-4843-a334-efd6eade5395_1309710091.jpeg?h=225&w=225,
302313519,Alpro Caffe Ethiopian Coffee & Soya Caramel 235Ml,https://www.tesco.com/groceries/en-GB/shop/drinks/all?department=Coffee&viewAll=department&page=,£1.80,£0.77/100ml,,,/groceries/en-GB/products/302313519,https://digitalcontent.api.tesco.com/v2/media/ghs/90d5ba57-f40a-44fe-a5c0-e139128e0bd3/af956dc4-b138-42da-9425-c506653c8162.jpeg?h=225&w=225,
309486061,Tesco Finest Colombian Micoground Coffee Espesso 100G,https://www.tesco.com/groceries/en-GB/shop/drinks/all?department=Coffee&viewAll=department&page=,£3.00,£3.00/100g,,,/groceries/en-GB/products/309486061,https://digitalcontent.api.tesco.com/v2/media/ghs/1487514c-046f-4422-b0a3-dd67f5aa5e38/582bf6b1-93e3-4988-bf23-faa817d5da72_624495206.jpeg?h=225&w=225,
309450103,Tesco Finest Colombian Micoground Coffee Americano 100G,https://www.tesco.com/groceries/en-GB/shop/drinks/all?department=Coffee&viewAll=department&page=,£3.00,£3.00/100g,,,/groceries/en-GB/products/309450103,https://digitalcontent.api.tesco.com/v2/media/ghs/ccb5f7ff-7df5-44da-bec2-b56eb93e2107/d1efa4c9-d12b-4ab6-8bf8-6b4c081451e9_362486264.jpeg?h=225&w=225,
312211469,Lofbergs Organic Dark Roast Ground Coffee 450G,https://www.tesco.com/groceries/en-GB/shop/drinks/all?department=Coffee&viewAll=department&page=,£5.00,£1.12/100g,£4.00 Clubcard Price,,/groceries/en-GB/products/312211469,https://digitalcontent.api.tesco.com/v2/media/ghs/e4d6d75b-3773-43f2-86f0-f535e988694d/7070f11b-9a9d-47ca-a51e-b5513c461642_1233528797.jpeg?h=225&w=225,
308102839,Nescafe Dolce Gusto Coconut Flat White Coffee Pods X12 116.4G,https://www.tesco.com/groceries/en-GB/shop/drinks/all?department=Coffee&viewAll=department&page=,£4.00,£3.44/100g,Any 3 for £10 Clubcard Price - Selected Nescafe Coffee Pods,,/groceries/en-GB/products/308102839,https://digitalcontent.api.tesco.com/v2/media/ghs/5d2e660d-b8bc-470e-9e20-721fd2a86fd6/eb48b0e4-8ae1-4ca5-89da-5dd1d1c932a1_1509036898.jpeg?h=225&w=225,
308118966,Nescafe Dolce Gusto Almond Flat White Coffee Pods 12 Pack 132G,https://www.tesco.com/groceries/en-GB/shop/drinks/all?department=Coffee&viewAll=department&page=,£4.00,£3.04/100g,Any 3 for £10 Clubcard Price - Selected Nescafe Coffee Pods,,/groceries/en-GB/products/308118966,https://digitalcontent.api.tesco.com/v2/media/ghs/6912b91a-e68e-4b10-b5c1-3d07d10d2f51/66b14ed0-956a-4555-b42e-4fa50915299d_1669001989.jpeg?h=225&w=225,
312228415,L'or. Artiste 5 Delicato Instant Coffee 95G,https://www.tesco.com/groceries/en-GB/shop/drinks/all?department=Coffee&viewAll=department&page=,£5.50,£5.79/100g,£3.00 Clubcard Price,,/groceries/en-GB/products/312228415,https://digitalcontent.api.tesco.com/v2/media/ghs/5dd6906f-d3b4-4061-9765-312a8fbbd807/0071af20-0230-496c-ba47-5e2889f0fb46_1763986543.jpeg?h=225&w=225,
272092824,Green Canderel Stevia 100 Pack,https://www.tesco.com/groceries/en-GB/shop/drinks/all?department=Coffee&viewAll=department&page=,£1.65,£194.12/kg,,,/groceries/en-GB/products/272092824,https://digitalcontent.api.tesco.com/v2/media/ghs/b9c2ebd3-76b6-4d89-bf5c-411a5fa04959/6917ad42-2886-49d0-9d5e-7763d8bbb8d2_1890585132.jpeg?h=225&w=225,
309450649,Tesco Finest Colombian Microground Coffee Decaff Americano 100G,https://www.tesco.com/groceries/en-GB/shop/drinks/all?department=Coffee&viewAll=department&page=,£3.00,£3.00/100g,,,/groceries/en-GB/products/309450649,https://digitalcontent.api.tesco.com/v2/media/ghs/a80348fa-4c84-4259-aa7a-2a744cf9b380/27264581-aa7b-4f4c-a724-6c62f0343e9c_1178798315.jpeg?h=225&w=225,
302114939,Fox & Ivy Silver Double Walled Cafetiere 8 Cup,https://www.tesco.com/groceries/en-GB/shop/drinks/all?department=Coffee&viewAll=department&page=,£20.00,£20.00/each,,,/groceries/en-GB/products/302114939,https://digitalcontent.api.tesco.com/v2/media/ghs/ef6dab01-1610-4b40-b25b-bdfca043d4d5/02e79b13-7a39-40ee-984d-792f1666d5b3_274754085.jpeg?h=225&w=225,
302114922,Fox & Ivy Silver Double Walled Cafetiere 3 Cup,https://www.tesco.com/groceries/en-GB/shop/drinks/all?department=Coffee&viewAll=department&page=,£15.00,£15.00/each,,,/groceries/en-GB/products/302114922,https://digitalcontent.api.tesco.com/v2/media/ghs/ec191c2b-a800-4f76-88c0-c9b45b4e70d5/6956d96d-0051-4b91-8b65-8e865d2b28a8_1073399616.jpeg?h=225&w=225,
296138586,Tesco Black Cafetiere 8 Cup,https://www.tesco.com/groceries/en-GB/shop/drinks/all?department=Coffee&viewAll=department&page=,£10.00,£10.00/each,,,/groceries/en-GB/products/296138586,https://digitalcontent.api.tesco.com/v2/media/ghs/2af33d80-4182-48d2-a967-2dd2c988ca3e/b608301d-2d25-4369-9a44-e8fff397727a_557432502.jpeg?h=225&w=225,
302137519,Fox & Ivy Silver Cafetiere 3 Cup,https://www.tesco.com/groceries/en-GB/shop/drinks/all?department=Coffee&viewAll=department&page=,£10.00,£10.00/each,,,/groceries/en-GB/products/302137519,https://digitalcontent.api.tesco.com/v2/media/ghs/e85383dd-d77d-4e0c-a337-98c20d6806b2/d93ee5ed-056c-41ec-814c-96467c1d805b_1370880952.jpeg?h=225&w=225,
309772033,Lavazza Espresso Ground Coffee 2X250g,https://www.tesco.com/groceries/en-GB/shop/drinks/all?department=Coffee&viewAll=department&page=,£7.00,£1.40/100g,,,/groceries/en-GB/products/309772033,https://digitalcontent.api.tesco.com/v2/media/ghs/a61c32bf-0e47-49d2-8980-c0daed0bfad0/7af336ac-26ec-4a8f-91a7-229ea7dfc36a_2119104661.jpeg?h=225&w=225,
250350185,Illy Espresso Decaffeinated Ground Coffee 250G,https://www.tesco.com/groceries/en-GB/shop/drinks/all?department=Coffee&viewAll=department&page=,£6.80,£2.72/100g,£5.00 Clubcard Price,,/groceries/en-GB/products/250350185,https://digitalcontent.api.tesco.com/v2/media/ghs/5a4388a1-5db4-4951-9d90-4cdd7715926c/f4f3cd61-7f60-4332-9dd3-8b5dcc41e8a9_1683718198.jpeg?h=225&w=225,
309202899,Cafepod Craft Coffee Decaf Espresso 18 Pack 99G,https://www.tesco.com/groceries/en-GB/shop/drinks/all?department=Coffee&viewAll=department&page=,£6.00,£6.07/100g,£5.00 Clubcard Price,,/groceries/en-GB/products/309202899,https://digitalcontent.api.tesco.com/v2/media/ghs/e6993898-921d-4d83-a4d8-a2117fe143c8/b9f62587-b5a0-44c1-b144-d88a42595305_220974795.jpeg?h=225&w=225,
291844944,Nescafe Dolce Gusto Cafe Au Lait 30S 300G,https://www.tesco.com/groceries/en-GB/shop/drinks/all?department=Coffee&viewAll=department&page=,£7.00,£2.34/100g,,New,/groceries/en-GB/products/291844944,https://digitalcontent.api.tesco.com/v2/media/ghs/68d6dd60-86b3-4275-97bc-d49da540717d/fd142f1a-f3bb-4c85-8571-cd80ceb18172_2110686121.jpeg?h=225&w=225,
250104823,Lavazza Caffe Espresso Coffee Beans 250G,https://www.tesco.com/groceries/en-GB/shop/drinks/all?department=Coffee&viewAll=department&page=,£4.25,£1.70/100g,,,/groceries/en-GB/products/250104823,https://digitalcontent.api.tesco.com/v2/media/ghs/8dce53cc-4349-4e01-ab8c-238a727e9e8c/279dcbbd-bb17-4861-ac8d-4eeed11a1e8d_1934920260.jpeg?h=225&w=225,
304116992,Pure Via Sweet Granules With Stevia Leaf 250G,https://www.tesco.com/groceries/en-GB/shop/drinks/all?department=Coffee&viewAll=department&page=,£4.40,£17.60/kg,,,/groceries/en-GB/products/304116992,https://digitalcontent.api.tesco.com/v2/media/ghs/51c60431-1507-4e86-b30e-3b13e491a5ec/e43945d8-fbea-4250-8762-e0ae1eb6afbb_611233872.jpeg?h=225&w=225,
311443023,Lofbergs Brazil Coffee Lovers Medium Roast Whole Bean 400G,https://www.tesco.com/groceries/en-GB/shop/drinks/all?department=Coffee&viewAll=department&page=,£5.00,£1.25/100g,£4.00 Clubcard Price,,/groceries/en-GB/products/311443023,https://digitalcontent.api.tesco.com/v2/media/ghs/7d26ca9b-f3dd-4b81-bb0c-179646d69a0e/68dd670f-60c7-4e9e-8e01-da904a654550_958497884.jpeg?h=225&w=225,
296138570,Tesco Black Cafetiere 3 Cup,https://www.tesco.com/groceries/en-GB/shop/drinks/all?department=Coffee&viewAll=department&page=,£5.00,£5.00/each,,,/groceries/en-GB/products/296138570,https://digitalcontent.api.tesco.com/v2/media/ghs/f4b7c21a-06dd-4972-bf01-e105430f123e/f53ca0e3-82a0-4a10-8bb4-2dd1a42de3dd_1896659578.jpeg?h=225&w=225,
312097914,Nescafe Azera Craft Coffee Perky Blenders 75G,https://www.tesco.com/groceries/en-GB/shop/drinks/all?department=Coffee&viewAll=department&page=,£5.49,£7.32/100g,£3.00 Clubcard Price,,/groceries/en-GB/products/312097914,https://digitalcontent.api.tesco.com/v2/media/ghs/51a62b5b-3605-410f-9509-e5bbc41c15b5/ec89ff3f-3a83-444e-a4cb-f8a4b78bff4b_751688864.jpeg?h=225&w=225,
311667052,Lavazza Tierra Organic Ground Coffee 180G,https://www.tesco.com/groceries/en-GB/shop/drinks/all?department=Coffee&viewAll=department&page=,£3.75,£2.09/100g,,,/groceries/en-GB/products/311667052,https://digitalcontent.api.tesco.com/v2/media/ghs/07e8a899-b214-4db4-b8fa-e17118ab77dc/53843f9c-c1da-425b-a969-7ff1957f4e1b_1629293318.jpeg?h=225&w=225,
305435566,Canderel Stevia Blend Granules 200G,https://www.tesco.com/groceries/en-GB/shop/drinks/all?department=Coffee&viewAll=department&page=,£3.10,£15.50/kg,,,/groceries/en-GB/products/305435566,https://digitalcontent.api.tesco.com/v2/media/ghs/562370f6-7edc-46c4-989b-5881f4d0561d/e5e6297c-733d-44dd-83f5-4bf59989058c_1436358205.jpeg?h=225&w=225,
309760836,Tesco Finest 10 Seasonal Coffee Capsules 54G,https://www.tesco.com/groceries/en-GB/shop/drinks/all?department=Coffee&viewAll=department&page=,£2.90,£5.38/100g,,,/groceries/en-GB/products/309760836,https://digitalcontent.api.tesco.com/v2/media/ghs/086f4587-858f-486b-8726-0ef66fd560a7/8e7be9e3-ee7b-4e6d-a178-b9c667f1ecb5_183364699.jpeg?h=225&w=225,
311262657,Lavazza Espresso Ristretto Coffee Capsules X10 57G,https://www.tesco.com/groceries/en-GB/shop/drinks/all?department=Coffee&viewAll=department&page=,£3.50,£6.15/100g,£2.50 Clubcard Price,,/groceries/en-GB/products/311262657,https://digitalcontent.api.tesco.com/v2/media/ghs/39ef53eb-dea0-426f-bf23-9a041a0515a4/98252e75-9661-403d-bb87-d563c4b138a7_825385615.jpeg?h=225&w=225,
311680317,Lavazza Espresso Decaffeinated Coffee Capsules 10 Pack 58G,https://www.tesco.com/groceries/en-GB/shop/drinks/all?department=Coffee&viewAll=department&page=,£3.50,£6.04/100g,£2.50 Clubcard Price,,/groceries/en-GB/products/311680317,https://digitalcontent.api.tesco.com/v2/media/ghs/5e4ef114-4706-4d46-8151-a1ba5f2aa54d/04398b53-d6a6-46e8-90fc-c68eb85f7fee_617681221.jpeg?h=225&w=225,
312369288,Quaterpast Mocha Iced Coffee Concentrate 360Ml,https://www.tesco.com/groceries/en-GB/shop/drinks/all?department=Coffee&viewAll=department&page=,£4.00,£1.12/100ml,,,/groceries/en-GB/products/312369288,https://digitalcontent.api.tesco.com/v2/media/ghs-mktg/b0b04216-fa73-466d-a9d7-c9fcfa1ce9b3/no-image.jpeg,
312339416,Quaterpast Original Iced Coffee Concentrate 360Ml,https://www.tesco.com/groceries/en-GB/shop/drinks/all?department=Coffee&viewAll=department&page=,£4.00,£1.12/100ml,,,/groceries/en-GB/products/312339416,https://digitalcontent.api.tesco.com/v2/media/ghs-mktg/b0b04216-fa73-466d-a9d7-c9fcfa1ce9b3/no-image.jpeg,
312344248,Lofbergs Organic Medium Roast Ground Coffee 450G,https://www.tesco.com/groceries/en-GB/shop/drinks/all?department=Coffee&viewAll=department&page=,£5.00,£1.12/100g,£4.00 Clubcard Price,,/groceries/en-GB/products/312344248,https://digitalcontent.api.tesco.com/v2/media/ghs/81e1f753-3fd4-4907-bbe5-17513434a717/764c1da3-9398-4cc3-94a7-be73f594bfc0_219814835.jpeg?h=225&w=225,
312104809,Kenco Duo Salted Caramel Instant Coffee 6X17.3G,https://www.tesco.com/groceries/en-GB/shop/drinks/all?department=Coffee&viewAll=department&page=,£3.70,£3.57/100g,£2.75 Clubcard Price,,/groceries/en-GB/products/312104809,https://digitalcontent.api.tesco.com/v2/media/ghs/ee1815e3-74be-4389-b9bf-bb61ded21128/8f41ad8b-ab49-432c-9102-bd45d6a73dd7_395896617.jpeg?h=225&w=225,
305001089,Tassimo Suny Black,https://www.tesco.com/groceries/en-GB/shop/drinks/all?department=Coffee&viewAll=department&page=,£49.00,£49.00/each,,,/groceries/en-GB/products/305001089,https://digitalcontent.api.tesco.com/v2/media/ghs/5930bbc8-bb97-430a-8ce8-b3d636099ca0/584a2ac6-2c3c-4a2b-b0f5-8a7926f5d721_1062694653.jpeg?h=225&w=225,
271154996,Buckwud Organic Maple Syrup 250G,https://www.tesco.com/groceries/en-GB/shop/drinks/all?department=Hot%20Chocolate%20%26%20Malted%20Drinks&viewAll=department&page=,£6.00,£2.40/100g,,,/groceries/en-GB/products/271154996,https://digitalcontent.api.tesco.com/v2/media/ghs/8418084f-ac42-4dc7-96a7-d54c83552f4d/676a2e30-ce85-4c74-aa0b-585239eda2db_1516314833.jpeg?h=225&w=225,
300886391,Cadbury Highlights Milk Chocolate Jar 220G,https://www.tesco.com/groceries/en-GB/shop/drinks/all?department=Hot%20Chocolate%20%26%20Malted%20Drinks&viewAll=department&page=,£4.00,£1.82/100g,,,/groceries/en-GB/products/300886391,https://digitalcontent.api.tesco.com/v2/media/ghs/d00cf798-ee72-4460-9166-cf406169c9fe/df975516-6e78-4bd5-8e8c-3f93193ee884_208439399.jpeg?h=225&w=225,
258454672,Twinings Luxury Chocolate Drink 350G,https://www.tesco.com/groceries/en-GB/shop/drinks/all?department=Hot%20Chocolate%20%26%20Malted%20Drinks&viewAll=department&page=,£4.50,£1.29/100g,,,/groceries/en-GB/products/258454672,https://digitalcontent.api.tesco.com/v2/media/ghs/803d88e8-72bf-41be-8a79-00408384f9fe/123d6173-4183-458f-8881-ad443b1acdf3_1657796668.jpeg?h=225&w=225,
258491362,Ovaltine Original Light Add Water 300G,https://www.tesco.com/groceries/en-GB/shop/drinks/all?department=Hot%20Chocolate%20%26%20Malted%20Drinks&viewAll=department&page=,£4.00,£1.34/100g,£3.50 Clubcard Price,,/groceries/en-GB/products/258491362,https://digitalcontent.api.tesco.com/v2/media/ghs/d5058680-ec0a-485b-9013-50f6760d273b/40bc0422-0ea7-42bc-af07-dfeb962cb650_1724768722.jpeg?h=225&w=225,
259086190,Aero Instant Chocolate Drink 288G,https://www.tesco.com/groceries/en-GB/shop/drinks/all?department=Hot%20Chocolate%20%26%20Malted%20Drinks&viewAll=department&page=,£3.00,£1.05/100g,,,/groceries/en-GB/products/259086190,https://digitalcontent.api.tesco.com/v2/media/ghs/04385f77-1396-49d3-985a-3a5c37854db5/490c8fe5-12e9-4d70-8f3d-3d609fdfcf30_838044838.jpeg?h=225&w=225,
280515429,Monin Caramel Syrup 250Ml,https://www.tesco.com/groceries/en-GB/shop/drinks/all?department=Hot%20Chocolate%20%26%20Malted%20Drinks&viewAll=department&page=,£3.25,£1.30/100ml,,,/groceries/en-GB/products/280515429,https://digitalcontent.api.tesco.com/v2/media/ghs/33762fff-764e-4d1e-b3a3-ab8c002d09d8/738b8fd5-416e-4596-a29b-4c324b13679e_669504455.jpeg?h=225&w=225,
312579497,Celebrations Hot Chocolate Drink Pods 8 Pack 128G,https://www.tesco.com/groceries/en-GB/shop/drinks/all?department=Hot%20Chocolate%20%26%20Malted%20Drinks&viewAll=department&page=,£3.80,£2.97/100g,,,/groceries/en-GB/products/312579497,https://digitalcontent.api.tesco.com/v2/media/ghs/1b2280ab-2b8e-487a-bb12-ba1139325f54/fd7a752e-3f89-4255-820f-3b34ab0256d2_25204562.jpeg?h=225&w=225,
280515660,Monin Vanilla Syrup 25Cl,https://www.tesco.com/groceries/en-GB/shop/drinks/all?department=Hot%20Chocolate%20%26%20Malted%20Drinks&viewAll=department&page=,£3.25,£1.30/100ml,,,/groceries/en-GB/products/280515660,https://digitalcontent.api.tesco.com/v2/media/ghs/39773b33-420d-48b0-8546-c197a5a33677/7abb7c4f-3d6c-417e-84e4-113a84b5c6cc_1968983142.jpeg?h=225&w=225,
278831973,Sweet Freedom Chocolate Shot Liquid Chocolate 320G,https://www.tesco.com/groceries/en-GB/shop/drinks/all?department=Hot%20Chocolate%20%26%20Malted%20Drinks&viewAll=department&page=,£3.50,£1.10/100g,,,/groceries/en-GB/products/278831973,https://digitalcontent.api.tesco.com/v2/media/ghs/6e6f6df5-8a92-4447-9957-9502f47b3810/5c6d590e-526a-4fe1-8975-3ea0473266ce_1663332689.jpeg?h=225&w=225,
258492318,Ovaltine Original Add Milk 300G,https://www.tesco.com/groceries/en-GB/shop/drinks/all?department=Hot%20Chocolate%20%26%20Malted%20Drinks&viewAll=department&page=,£4.00,£1.34/100g,£3.50 Clubcard Price,,/groceries/en-GB/products/258492318,https://digitalcontent.api.tesco.com/v2/media/ghs/5081d82f-1669-472e-820a-1952f84029e2/019df939-3f52-424f-abc4-a884513e13b6_922097542.jpeg?h=225&w=225,
299585264,Tesco Drinking Chocolate 400G,https://www.tesco.com/groceries/en-GB/shop/drinks/all?department=Hot%20Chocolate%20%26%20Malted%20Drinks&viewAll=department&page=,£2.40,£0.60/100g,,,/groceries/en-GB/products/299585264,https://digitalcontent.api.tesco.com/v2/media/ghs/6401783c-9279-47b3-9c1e-d2313f0512b1/d1a1f0aa-3c9b-4eab-8c81-42f70bb99709_2134671429.jpeg?h=225&w=225,
282152394,Cadbury Bournville Baking Cocoa Powder 250G,https://www.tesco.com/groceries/en-GB/shop/drinks/all?department=Hot%20Chocolate%20%26%20Malted%20Drinks&viewAll=department&page=,£2.99,£1.20/100g,,,/groceries/en-GB/products/282152394,https://digitalcontent.api.tesco.com/v2/media/ghs/ee8363d1-f3c2-4c90-be52-a44a550dcb3f/01c3e0f0-615a-4351-814b-bb5f3b9a9764_1578324480.jpeg?h=225&w=225,
310177184,Lindt Hot Chocolate Drink Powder 300G,https://www.tesco.com/groceries/en-GB/shop/drinks/all?department=Hot%20Chocolate%20%26%20Malted%20Drinks&viewAll=department&page=,£4.00,£1.34/100g,£3.00 Clubcard Price,,/groceries/en-GB/products/310177184,https://digitalcontent.api.tesco.com/v2/media/ghs/7f76886c-8e1e-47cf-a1c2-33fc662c2703/6e03e549-b56a-4389-8751-509864bcabab_414956657.jpeg?h=225&w=225,
309498899,Galaxy Light Instant Hot Chocolate 210G,https://www.tesco.com/groceries/en-GB/shop/drinks/all?department=Hot%20Chocolate%20%26%20Malted%20Drinks&viewAll=department&page=,£3.00,£1.43/100g,,,/groceries/en-GB/products/309498899,https://digitalcontent.api.tesco.com/v2/media/ghs/81a2e524-d961-43bb-b10a-236204f876a7/87c29d6c-6157-4f69-a18c-0407a3dd1a51_65677448.jpeg?h=225&w=225,
254890316,Cadbury Hot Chocolate Cocoa Powder 500G,https://www.tesco.com/groceries/en-GB/shop/drinks/all?department=Hot%20Chocolate%20%26%20Malted%20Drinks&viewAll=department&page=,£3.00,£0.60/100g,,,/groceries/en-GB/products/254890316,https://digitalcontent.api.tesco.com/v2/media/ghs/57d051d2-c073-4125-b0a3-7498f77a4eff/380ed3a3-c585-4a41-89a3-536f625138c9_1953857516.jpeg?h=225&w=225,
312366435,Galaxy Hot Chocolate Toasted Marshmallow 275G,https://www.tesco.com/groceries/en-GB/shop/drinks/all?department=Hot%20Chocolate%20%26%20Malted%20Drinks&viewAll=department&page=,£2.75,£1.00/100g,,New,/groceries/en-GB/products/312366435,https://digitalcontent.api.tesco.com/v2/media/ghs/79ee1cce-1eb7-4e0f-aed4-8fb7ee46e54a/5c703f16-fa9f-4adc-8fb6-0487a80e1cb6_997188440.jpeg?h=225&w=225,
250610609,Green & Blacks Organic Cocoa Fair Trade 125G,https://www.tesco.com/groceries/en-GB/shop/drinks/all?department=Hot%20Chocolate%20%26%20Malted%20Drinks&viewAll=department&page=,£2.20,£1.76/100g,,,/groceries/en-GB/products/250610609,https://digitalcontent.api.tesco.com/v2/media/ghs/18d6195c-1421-4196-b9c3-c832b5e2c7e3/adecba00-b80f-4868-a4c3-49788edb75da_621804646.jpeg?h=225&w=225,
267526159,Galaxy Frothy 275G,https://www.tesco.com/groceries/en-GB/shop/drinks/all?department=Hot%20Chocolate%20%26%20Malted%20Drinks&viewAll=department&page=,£2.75,£1.00/100g,,,/groceries/en-GB/products/267526159,https://digitalcontent.api.tesco.com/v2/media/ghs/476d6dd8-7afc-4ea7-964a-6d404e30f23c/23802a49-e872-47f2-ac81-edca47d2a2ba_1975486812.jpeg?h=225&w=225,
307304874,Nesquik Hot Chocolate 400G,https://www.tesco.com/groceries/en-GB/shop/drinks/all?department=Hot%20Chocolate%20%26%20Malted%20Drinks&viewAll=department&page=,£2.60,£0.65/100g,,,/groceries/en-GB/products/307304874,https://digitalcontent.api.tesco.com/v2/media/ghs/d5c9e86a-4f26-444e-b46a-376de84edd23/8dc93cc6-e9c6-4927-a535-c2dc943f67dd_60612088.jpeg?h=225&w=225,
309761962,Tesco Melting Santa Hot Chocolate Bombe 65G,https://www.tesco.com/groceries/en-GB/shop/drinks/all?department=Hot%20Chocolate%20%26%20Malted%20Drinks&viewAll=department&page=,£1.25,£1.93/100g,,,/groceries/en-GB/products/309761962,https://digitalcontent.api.tesco.com/v2/media/ghs/cae419e0-9a69-4f58-92c6-85899007d3b0/21b5c543-2aad-49fd-a71e-1ab90bc22eb7_1395267285.jpeg?h=225&w=225,
258049461,Options Belgian Chocolate 220G,https://www.tesco.com/groceries/en-GB/shop/drinks/all?department=Hot%20Chocolate%20%26%20Malted%20Drinks&viewAll=department&page=,£4.50,£2.05/100g,£2.25 Clubcard Price,,/groceries/en-GB/products/258049461,https://digitalcontent.api.tesco.com/v2/media/ghs/2aa9a49c-2c38-4718-9858-b28edfcc2396/300cd6ba-c464-40bc-a2b0-49d38986f7b6_2016177689.jpeg?h=225&w=225,
280418815,Horlicks Traditional 500G,https://www.tesco.com/groceries/en-GB/shop/drinks/all?department=Hot%20Chocolate%20%26%20Malted%20Drinks&viewAll=department&page=,£4.00,£0.80/100g,£3.00 Clubcard Price,,/groceries/en-GB/products/280418815,https://digitalcontent.api.tesco.com/v2/media/ghs/2e0b7343-f7dd-4b02-8199-b575543c59e8/5871dc21-71fa-492c-89f5-b4db7519121c_775884467.jpeg?h=225&w=225,
308839209,Costa Hot Chocolate 300G,https://www.tesco.com/groceries/en-GB/shop/drinks/all?department=Hot%20Chocolate%20%26%20Malted%20Drinks&viewAll=department&page=,£3.00,£1.00/100g,£2.50 Clubcard Price,,/groceries/en-GB/products/308839209,https://digitalcontent.api.tesco.com/v2/media/ghs/c19e1450-404c-4132-9d1e-239cc27b6723/19b80668-0fff-4461-815b-da9bb7125f87_1254828930.jpeg?h=225&w=225,
293163600,Options Hot Chocolate Salted Caramel 220G,https://www.tesco.com/groceries/en-GB/shop/drinks/all?department=Hot%20Chocolate%20%26%20Malted%20Drinks&viewAll=department&page=,£4.50,£2.05/100g,£2.25 Clubcard Price,,/groceries/en-GB/products/293163600,https://digitalcontent.api.tesco.com/v2/media/ghs/65727943-2985-44f0-8c83-986cae420932/85b82388-3772-4496-8c34-4bdfe8ff68e6_862466532.jpeg?h=225&w=225,
265762705,Galaxy Instant Hot Chocolate Drink 370G,https://www.tesco.com/groceries/en-GB/shop/drinks/all?department=Hot%20Chocolate%20%26%20Malted%20Drinks&viewAll=department&page=,£3.00,£0.81/100g,£2.00 Clubcard Price,,/groceries/en-GB/products/265762705,https://digitalcontent.api.tesco.com/v2/media/ghs/f73e8624-4e7c-40cb-9da5-f2aa5f8187e0/c1c1bcce-6172-4ddd-a957-1a6b677ecc47_1764133266.jpeg?h=225&w=225,
301676049,Tesco Cocoa Powder 200G,https://www.tesco.com/groceries/en-GB/shop/drinks/all?department=Hot%20Chocolate%20%26%20Malted%20Drinks&viewAll=department&page=,£1.80,£0.90/100g,,,/groceries/en-GB/products/301676049,https://digitalcontent.api.tesco.com/v2/media/ghs/d5176012-5ca8-421d-9837-00cff532aeb8/6ee95142-178c-445e-8a73-238b3540dc52_1448941820.jpeg?h=225&w=225,
258248588,Options Mint Madness 220G,https://www.tesco.com/groceries/en-GB/shop/drinks/all?department=Hot%20Chocolate%20%26%20Malted%20Drinks&viewAll=department&page=,£4.50,£2.05/100g,£2.25 Clubcard Price,,/groceries/en-GB/products/258248588,https://digitalcontent.api.tesco.com/v2/media/ghs/9f7f199b-36eb-45bf-8be8-85f4aadb5ae1/e3af47d5-4812-41ee-9bef-bb17140945ef_1688741994.jpeg?h=225&w=225,
280418542,Horlicks Instant Malted Drink 500G,https://www.tesco.com/groceries/en-GB/shop/drinks/all?department=Hot%20Chocolate%20%26%20Malted%20Drinks&viewAll=department&page=,£4.00,£0.80/100g,£3.00 Clubcard Price,,/groceries/en-GB/products/280418542,https://digitalcontent.api.tesco.com/v2/media/ghs/6e777e3c-8e15-407e-af48-ba717342f568/ed5f922c-c830-4e67-929b-aa51ba8246f4_1417716354.jpeg?h=225&w=225,
280405220,Horlicks Chocolate Malt Drink 500G,https://www.tesco.com/groceries/en-GB/shop/drinks/all?department=Hot%20Chocolate%20%26%20Malted%20Drinks&viewAll=department&page=,£4.00,£0.80/100g,£3.00 Clubcard Price,,/groceries/en-GB/products/280405220,https://digitalcontent.api.tesco.com/v2/media/ghs/5343fa4f-316f-4adc-a7b4-20dab68df08f/dd5d9639-20a3-4c2c-a9dd-62f76149a9a7_1346370659.jpeg?h=225&w=225,
304381175,Tesco White Mini Marshmallows 100G,https://www.tesco.com/groceries/en-GB/shop/drinks/all?department=Hot%20Chocolate%20%26%20Malted%20Drinks&viewAll=department&page=,£1.00,£1.00/100g,,,/groceries/en-GB/products/304381175,https://digitalcontent.api.tesco.com/v2/media/ghs/1adf4c18-9232-45b4-bd61-6a695b956590/snapshotimagehandler_1343627767.jpeg?h=225&w=225,
254890627,Cadbury Instant Hot Chocolate Cocoa Powder 400G,https://www.tesco.com/groceries/en-GB/shop/drinks/all?department=Hot%20Chocolate%20%26%20Malted%20Drinks&viewAll=department&page=,£2.50,£0.62/100g,£2.00 Clubcard Price,,/groceries/en-GB/products/254890627,https://digitalcontent.api.tesco.com/v2/media/ghs/2f197a1d-ec17-4373-bf5a-52207ac403ce/54bb712f-4417-46c1-9599-a565b1562f76_974429548.jpeg?h=225&w=225,
278838015,Tesco Pink & White Marshmallows 100G,https://www.tesco.com/groceries/en-GB/shop/drinks/all?department=Hot%20Chocolate%20%26%20Malted%20Drinks&viewAll=department&page=,£1.00,£1.00/100g,,,/groceries/en-GB/products/278838015,https://digitalcontent.api.tesco.com/v2/media/ghs/ec9be336-ad49-4a27-8d4e-83109b4678bb/c6187b9c-781d-47b9-811c-a624c9e3446e_1685372954.jpeg?h=225&w=225,
309481642,Tesco Salted Caramel Sugar Dusting 80G,https://www.tesco.com/groceries/en-GB/shop/drinks/all?department=Hot%20Chocolate%20%26%20Malted%20Drinks&viewAll=department&page=,£1.00,£1.25/100g,,,/groceries/en-GB/products/309481642,https://digitalcontent.api.tesco.com/v2/media/ghs/21e049b6-2cc5-492f-9a59-96911b80d16d/7e8dda09-aa0c-4968-ae17-95683c4a71bc_194591156.jpeg?h=225&w=225,
254890339,Cadbury Hot Chocolate Cocoa Powder 250G,https://www.tesco.com/groceries/en-GB/shop/drinks/all?department=Hot%20Chocolate%20%26%20Malted%20Drinks&viewAll=department&page=,£2.00,£0.80/100g,£1.50 Clubcard Price,,/groceries/en-GB/products/254890339,https://digitalcontent.api.tesco.com/v2/media/ghs/d59761a5-a74a-4d17-9297-00a26135b7eb/34ae513e-e72d-4265-84c7-c4028352c53a_27965075.jpeg?h=225&w=225,
273566344,Cadbury Fair Trade Hot Chocolate Instant Stickpack 28G,https://www.tesco.com/groceries/en-GB/shop/drinks/all?department=Hot%20Chocolate%20%26%20Malted%20Drinks&viewAll=department&page=,£0.32,£1.15/100g,,,/groceries/en-GB/products/273566344,https://digitalcontent.api.tesco.com/v2/media/ghs/98ea2c0e-959c-4a2f-8fb1-f1bbf26236e9/446b40a4-538f-4db3-a89e-58ec8fffce61_365244449.jpeg?h=225&w=225,
254889872,Camp Chicory & Coffee 241Ml Bottle,https://www.tesco.com/groceries/en-GB/shop/drinks/all?department=Hot%20Chocolate%20%26%20Malted%20Drinks&viewAll=department&page=,£1.80,£0.75/100ml,,,/groceries/en-GB/products/254889872,https://digitalcontent.api.tesco.com/v2/media/ghs/5529c829-047e-4adf-b138-e4653d74c35f/2ae01673-cb22-444e-9633-56e518070153_635735035.jpeg?h=225&w=225,
256821016,Options Instant Belgian Chocolate Sachet 11G,https://www.tesco.com/groceries/en-GB/shop/drinks/all?department=Hot%20Chocolate%20%26%20Malted%20Drinks&viewAll=department&page=,£0.40,£3.64/100g,,,/groceries/en-GB/products/256821016,https://digitalcontent.api.tesco.com/v2/media/ghs/94685137-1234-4fbb-bdd3-91a42da39710/bfa197c7-ec9d-4f01-b67a-eb20ebd77c20_1222231627.jpeg?h=225&w=225,
258304516,Horlicks Instant Malt Drink 32G,https://www.tesco.com/groceries/en-GB/shop/drinks/all?department=Hot%20Chocolate%20%26%20Malted%20Drinks&viewAll=department&page=,£0.35,£1.10/100g,,,/groceries/en-GB/products/258304516,https://digitalcontent.api.tesco.com/v2/media/ghs/f2a6990c-896b-4f8e-8b7f-71b3a00063f1/9e64ffd1-eb22-492d-8784-f65e5b15bbd6_1834222531.jpeg?h=225&w=225,
309197558,Naturya Organic Hot Chocolate 250G,https://www.tesco.com/groceries/en-GB/shop/drinks/all?department=Hot%20Chocolate%20%26%20Malted%20Drinks&viewAll=department&page=,£4.50,£1.80/100g,,,/groceries/en-GB/products/309197558,https://digitalcontent.api.tesco.com/v2/media/ghs/75c5440f-156d-487f-a2eb-06bcce4bae89/4deeb790-1c1c-4fff-8e12-3b8cbc3f557a_36678154.jpeg?h=225&w=225,
309177185,Galaxy Vegan Instant Hot Chocolate 250G,https://www.tesco.com/groceries/en-GB/shop/drinks/all?department=Hot%20Chocolate%20%26%20Malted%20Drinks&viewAll=department&page=,£3.00,£1.20/100g,,,/groceries/en-GB/products/309177185,https://digitalcontent.api.tesco.com/v2/media/ghs/1a9bfef0-c3f7-4361-9237-08e63f593dc5/ef63efaf-6561-45f0-8f96-c8f30be20f23_1455688041.jpeg?h=225&w=225,
309184003,Horlicks Vegan Malt Drink 400G,https://www.tesco.com/groceries/en-GB/shop/drinks/all?department=Hot%20Chocolate%20%26%20Malted%20Drinks&viewAll=department&page=,£4.00,£1.00/100g,£3.00 Clubcard Price,,/groceries/en-GB/products/309184003,https://digitalcontent.api.tesco.com/v2/media/ghs/fd5f2b0d-1968-4053-a56a-ac8a37a79b74/43d2cea2-87be-4dfe-8235-2be9332068e7_2144073339.jpeg?h=225&w=225,
310666976,Tesco Finest Belgian Hot Chocolate Flakes 200G,https://www.tesco.com/groceries/en-GB/shop/drinks/all?department=Hot%20Chocolate%20%26%20Malted%20Drinks&viewAll=department&page=,£2.50,£1.25/100g,,,/groceries/en-GB/products/310666976,https://digitalcontent.api.tesco.com/v2/media/ghs/27193bfb-5ebf-44b1-a250-3dcbaef76d5f/5d9a6427-a90b-483b-a6e4-3bbc5c22268f_172505369.jpeg?h=225&w=225,
300400500,Tesco Finest Santo Domingo Hot Chocolate 250G,https://www.tesco.com/groceries/en-GB/shop/drinks/all?department=Hot%20Chocolate%20%26%20Malted%20Drinks&viewAll=department&page=,£2.25,£0.90/100g,,,/groceries/en-GB/products/300400500,https://digitalcontent.api.tesco.com/v2/media/ghs/e60e4506-f7fb-4cbc-a490-d5332632e969/b75ae030-3db4-49e2-8cd5-5cbef2cc9ffe_1817121732.jpeg?h=225&w=225,
309496475,Tesco Vanilla Dusting 80G,https://www.tesco.com/groceries/en-GB/shop/drinks/all?department=Hot%20Chocolate%20%26%20Malted%20Drinks&viewAll=department&page=,£1.00,£1.25/100g,,,/groceries/en-GB/products/309496475,https://digitalcontent.api.tesco.com/v2/media/ghs/3ef68776-5a94-4bd1-b3ff-c798910058a5/93282753-155b-4733-b132-f8512709ac66_452140182.jpeg?h=225&w=225,
299964806,Asahi Super Dry 12 X 330Ml,https://www.tesco.com/groceries/en-GB/shop/drinks/all?department=Beer%20%26%20Cider&viewAll=department&page=,£16.00,£4.05/litre,,New,/groceries/en-GB/products/299964806,https://digitalcontent.api.tesco.com/v2/media/ghs/299f2a1f-641f-4f9b-bec4-d4a36419aa81/b965f497-c19c-4853-a4d8-c92046ec4261_926052236.jpeg?h=225&w=225,
310160324,Birra Moretti 10 X 330Ml,https://www.tesco.com/groceries/en-GB/shop/drinks/all?department=Beer%20%26%20Cider&viewAll=department&page=,£10.50,£3.19/litre,£8.00 Clubcard Price,,/groceries/en-GB/products/310160324,https://digitalcontent.api.tesco.com/v2/media/ghs/96baee60-b86d-418e-8235-c55dd09749be/de3a2d5b-8d59-437c-a0f0-09cc6f15e9ee_140024477.jpeg?h=225&w=225,
311228857,Angelo Poretti Premium Italian Lager 12 X 330Ml,https://www.tesco.com/groceries/en-GB/shop/drinks/all?department=Beer%20%26%20Cider&viewAll=department&page=,£14.00,£3.54/litre,£10.00 Clubcard Price,,/groceries/en-GB/products/311228857,https://digitalcontent.api.tesco.com/v2/media/ghs/63a178d6-f86f-4058-8578-358b1f6b09fc/09884f10-859a-4c25-9cf2-31070a82a12f_1072500529.jpeg?h=225&w=225,
293285283,Corona Extra 18 X 330Ml,https://www.tesco.com/groceries/en-GB/shop/drinks/all?department=Beer%20%26%20Cider&viewAll=department&page=,£15.99,£2.70/litre,,,/groceries/en-GB/products/293285283,https://digitalcontent.api.tesco.com/v2/media/ghs/2a1dcecf-fe04-42ba-8678-2b85e74e63e6/217d9acb-8590-426a-bb8b-4aae8d8ef46a_612135107.jpeg?h=225&w=225,
268607379,Crofters Apple Cider 5% 2L,https://www.tesco.com/groceries/en-GB/shop/drinks/all?department=Beer%20%26%20Cider&viewAll=department&page=,£2.30,£1.15/litre,,,/groceries/en-GB/products/268607379,https://digitalcontent.api.tesco.com/v2/media/ghs/852ffe27-0a67-451d-96be-d1c4a5ed5b85/09a3ee6d-c6d7-41f7-ac53-1469c9ca8e38_276965189.jpeg?h=225&w=225,
307351788,Stella Artois Lager 10X440ml,https://www.tesco.com/groceries/en-GB/shop/drinks/all?department=Beer%20%26%20Cider&viewAll=department&page=,£10.49,£2.39/litre,£8.00 Clubcard Price,,/groceries/en-GB/products/307351788,https://digitalcontent.api.tesco.com/v2/media/ghs/1b092135-38ad-4e52-be81-e49de17a3603/bdcd0897-c186-48de-ad8d-67047421f236_1872247118.jpeg?h=225&w=225,
271062350,San Miguel 12 X 330Ml,https://www.tesco.com/groceries/en-GB/shop/drinks/all?department=Beer%20%26%20Cider&viewAll=department&page=,£9.99,£2.53/litre,Aldi Price Match,,/groceries/en-GB/products/271062350,https://digitalcontent.api.tesco.com/v2/media/ghs/01ac4ef9-5ee2-4c4b-8454-5cade38e9318/cb4a198f-4c95-4563-815b-c186cf59145f.jpeg?h=225&w=225,
252007906,Fullers London Pride 500Ml,https://www.tesco.com/groceries/en-GB/shop/drinks/all?department=Beer%20%26%20Cider&viewAll=department&page=,£1.90,£3.80/litre,Any 4 for £6 Clubcard Price - Selected Beers 250ml - 500ml,,/groceries/en-GB/products/252007906,https://digitalcontent.api.tesco.com/v2/media/ghs/e0ca65e0-4bb6-441b-be7b-5edb2ccc45cb/1f0c00e9-adda-4d9e-9a5c-d25a7789131f_390305643.jpeg?h=225&w=225,
312220746,Peroni Nastro Azzurro Lager Beer 500Ml,https://www.tesco.com/groceries/en-GB/shop/drinks/all?department=Beer%20%26%20Cider&viewAll=department&page=,£2.20,£4.40/litre,Any 3 for £5 Clubcard Price - Selected Beers 330ml - 710ml,,/groceries/en-GB/products/312220746,https://digitalcontent.api.tesco.com/v2/media/ghs/2c903eba-b469-4a66-b3e5-fb11014319e5/832cf4e0-1375-4dee-bb84-87e253306b65_602147386.jpeg?h=225&w=225,
280607586,Old Speckled Hen 500Ml,https://www.tesco.com/groceries/en-GB/shop/drinks/all?department=Beer%20%26%20Cider&viewAll=department&page=,£1.70,£3.40/litre,Any 4 for £6 Clubcard Price - Selected Beers 250ml - 500ml,,/groceries/en-GB/products/280607586,https://digitalcontent.api.tesco.com/v2/media/ghs/0cd429a4-3a24-4128-bb41-8d5d3cb1e906/973bd83e-6432-493a-9b2e-819781d1f079_194029973.jpeg?h=225&w=225,
295724216,Cobra Indian Premium Lager 620Ml,https://www.tesco.com/groceries/en-GB/shop/drinks/all?department=Beer%20%26%20Cider&viewAll=department&page=,£2.30,£3.71/litre,Any 3 for £5 Clubcard Price - Selected Beers 330ml - 710ml,,/groceries/en-GB/products/295724216,https://digitalcontent.api.tesco.com/v2/media/ghs/78b81068-f3ec-4efe-8c6f-b9187c293d55/6150bb22-3359-4e52-8c38-813f2502a041_1533531648.jpeg?h=225&w=225,
282391317,Guinness Draught Can 10X440ml,https://www.tesco.com/groceries/en-GB/shop/drinks/all?department=Beer%20%26%20Cider&viewAll=department&page=,£13.50,£3.07/litre,£10.00 Clubcard Price,,/groceries/en-GB/products/282391317,https://digitalcontent.api.tesco.com/v2/media/ghs/5aa60992-bb93-4e00-bf00-36541501403d/snapshotimagehandler_879212090.jpeg?h=225&w=225,
273320825,Staropramen 660Ml,https://www.tesco.com/groceries/en-GB/shop/drinks/all?department=Beer%20%26%20Cider&viewAll=department&page=,£2.25,£3.41/litre,Any 3 for £5 Clubcard Price - Selected Beers 330ml - 710ml,,/groceries/en-GB/products/273320825,https://digitalcontent.api.tesco.com/v2/media/ghs/4be638e5-db3c-4dde-9f29-e646758e2c65/eef6711f-3780-47f0-9b5f-9f0f77f58dcc_559798929.jpeg?h=225&w=225,
258288808,Birra Moretti 660Ml,https://www.tesco.com/groceries/en-GB/shop/drinks/all?department=Beer%20%26%20Cider&viewAll=department&page=,£2.35,£3.57/litre,Any 3 for £5 Clubcard Price - Selected Beers 330ml - 710ml,,/groceries/en-GB/products/258288808,https://digitalcontent.api.tesco.com/v2/media/ghs/991dac0c-0cd3-4586-81ea-ee1d4dd6a88a/a424418f-4db1-457b-bf62-55c4d96f97a9_2066173575.jpeg?h=225&w=225,
258256048,Bishops Finger Strong Ale 500Ml Bottle,https://www.tesco.com/groceries/en-GB/shop/drinks/all?department=Beer%20%26%20Cider&viewAll=department&page=,£1.29,£2.58/litre,Aldi Price Match,,/groceries/en-GB/products/258256048,https://digitalcontent.api.tesco.com/v2/media/ghs/f595b598-b2db-4586-b2b2-7bf1705e54a7/b46251bf-15ba-4088-a0cc-c8d2a707c403_1976320120.jpeg?h=225&w=225,
275566116,Budweiser 15X300ml,https://www.tesco.com/groceries/en-GB/shop/drinks/all?department=Beer%20%26%20Cider&viewAll=department&page=,£11.00,£2.45/litre,£9.00 Clubcard Price,,/groceries/en-GB/products/275566116,https://digitalcontent.api.tesco.com/v2/media/ghs/fee660ae-4c93-4382-a093-96f2e86319ac/d0388489-6e0e-4289-b5f2-0c76de40e8e6.jpeg?h=225&w=225,
273614795,Adnams Ghost Ship 500Ml,https://www.tesco.com/groceries/en-GB/shop/drinks/all?department=Beer%20%26%20Cider&viewAll=department&page=,£1.80,£3.60/litre,Any 4 for £6 Clubcard Price - Selected Beers 250ml - 500ml,,/groceries/en-GB/products/273614795,https://digitalcontent.api.tesco.com/v2/media/ghs/fddf9f31-c986-4fcd-875a-33687f54bc96/5d544590-d972-4cce-81f0-688d996bb2b7_115233352.jpeg?h=225&w=225,
257054657,Timothy Taylor Landlord Pale Ale 500Ml,https://www.tesco.com/groceries/en-GB/shop/drinks/all?department=Beer%20%26%20Cider&viewAll=department&page=,£2.00,£4.00/litre,Any 4 for £6 Clubcard Price - Selected Beers 250ml - 500ml,,/groceries/en-GB/products/257054657,https://digitalcontent.api.tesco.com/v2/media/ghs/2535f258-b1f4-42e4-b8e1-ba2455fec6f1/dc8e255d-9d58-4a4e-a67c-79808e6ced24_402747769.jpeg?h=225&w=225,
312208290,Brooklyn Brewery Pilsner 660Ml,https://www.tesco.com/groceries/en-GB/shop/drinks/all?department=Beer%20%26%20Cider&viewAll=department&page=,£2.20,£3.34/litre,Any 3 for £5 Clubcard Price - Selected Beers 330ml - 710ml,,/groceries/en-GB/products/312208290,https://digitalcontent.api.tesco.com/v2/media/ghs/8b6f89ee-183f-43f9-bcb8-b378c049bcf0/f746eced-c012-44c5-ba24-0e277f850bcc_136029080.jpeg?h=225&w=225,
311204059,Madri Excepcional Premium Lager 660Ml,https://www.tesco.com/groceries/en-GB/shop/drinks/all?department=Beer%20%26%20Cider&viewAll=department&page=,£2.25,£3.41/litre,Any 3 for £5 Clubcard Price - Selected Beers 330ml - 710ml,,/groceries/en-GB/products/311204059,https://digitalcontent.api.tesco.com/v2/media/ghs/741a9a04-b5f2-4f9c-a3c8-8ce7b098ca5d/65ef6a71-a3d6-4871-b724-17a5dabd3729_849948491.jpeg?h=225&w=225,
301839544,San Miguel Lager 10X440ml Can,https://www.tesco.com/groceries/en-GB/shop/drinks/all?department=Beer%20%26%20Cider&viewAll=department&page=,£11.00,£2.50/litre,£9.00 Clubcard Price,,/groceries/en-GB/products/301839544,https://digitalcontent.api.tesco.com/v2/media/ghs/42a8492a-3a23-4c19-870e-299ea3265dcf/6bd56b18-10ff-47a4-96a2-074b2a59a59d.jpeg?h=225&w=225,
311779271,Stella Artois Unfiltered Lager Beer 620Ml,https://www.tesco.com/groceries/en-GB/shop/drinks/all?department=Beer%20%26%20Cider&viewAll=department&page=,£2.20,£3.55/litre,Any 3 for £5 Clubcard Price - Selected Beers 330ml - 710ml,,/groceries/en-GB/products/311779271,https://digitalcontent.api.tesco.com/v2/media/ghs/f9efbea1-45d6-4666-af65-cc3104c1e7e3/c60bb4fd-8666-4876-a865-e7fdfefbe188_1781415427.jpeg?h=225&w=225,
307345928,Stella Artois Lager 18X440ml,https://www.tesco.com/groceries/en-GB/shop/drinks/all?department=Beer%20%26%20Cider&viewAll=department&page=,£16.99,£2.15/litre,£14.00 Clubcard Price,,/groceries/en-GB/products/307345928,https://digitalcontent.api.tesco.com/v2/media/ghs/35ab4f15-22e2-4c97-a97b-1b48e6b28a5f/078c51f5-d534-48df-9669-360e99ddff88_772439294.jpeg?h=225&w=225,
312698088,Ashfield Original Bitter 4 X 440Ml,https://www.tesco.com/groceries/en-GB/shop/drinks/all?department=Beer%20%26%20Cider&viewAll=department&page=,£1.15,£0.65/litre,,New,/groceries/en-GB/products/312698088,https://digitalcontent.api.tesco.com/v2/media/ghs-mktg/b0b04216-fa73-466d-a9d7-c9fcfa1ce9b3/no-image.jpeg,
270965544,Banks's Amber Bitter 500Ml,https://www.tesco.com/groceries/en-GB/shop/drinks/all?department=Beer%20%26%20Cider&viewAll=department&page=,£0.89,£1.78/litre,Aldi Price Match,,/groceries/en-GB/products/270965544,https://digitalcontent.api.tesco.com/v2/media/ghs/0416a100-eaaf-4c04-a287-e49f0f61b875/c25ec552-e9bf-400c-a6ff-27dfc3236ce2_1173446874.jpeg?h=225&w=225,
259591645,Old Crafty Hen 500Ml,https://www.tesco.com/groceries/en-GB/shop/drinks/all?department=Beer%20%26%20Cider&viewAll=department&page=,£2.00,£4.00/litre,Any 4 for £6 Clubcard Price - Selected Beers 250ml - 500ml,,/groceries/en-GB/products/259591645,https://digitalcontent.api.tesco.com/v2/media/ghs/37583438-307b-4521-8be8-17e9abe6ae36/ed518028-7ded-4750-b142-f483002cadda_1389844204.jpeg?h=225&w=225,
305964763,Strongbow Original Cider 18 X 440Ml,https://www.tesco.com/groceries/en-GB/shop/drinks/all?department=Beer%20%26%20Cider&viewAll=department&page=,£12.99,£1.65/litre,£10.00 Clubcard Price,,/groceries/en-GB/products/305964763,https://digitalcontent.api.tesco.com/v2/media/ghs/abf93f09-caec-40d0-a7de-9bcba1685b6e/9dd88084-e1b7-4cf7-a8d6-376d68ba90f7_1054631551.jpeg?h=225&w=225,
300544335,Fosters Lager Beer 18 Pack 440Ml,https://www.tesco.com/groceries/en-GB/shop/drinks/all?department=Beer%20%26%20Cider&viewAll=department&page=,£13.99,£1.77/litre,£11.00 Clubcard Price,,/groceries/en-GB/products/300544335,https://digitalcontent.api.tesco.com/v2/media/ghs/3fbb0063-b449-4501-ba90-730ca4c6ab45/06d9774d-e27d-4291-a3ba-12d2f5cb6745.jpeg?h=225&w=225,
303759382,Carlsberg Pilsner 18X440ml Can,https://www.tesco.com/groceries/en-GB/shop/drinks/all?department=Beer%20%26%20Cider&viewAll=department&page=,£11.99,£1.52/litre,£10.00 Clubcard Price,,/groceries/en-GB/products/303759382,https://digitalcontent.api.tesco.com/v2/media/ghs/7a29db42-1ab0-4e97-9afe-3b7be92b0a31/c159758a-aba2-4dc3-8e08-3152d6970308_16775043.jpeg?h=225&w=225,
302305570,Kronenbourg 1664 Beer 15 X 440Ml,https://www.tesco.com/groceries/en-GB/shop/drinks/all?department=Beer%20%26%20Cider&viewAll=department&page=,£10.00,£1.52/litre,,,/groceries/en-GB/products/302305570,https://digitalcontent.api.tesco.com/v2/media/ghs/3ad907be-feaf-42c0-862d-bd71bc463636/1117b32a-9d00-43b7-a142-a6ded3f4ed50_1208222906.jpeg?h=225&w=225,
295220887,Carling Lager 18X440ml,https://www.tesco.com/groceries/en-GB/shop/drinks/all?department=Beer%20%26%20Cider&viewAll=department&page=,£13.99,£1.77/litre,£10.00 Clubcard Price,,/groceries/en-GB/products/295220887,https://digitalcontent.api.tesco.com/v2/media/ghs/297228d1-2dfd-41db-901d-c0ba137c5ae5/ce96814b-3cdf-4847-94e1-88236f9fde1b.jpeg?h=225&w=225,
299970666,Budweiser 20 Pack 300Ml,https://www.tesco.com/groceries/en-GB/shop/drinks/all?department=Beer%20%26%20Cider&viewAll=department&page=,£13.49,£2.25/litre,£10.00 Clubcard Price,,/groceries/en-GB/products/299970666,https://digitalcontent.api.tesco.com/v2/media/ghs/99b7b959-7737-464d-bb81-5e7acd556dbd/13dc6cc3-3000-43d8-8c81-9e22b7cb3a13.jpeg?h=225&w=225,
300616239,Heineken Lager Beer 15 X 440Ml,https://www.tesco.com/groceries/en-GB/shop/drinks/all?department=Beer%20%26%20Cider&viewAll=department&page=,£14.35,£2.18/litre,,,/groceries/en-GB/products/300616239,https://digitalcontent.api.tesco.com/v2/media/ghs/1d83b330-2df0-4fcf-b533-d0d3f85bd00d/113a8b9b-fbb6-485f-bfb8-0e5f0541d546.jpeg?h=225&w=225,
307344774,Stella Artois Lager 20X284ml,https://www.tesco.com/groceries/en-GB/shop/drinks/all?department=Beer%20%26%20Cider&viewAll=department&page=,£14.00,£2.47/litre,,,/groceries/en-GB/products/307344774,https://digitalcontent.api.tesco.com/v2/media/ghs/7bf43ad1-37f1-4df8-a3fa-1bca23220792/a582cfbc-3ea4-4f6a-8766-42567cd8c389_896126625.jpeg?h=225&w=225,
312340157,Peroni Nastro Azzurro Lager Beer 12X330ml,https://www.tesco.com/groceries/en-GB/shop/drinks/all?department=Beer%20%26%20Cider&viewAll=department&page=,£16.50,£4.17/litre,,,/groceries/en-GB/products/312340157,https://digitalcontent.api.tesco.com/v2/media/ghs/fde7278a-d6b0-4d24-8917-151534c3711a/6a973966-ea29-4a7b-ba1a-eab90945ef7d_1657755485.jpeg?h=225&w=225,
312227186,Peroni Nastro Azzurro Lager Beer 18X330ml,https://www.tesco.com/groceries/en-GB/shop/drinks/all?department=Beer%20%26%20Cider&viewAll=department&page=,£23.00,£3.88/litre,£18.00 Clubcard Price,,/groceries/en-GB/products/312227186,https://digitalcontent.api.tesco.com/v2/media/ghs/6d6f2397-8002-45ca-a01e-49d2e6ebd3f9/655bd885-c3eb-4ddc-83fe-990f54163d3d_2066499737.jpeg?h=225&w=225,
294190721,Birra Moretti Italian Lager 6 X 330Ml Cans,https://www.tesco.com/groceries/en-GB/shop/drinks/all?department=Beer%20%26%20Cider&viewAll=department&page=,£6.75,£3.41/litre,,,/groceries/en-GB/products/294190721,https://digitalcontent.api.tesco.com/v2/media/ghs/2199598b-b3cf-4b72-9eeb-12986d21830f/96e6899d-e802-4a31-a130-1707866e0773_2024174467.jpeg?h=225&w=225,
276797820,John Smiths Extra Smooth 18X440ml Cans,https://www.tesco.com/groceries/en-GB/shop/drinks/all?department=Beer%20%26%20Cider&viewAll=department&page=,£16.00,£2.03/litre,£14.00 Clubcard Price,,/groceries/en-GB/products/276797820,https://digitalcontent.api.tesco.com/v2/media/ghs/f1642a8b-82db-438d-9599-9eb1c552a242/6e0d6575-faee-4608-ab62-031e65e9a17b.jpeg?h=225&w=225,
307751279,Guinness 0.0% Alcohol Free Draught Stout 4X440ml,https://www.tesco.com/groceries/en-GB/shop/drinks/all?department=Beer%20%26%20Cider&viewAll=department&page=,£4.50,£2.56/litre,,,/groceries/en-GB/products/307751279,https://digitalcontent.api.tesco.com/v2/media/ghs/b274bc15-e7d9-47f7-9981-9c851c48b02d/5fda1ff3-7a09-4cef-aa75-8848a7107d4e_191966965.jpeg?h=225&w=225,
307746949,Stella Artois Premium Lager 4 X 568Ml,https://www.tesco.com/groceries/en-GB/shop/drinks/all?department=Beer%20%26%20Cider&viewAll=department&page=,£5.75,£2.54/litre,Aldi Price Match,,/groceries/en-GB/products/307746949,https://digitalcontent.api.tesco.com/v2/media/ghs/cde207d8-320e-4074-945e-e1cc2d6c132b/4084d50e-b13d-44fd-af8e-d4bfbd00988e_2078461451.jpeg?h=225&w=225,
280116542,Coors 20 X 330Ml,https://www.tesco.com/groceries/en-GB/shop/drinks/all?department=Beer%20%26%20Cider&viewAll=department&page=,£14.00,£2.13/litre,£12.00 Clubcard Price,,/groceries/en-GB/products/280116542,https://digitalcontent.api.tesco.com/v2/media/ghs/a4dcc9cd-462d-4aa1-9d0b-8595469cb997/b464bdbd-4646-48f0-b110-bf3187683bca.jpeg?h=225&w=225,
262597364,Aspall Draught Apple Cyder 500Ml Bottle,https://www.tesco.com/groceries/en-GB/shop/drinks/all?department=Beer%20%26%20Cider&viewAll=department&page=,£2.20,£4.40/litre,Any 3 for £5 Clubcard Price - Selected Beers 330ml - 710ml,,/groceries/en-GB/products/262597364,https://digitalcontent.api.tesco.com/v2/media/ghs/66c05b44-beb7-4f3c-8a84-e8a5244c8c9d/d30f6638-a3f7-4d8f-9df6-fc13b3762e51_134679393.jpeg?h=225&w=225,
277258576,Thatchers Gold Cider 10X440ml Can,https://www.tesco.com/groceries/en-GB/shop/drinks/all?department=Beer%20%26%20Cider&viewAll=department&page=,£9.00,£2.05/litre,£8.00 Clubcard Price,,/groceries/en-GB/products/277258576,https://digitalcontent.api.tesco.com/v2/media/ghs/6efa47c2-22d3-49b6-b0ad-296d7c5dec43/effba26d-0ef6-4d00-9c63-eafe5fed92a0.jpeg?h=225&w=225,
312090377,Brooklyn Pilsner Lager Beer 6 X 330Ml,https://www.tesco.com/groceries/en-GB/shop/drinks/all?department=Beer%20%26%20Cider&viewAll=department&page=,£6.00,£3.04/litre,£5.00 Clubcard Price,,/groceries/en-GB/products/312090377,https://digitalcontent.api.tesco.com/v2/media/ghs/f212d2a0-36ce-4e42-8f0a-75b77d2aad9a/82479322-139e-4cac-990c-fb90b88f4200_843787618.jpeg?h=225&w=225,
251325796,Henry Westons Vintage Cider 500Ml Bottle,https://www.tesco.com/groceries/en-GB/shop/drinks/all?department=Beer%20%26%20Cider&viewAll=department&page=,£2.20,£4.40/litre,Any 3 for £5 Clubcard Price - Selected Beers 330ml - 710ml,,/groceries/en-GB/products/251325796,https://digitalcontent.api.tesco.com/v2/media/ghs/0d1a5d43-d5c3-4df8-888f-a5a0c51b94f0/ad644a4f-962c-4b98-8dff-a15eb009912a_557585949.jpeg?h=225&w=225,
257810454,Aspall Premium Cru Apple Cyder 500Ml Bottle,https://www.tesco.com/groceries/en-GB/shop/drinks/all?department=Beer%20%26%20Cider&viewAll=department&page=,£2.20,£4.40/litre,Any 3 for £5 Clubcard Price - Selected Beers 330ml - 710ml,,/groceries/en-GB/products/257810454,https://digitalcontent.api.tesco.com/v2/media/ghs/a364e7ef-edcd-4712-b8a0-515f03595aac/119bfd5e-abd1-4a5b-a4a9-4c8323b4f94a_2073787461.jpeg?h=225&w=225,
279725314,Whitstable Bay Pale Ale 500Ml,https://www.tesco.com/groceries/en-GB/shop/drinks/all?department=Beer%20%26%20Cider&viewAll=department&page=,£1.70,£3.40/litre,Any 4 for £6 Clubcard Price - Selected Beers 250ml - 500ml,,/groceries/en-GB/products/279725314,https://digitalcontent.api.tesco.com/v2/media/ghs/a5c8a955-57d8-4354-8200-0fc4fbd1563f/a43fde17-08b7-4395-98bc-622c2a0da4e5_1546194807.jpeg?h=225&w=225,
301885125,Adnams Ghost Ship Bottle Beer 0.5% 500Ml,https://www.tesco.com/groceries/en-GB/shop/drinks/all?department=Beer%20%26%20Cider&viewAll=department&page=,£1.30,£2.60/litre,,,/groceries/en-GB/products/301885125,https://digitalcontent.api.tesco.com/v2/media/ghs/820ebde4-372c-450c-a693-6e366c657264/b8081666-3ff5-4d9e-aeff-74b2305b24c8_1791497491.jpeg?h=225&w=225,
262589306,Kopparberg Alcohol Free Pear Cider 500Ml,https://www.tesco.com/groceries/en-GB/shop/drinks/all?department=Beer%20%26%20Cider&viewAll=department&page=,£1.30,£2.60/litre,,,/groceries/en-GB/products/262589306,https://digitalcontent.api.tesco.com/v2/media/ghs/94074abd-152d-4357-a8a4-1efcca0a502e/c06efe10-c485-4cb2-b352-ac83f733b057_478148822.jpeg?h=225&w=225,
256595496,Tesco Apple Cider 4X440ml Can,https://www.tesco.com/groceries/en-GB/shop/drinks/all?department=Beer%20%26%20Cider&viewAll=department&page=,£2.50,£1.43/litre,,,/groceries/en-GB/products/256595496,https://digitalcontent.api.tesco.com/v2/media/ghs/cb8b32f7-62a0-4853-a19d-b68925074ac2/fc998296-03ac-4bc3-9b13-e1ca8a65046a.jpeg?h=225&w=225,
250337121,Spitfire Premium Ale 500Ml Bottle,https://www.tesco.com/groceries/en-GB/shop/drinks/all?department=Beer%20%26%20Cider&viewAll=department&page=,£1.35,£2.70/litre,Aldi Price Match,,/groceries/en-GB/products/250337121,https://digitalcontent.api.tesco.com/v2/media/ghs/ad4afa7b-13a3-4609-b40f-ac00c317107e/f0e97a5d-7800-4e3b-a8ed-875ae6c55819_1087146177.jpeg?h=225&w=225,
280608562,Old Speckled Hen Can 4 X 500Ml,https://www.tesco.com/groceries/en-GB/shop/drinks/all?department=Beer%20%26%20Cider&viewAll=department&page=,£4.75,£2.38/litre,Aldi Price Match,,/groceries/en-GB/products/280608562,https://digitalcontent.api.tesco.com/v2/media/ghs/edd88646-5d96-4766-8248-397171516253/02ea0645-354c-4b5c-90ca-6091968a64aa_829771099.jpeg?h=225&w=225,
251821197,Erdinger Weissbier 500Ml,https://www.tesco.com/groceries/en-GB/shop/drinks/all?department=Beer%20%26%20Cider&viewAll=department&page=,£1.80,£3.60/litre,Any 4 for £6 Clubcard Price - Selected Beers 250ml - 500ml,,/groceries/en-GB/products/251821197,https://digitalcontent.api.tesco.com/v2/media/ghs/6918f5ad-dd20-4ad3-9700-c64abaf2ce14/7815c770-7f89-4424-ac96-605e89d4474b_590410833.jpeg?h=225&w=225,
255238490,Guinness Original 500Ml,https://www.tesco.com/groceries/en-GB/shop/drinks/all?department=Beer%20%26%20Cider&viewAll=department&page=,£1.80,£3.60/litre,Any 4 for £6 Clubcard Price - Selected Beers 250ml - 500ml,,/groceries/en-GB/products/255238490,https://digitalcontent.api.tesco.com/v2/media/ghs/3a372931-76c7-4e26-bb44-433d7b586bd3/e4374ee1-f79e-4a90-b58f-5a0f3047a34d_943575273.jpeg?h=225&w=225,
256981471,Hobgoblin Ruby 500Ml,https://www.tesco.com/groceries/en-GB/shop/drinks/all?department=Beer%20%26%20Cider&viewAll=department&page=,£1.39,£2.78/litre,Aldi Price Match,,/groceries/en-GB/products/256981471,https://digitalcontent.api.tesco.com/v2/media/ghs/6deffcaa-ba70-4b07-b645-93320869e6d6/45cb7f13-c591-4c14-9b3d-8c15ffb16cb5_437106595.jpeg?h=225&w=225,
312827962,Kopparberg Premium Cider Spiced Blackberry 500Ml,https://www.tesco.com/groceries/en-GB/shop/drinks/all?department=Beer%20%26%20Cider&viewAll=department&page=,£2.20,£4.40/litre,Any 3 for £5 Clubcard Price - Selected Beers 330ml - 710ml,,/groceries/en-GB/products/312827962,https://digitalcontent.api.tesco.com/v2/media/ghs/4f21cd90-a67b-4ad4-983b-a1b6a7e0fb9d/957e8bef-3a2e-4ef0-a299-9e6315c277ce_1150253088.jpeg?h=225&w=225,
264792757,St Austell Proper Job Ale 500Ml,https://www.tesco.com/groceries/en-GB/shop/drinks/all?department=Beer%20%26%20Cider&viewAll=department&page=,£1.59,£3.18/litre,,,/groceries/en-GB/products/264792757,https://digitalcontent.api.tesco.com/v2/media/ghs/0380bbcf-f038-48a7-9a4d-fe675b3a1e9d/c5dc975e-80b5-4f81-a2a9-c9c3573b2910_774648530.jpeg?h=225&w=225,
263928001,San Miguel 660Ml,https://www.tesco.com/groceries/en-GB/shop/drinks/all?department=Beer%20%26%20Cider&viewAll=department&page=,£1.79,£2.72/litre,Aldi Price Match,,/groceries/en-GB/products/263928001,https://digitalcontent.api.tesco.com/v2/media/ghs/d1049de4-776b-4dbd-a51d-01f95e47a667/9ff7ee70-8973-4e21-a971-f0d15b7339ad_75186385.jpeg?h=225&w=225,
252007866,Fullers Esb 500Ml Bottle,https://www.tesco.com/groceries/en-GB/shop/drinks/all?department=Beer%20%26%20Cider&viewAll=department&page=,£1.70,£3.40/litre,Any 4 for £6 Clubcard Price - Selected Beers 250ml - 500ml,,/groceries/en-GB/products/252007866,https://digitalcontent.api.tesco.com/v2/media/ghs/cd020d37-1f07-4062-8641-01476bfdc21e/e93ac7d7-b7b8-45f4-a8f7-9cd606ff1efa_1472239450.jpeg?h=225&w=225,
255237427,Newcastle Brown Ale Bottle 550Ml,https://www.tesco.com/groceries/en-GB/shop/drinks/all?department=Beer%20%26%20Cider&viewAll=department&page=,£1.59,£2.90/litre,Aldi Price Match,,/groceries/en-GB/products/255237427,https://digitalcontent.api.tesco.com/v2/media/ghs/a3d0a935-1d3d-4d0d-9ce9-d658730b7f48/aab11d49-3e80-4f40-a167-b583ad8fb489_1223539555.jpeg?h=225&w=225,
310099541,Thatchers Blood Orange Cider 500Ml,https://www.tesco.com/groceries/en-GB/shop/drinks/all?department=Beer%20%26%20Cider&viewAll=department&page=,£2.20,£4.40/litre,Any 3 for £5 Clubcard Price - Selected Beers 330ml - 710ml,,/groceries/en-GB/products/310099541,https://digitalcontent.api.tesco.com/v2/media/ghs/a1328155-43fe-40af-b2c6-441a1c2f8a45/2ec3bb5f-3425-4a2d-8089-f9cdb2bd3e25_918023511.jpeg?h=225&w=225,
251113004,Theakston Old Peculier Ale Bottle 500Ml,https://www.tesco.com/groceries/en-GB/shop/drinks/all?department=Beer%20%26%20Cider&viewAll=department&page=,£1.69,£3.38/litre,Aldi Price Match,,/groceries/en-GB/products/251113004,https://digitalcontent.api.tesco.com/v2/media/ghs/6c25e169-631a-413c-afe0-819f45a924ae/46bd81ee-d61b-4642-86ef-a83e56ee9edd_1383162644.jpeg?h=225&w=225,
292915750,Biere D'or 10 X 250Ml,https://www.tesco.com/groceries/en-GB/shop/drinks/all?department=Beer%20%26%20Cider&viewAll=department&page=,£3.90,£1.56/litre,,,/groceries/en-GB/products/292915750,https://digitalcontent.api.tesco.com/v2/media/ghs/b956318f-6307-4fe3-8fb8-a0ad79ce29ca/343669ce-b87e-4933-ae48-a8fb757f0f45.jpeg?h=225&w=225,
250621372,Adnams Broadside Ale 500Ml,https://www.tesco.com/groceries/en-GB/shop/drinks/all?department=Beer%20%26%20Cider&viewAll=department&page=,£1.80,£3.60/litre,Any 4 for £6 Clubcard Price - Selected Beers 250ml - 500ml,,/groceries/en-GB/products/250621372,https://digitalcontent.api.tesco.com/v2/media/ghs/67bfc994-9c77-4ac5-bfb1-f78b7c6d0f9c/38ad2c80-c9c4-4704-85a1-bfcccc4692df_1116346602.jpeg?h=225&w=225,
250906669,Mcewans Champion Ale 500Ml Bottle,https://www.tesco.com/groceries/en-GB/shop/drinks/all?department=Beer%20%26%20Cider&viewAll=department&page=,£1.65,£3.30/litre,Aldi Price Match,,/groceries/en-GB/products/250906669,https://digitalcontent.api.tesco.com/v2/media/ghs/4fbb857c-bf97-42a8-ad28-2f3f32a43df5/54ed5a41-bf96-429b-b743-f13ea43a6b66_1320225810.jpeg?h=225&w=225,
267193309,Greene King Abbot Reserve 500Ml,https://www.tesco.com/groceries/en-GB/shop/drinks/all?department=Beer%20%26%20Cider&viewAll=department&page=,£2.00,£4.00/litre,Any 4 for £6 Clubcard Price - Selected Beers 250ml - 500ml,,/groceries/en-GB/products/267193309,https://digitalcontent.api.tesco.com/v2/media/ghs/ce2ab66d-fe3c-485e-ac42-0c9385634db9/ea9cffa1-9c71-4b6b-a753-29ed5b174afc_103997687.jpeg?h=225&w=225,
262615586,Corona Extra 12X330ml Mexico Light & Easy,https://www.tesco.com/groceries/en-GB/shop/drinks/all?department=Beer%20%26%20Cider&viewAll=department&page=,£11.49,£2.91/litre,£9.00 Clubcard Price,,/groceries/en-GB/products/262615586,https://digitalcontent.api.tesco.com/v2/media/ghs-mktg/b0b04216-fa73-466d-a9d7-c9fcfa1ce9b3/no-image.jpeg,
290773107,Birra Moretti Lager Beer 12X330ml,https://www.tesco.com/groceries/en-GB/shop/drinks/all?department=Beer%20%26%20Cider&viewAll=department&page=,£15.00,£3.79/litre,,,/groceries/en-GB/products/290773107,https://digitalcontent.api.tesco.com/v2/media/ghs/3e437809-821b-4b1c-835a-90af9729f0a0/7371943c-86ee-4903-8f3e-b7da2ace83f8.jpeg?h=225&w=225,
309743575,Budweiser Lager 18 X 440Ml,https://www.tesco.com/groceries/en-GB/shop/drinks/all?department=Beer%20%26%20Cider&viewAll=department&page=,£14.99,£1.90/litre,,,/groceries/en-GB/products/309743575,https://digitalcontent.api.tesco.com/v2/media/ghs/56a3684f-4ccd-4d30-a5c6-d41b01e8f7cc/e470c312-0195-44e9-847c-a9aab9233970_1318888611.jpeg?h=225&w=225,
263042455,Erdinger Alkoholfrei 0.5% 500Ml,https://www.tesco.com/groceries/en-GB/shop/drinks/all?department=Beer%20%26%20Cider&viewAll=department&page=,£1.50,£3.00/litre,,,/groceries/en-GB/products/263042455,https://digitalcontent.api.tesco.com/v2/media/ghs/3eecdfb5-4b16-449f-aa63-081660268638/42a71a80-570a-4a6a-b9cf-7b6017585571_827410789.jpeg?h=225&w=225,
287572211,San Miguel 0.0% Alcohol 4X330ml,https://www.tesco.com/groceries/en-GB/shop/drinks/all?department=Beer%20%26%20Cider&viewAll=department&page=,£3.70,£2.81/litre,,,/groceries/en-GB/products/287572211,https://digitalcontent.api.tesco.com/v2/media/ghs/e126d150-eff5-42da-a0b5-0dadf2e44177/0a89a001-b8b3-4b37-adc6-96c83395e3a5.jpeg?h=225&w=225,
271487584,Becks Blue Alcohol Free 15X275ml,https://www.tesco.com/groceries/en-GB/shop/drinks/all?department=Beer%20%26%20Cider&viewAll=department&page=,£7.99,£1.94/litre,Aldi Price Match,,/groceries/en-GB/products/271487584,https://digitalcontent.api.tesco.com/v2/media/ghs/fb9e0057-c640-47ef-bb2b-23e87a3bf8f5/f6900d3d-9492-4ced-94a2-3b78afb220b2.jpeg?h=225&w=225,
289531666,Hobgoblin Gold Can 4X500ml,https://www.tesco.com/groceries/en-GB/shop/drinks/all?department=Beer%20%26%20Cider&viewAll=department&page=,£4.25,£2.13/litre,,,/groceries/en-GB/products/289531666,https://digitalcontent.api.tesco.com/v2/media/ghs/f9be9768-d263-48a2-a230-818de6ad690a/79cb74e9-5fbb-4991-a354-7e0ee3180a1b.jpeg?h=225&w=225,
295710175,Heineken 0.0 Alcohol Free Lager 6X330ml,https://www.tesco.com/groceries/en-GB/shop/drinks/all?department=Beer%20%26%20Cider&viewAll=department&page=,£4.25,£2.15/litre,,,/groceries/en-GB/products/295710175,https://digitalcontent.api.tesco.com/v2/media/ghs/10f28f01-2fbd-4f0f-b8d6-1a68d8702ab4/0b0dc97a-eb4a-40b2-8c0f-0e8155913b94.jpeg?h=225&w=225,
312344542,Victoria Malaga Beer 6X330ml,https://www.tesco.com/groceries/en-GB/shop/drinks/all?department=Beer%20%26%20Cider&viewAll=department&page=,£6.50,£3.29/litre,£5.00 Clubcard Price,,/groceries/en-GB/products/312344542,https://digitalcontent.api.tesco.com/v2/media/ghs/739a012a-4514-48ed-88b6-5d5cb01834d8/f9337974-e3cb-4755-8457-d912e679d857_1153343411.jpeg?h=225&w=225,
257521151,Abbot Ale 500Ml,https://www.tesco.com/groceries/en-GB/shop/drinks/all?department=Beer%20%26%20Cider&viewAll=department&page=,£2.00,£4.00/litre,Any 4 for £6 Clubcard Price - Selected Beers 250ml - 500ml,,/groceries/en-GB/products/257521151,https://digitalcontent.api.tesco.com/v2/media/ghs/60e5f4ff-6c5f-41ba-845e-5a14a5a83a9e/550199c6-1751-4ccb-ad0b-5fc698978a0a_1085790130.jpeg?h=225&w=225,
266416926,Crabbies Alcoholic Ginger Beer 500Ml,https://www.tesco.com/groceries/en-GB/shop/drinks/all?department=Beer%20%26%20Cider&viewAll=department&page=,£1.70,£3.40/litre,Any 4 for £6 Clubcard Price - Selected Beers 250ml - 500ml,,/groceries/en-GB/products/266416926,https://digitalcontent.api.tesco.com/v2/media/ghs/f12f4174-c0cd-4c8c-9003-0076f50f6578/7d250903-93a6-4943-b960-7190b984606e_657558513.jpeg?h=225&w=225,
251443235,Badger Golden Champion Ale 500Ml Bottle,https://www.tesco.com/groceries/en-GB/shop/drinks/all?department=Beer%20%26%20Cider&viewAll=department&page=,£2.00,£4.00/litre,Any 4 for £6 Clubcard Price - Selected Beers 250ml - 500ml,,/groceries/en-GB/products/251443235,https://digitalcontent.api.tesco.com/v2/media/ghs/ae06a116-2f9a-4ce1-a56e-914e28b99a8c/7ce3bac9-8156-4d1e-a6f0-4b52e111e860_814525141.jpeg?h=225&w=225,
302274075,Shipyard Low Tide Pale Ale 500Ml,https://www.tesco.com/groceries/en-GB/shop/drinks/all?department=Beer%20%26%20Cider&viewAll=department&page=,£1.30,£2.60/litre,£1.00 Clubcard Price,,/groceries/en-GB/products/302274075,https://digitalcontent.api.tesco.com/v2/media/ghs/cfd8f939-5ab6-4663-b804-a33889c880fd/e61a68f4-8daa-4ce3-aa56-32b1b9018936_773899147.jpeg?h=225&w=225,
291116568,Warsteiner Premium Lager 660Ml,https://www.tesco.com/groceries/en-GB/shop/drinks/all?department=Beer%20%26%20Cider&viewAll=department&page=,£2.20,£3.34/litre,Any 3 for £5 Clubcard Price - Selected Beers 330ml - 710ml,,/groceries/en-GB/products/291116568,https://digitalcontent.api.tesco.com/v2/media/ghs/7460533f-7526-466a-9c76-e28b9dde92f3/89d6725a-046e-46c0-be5c-8532605178a5_673922807.jpeg?h=225&w=225,
279750807,Oakham Ales Citra 500Ml,https://www.tesco.com/groceries/en-GB/shop/drinks/all?department=Beer%20%26%20Cider&viewAll=department&page=,£1.80,£3.60/litre,Any 4 for £6 Clubcard Price - Selected Beers 250ml - 500ml,,/groceries/en-GB/products/279750807,https://digitalcontent.api.tesco.com/v2/media/ghs/e8123c99-ded1-4a15-94cc-a8992d8c630a/7ed2e6e7-ee25-47d6-a99c-96ce0a97629c_567216020.jpeg?h=225&w=225,
250053638,Badger Fursty Ferret 500Ml,https://www.tesco.com/groceries/en-GB/shop/drinks/all?department=Beer%20%26%20Cider&viewAll=department&page=,£2.00,£4.00/litre,Any 4 for £6 Clubcard Price - Selected Beers 250ml - 500ml,,/groceries/en-GB/products/250053638,https://digitalcontent.api.tesco.com/v2/media/ghs/a7964e24-04bf-4bd5-b69c-b4ef865b49ab/8e4f5dad-1fdd-4dc3-be52-0bdc0d27606e_689852596.jpeg?h=225&w=225,
266667686,Kopparberg Strawberry & Lime 500Ml Bottle,https://www.tesco.com/groceries/en-GB/shop/drinks/all?department=Beer%20%26%20Cider&viewAll=department&page=,£2.20,£4.40/litre,Any 3 for £5 Clubcard Price - Selected Beers 330ml - 710ml,,/groceries/en-GB/products/266667686,https://digitalcontent.api.tesco.com/v2/media/ghs/78a6bb46-c8e2-4315-8ac9-e66ab7fe2ca8/26cc18a0-886d-4d8a-89ef-bfc58caee98a_1864002252.jpeg?h=225&w=225,
255238599,Draught Guinness 4X440ml Cans,https://www.tesco.com/groceries/en-GB/shop/drinks/all?department=Beer%20%26%20Cider&viewAll=department&page=,£4.75,£2.70/litre,Aldi Price Match,,/groceries/en-GB/products/255238599,https://digitalcontent.api.tesco.com/v2/media/ghs/3013139c-edca-4a26-a5ed-9cd3e6bd2601/84858266-d66a-43f0-906d-534917d4871d.jpeg?h=225&w=225,
285939732,Sharp's Atlantic Pale Ale 500Ml,https://www.tesco.com/groceries/en-GB/shop/drinks/all?department=Beer%20%26%20Cider&viewAll=department&page=,£2.25,£4.50/litre,Any 4 for £6 Clubcard Price - Selected Beers 250ml - 500ml,,/groceries/en-GB/products/285939732,https://digitalcontent.api.tesco.com/v2/media/ghs/f51a467c-8ae7-4fc3-a2aa-e6932b709040/502c500b-f984-4efc-9b59-58d74a37ce05_1054719685.jpeg?h=225&w=225,
270972772,King Goblin Beer 500Ml,https://www.tesco.com/groceries/en-GB/shop/drinks/all?department=Beer%20%26%20Cider&viewAll=department&page=,£1.80,£3.60/litre,Any 4 for £6 Clubcard Price - Selected Beers 250ml - 500ml,,/groceries/en-GB/products/270972772,https://digitalcontent.api.tesco.com/v2/media/ghs/9d8d4470-8441-47cc-86a5-256bcead6989/3c98457a-6991-4ce4-9cad-c4a9ff845122_1930230876.jpeg?h=225&w=225,
293089960,Crumpton Oaks Apple Cider 500Ml Bottle,https://www.tesco.com/groceries/en-GB/shop/drinks/all?department=Beer%20%26%20Cider&viewAll=department&page=,£0.85,£1.70/litre,,,/groceries/en-GB/products/293089960,https://digitalcontent.api.tesco.com/v2/media/ghs/0b3efbed-cc03-42c4-bc65-cd66d2dfe7a1/1c8035ed-578d-40fd-87f4-507ad528afef_858610136.jpeg?h=225&w=225,
262019572,Cornish Rattler Apple Cider 500Ml Bottle,https://www.tesco.com/groceries/en-GB/shop/drinks/all?department=Beer%20%26%20Cider&viewAll=department&page=,£2.20,£4.40/litre,Any 3 for £5 Clubcard Price - Selected Beers 330ml - 710ml,,/groceries/en-GB/products/262019572,https://digitalcontent.api.tesco.com/v2/media/ghs/16024b24-fb42-459f-a0b9-5b814e00d6af/ed8a4ee5-96c4-4428-9ef6-00ea0a0efcc4_2042428955.jpeg?h=225&w=225,
257855994,Black Sheep Ale 500Ml Bottle,https://www.tesco.com/groceries/en-GB/shop/drinks/all?department=Beer%20%26%20Cider&viewAll=department&page=,£1.49,£2.98/litre,Aldi Price Match,,/groceries/en-GB/products/257855994,https://digitalcontent.api.tesco.com/v2/media/ghs/ce7ae983-5dae-4452-a3a9-fc0ae5cd7958/f5054f16-d551-46e7-bcd4-269980c3da6d_231123429.jpeg?h=225&w=225,
278654762,Bavaria 4.3% Premium Beer 500Ml,https://www.tesco.com/groceries/en-GB/shop/drinks/all?department=Beer%20%26%20Cider&viewAll=department&page=,£1.00,£2.00/litre,,,/groceries/en-GB/products/278654762,https://digitalcontent.api.tesco.com/v2/media/ghs/d8b777b2-d22e-42fd-956d-ac9031c05af6/snapshotimagehandler_1114594713.jpeg?h=225&w=225,
294017180,Estrella Damm Bottles 12X330ml,https://www.tesco.com/groceries/en-GB/shop/drinks/all?department=Beer%20%26%20Cider&viewAll=department&page=,£15.00,£3.79/litre,,,/groceries/en-GB/products/294017180,https://digitalcontent.api.tesco.com/v2/media/ghs/c45cf78e-40cd-42df-8808-5171bd69f0e5/4bc92da5-85e1-4d07-b74a-b882fb2ab2f3.jpeg?h=225&w=225,
305832574,Heineken Alcohol Free Beer 12 X 330Ml,https://www.tesco.com/groceries/en-GB/shop/drinks/all?department=Beer%20%26%20Cider&viewAll=department&page=,£9.60,£2.43/litre,,,/groceries/en-GB/products/305832574,https://digitalcontent.api.tesco.com/v2/media/ghs/ed5c21ac-2033-4361-9cef-d9f4ea0a5446/b80ca90a-fde5-41c9-8a9d-b1d5b0857f2a_434036916.jpeg?h=225&w=225,
278653665,Strongbow Dark Fruit Cider 10X440ml Can,https://www.tesco.com/groceries/en-GB/shop/drinks/all?department=Beer%20%26%20Cider&viewAll=department&page=,£11.00,£2.50/litre,,,/groceries/en-GB/products/278653665,https://digitalcontent.api.tesco.com/v2/media/ghs/ee6c77b2-63d3-4988-ba6b-66e39272a27b/bd63d85f-8368-4f08-bd05-43235d5a8d49.jpeg?h=225&w=225,
309459756,Fosters Lager Beer 10X440ml,https://www.tesco.com/groceries/en-GB/shop/drinks/all?department=Beer%20%26%20Cider&viewAll=department&page=,£9.00,£2.05/litre,,,/groceries/en-GB/products/309459756,https://digitalcontent.api.tesco.com/v2/media/ghs/72080a9a-5efc-4942-acb0-8547d88d212c/876ec7d8-9d5f-4946-8d95-d7f51c5c9846.jpeg?h=225&w=225,
307143689,Brewdog Punk Ipa 12X330ml,https://www.tesco.com/groceries/en-GB/shop/drinks/all?department=Beer%20%26%20Cider&viewAll=department&page=,£15.00,£3.79/litre,£13.00 Clubcard Price,,/groceries/en-GB/products/307143689,https://digitalcontent.api.tesco.com/v2/media/ghs/c22c7cd2-eb91-41e8-a629-f3213883751e/8f5446fe-3e01-439f-a3ac-773027c5b9be_1839930874.jpeg?h=225&w=225,
253607419,Carling 10X440ml,https://www.tesco.com/groceries/en-GB/shop/drinks/all?department=Beer%20%26%20Cider&viewAll=department&page=,£8.99,£2.05/litre,,,/groceries/en-GB/products/253607419,https://digitalcontent.api.tesco.com/v2/media/ghs/44708251-4f39-4b66-8824-8df6659b7b68/0974d6f7-1e0e-4963-bab4-693c6cf9f3a4.jpeg?h=225&w=225,
307347460,Stella Artois Lager 12X284ml,https://www.tesco.com/groceries/en-GB/shop/drinks/all?department=Beer%20%26%20Cider&viewAll=department&page=,£7.99,£2.35/litre,Aldi Price Match,,/groceries/en-GB/products/307347460,https://digitalcontent.api.tesco.com/v2/media/ghs/4185871a-7bfe-4377-838e-960e7d2d6628/fefd7436-7752-4ad4-86d4-77fa1ee2612b_1925418013.jpeg?h=225&w=225,
309765186,Asahi Super Dry Lager 500Ml,https://www.tesco.com/groceries/en-GB/shop/drinks/all?department=Beer%20%26%20Cider&viewAll=department&page=,£2.20,£4.40/litre,Any 3 for £5 Clubcard Price - Selected Beers 330ml - 710ml,,/groceries/en-GB/products/309765186,https://digitalcontent.api.tesco.com/v2/media/ghs/9aa00b57-0302-4d40-beac-9a2a0b808d70/ae4c9e6f-b318-4f25-b45b-b7c1ecd52366_1875838489.jpeg?h=225&w=225,
289539773,Hobgoblin Ruby Cans 4X500ml,https://www.tesco.com/groceries/en-GB/shop/drinks/all?department=Beer%20%26%20Cider&viewAll=department&page=,£4.25,£2.13/litre,,,/groceries/en-GB/products/289539773,https://digitalcontent.api.tesco.com/v2/media/ghs/15cd2b20-da2f-42f4-95e9-5c927dc58f40/cfceaff0-da47-4d23-afb9-26fd32ce8f5b.jpeg?h=225&w=225,
285958559,Kingfisher Lager Beer 650Ml,https://www.tesco.com/groceries/en-GB/shop/drinks/all?department=Beer%20%26%20Cider&viewAll=department&page=,£2.20,£3.39/litre,Any 3 for £5 Clubcard Price - Selected Beers 330ml - 710ml,,/groceries/en-GB/products/285958559,https://digitalcontent.api.tesco.com/v2/media/ghs/7a7ec375-9db7-4d81-891d-8b00f243bd20/d47a3270-ad13-4090-a05b-783ede08b1d1_1359275067.jpeg?h=225&w=225,
271029235,Shepherd Neame 1698 500Ml,https://www.tesco.com/groceries/en-GB/shop/drinks/all?department=Beer%20%26%20Cider&viewAll=department&page=,£1.80,£3.60/litre,Any 4 for £6 Clubcard Price - Selected Beers 250ml - 500ml,,/groceries/en-GB/products/271029235,https://digitalcontent.api.tesco.com/v2/media/ghs/ebf16817-77c1-4b76-a523-7d181cb9f478/e514b97c-cfc3-47ac-8d2e-6db9615e190e_101732798.jpeg?h=225&w=225,
253412701,Abbot Ale Strong Bitter 4X500ml Cans,https://www.tesco.com/groceries/en-GB/shop/drinks/all?department=Beer%20%26%20Cider&viewAll=department&page=,£4.99,£2.50/litre,Aldi Price Match,,/groceries/en-GB/products/253412701,https://digitalcontent.api.tesco.com/v2/media/ghs/84fb457f-001b-4f0a-ac6f-22b4c513984c/0f3b212e-6879-43db-981b-69d7df3f082e.jpeg?h=225&w=225,
289531326,Shipyard American Ipa 500Ml,https://www.tesco.com/groceries/en-GB/shop/drinks/all?department=Beer%20%26%20Cider&viewAll=department&page=,£1.80,£3.60/litre,Any 4 for £6 Clubcard Price - Selected Beers 250ml - 500ml,,/groceries/en-GB/products/289531326,https://digitalcontent.api.tesco.com/v2/media/ghs/93948514-3476-4a92-9ab8-a45500b0c3b7/38904e90-58e3-4e14-bb27-cc083a381e84_2007802253.jpeg?h=225&w=225,
285592017,Tesco Pear Cider 4X440ml,https://www.tesco.com/groceries/en-GB/shop/drinks/all?department=Beer%20%26%20Cider&viewAll=department&page=,£2.50,£1.43/litre,,,/groceries/en-GB/products/285592017,https://digitalcontent.api.tesco.com/v2/media/ghs/5ba59b98-598f-4d1b-b137-d83216bdfd22/bc9ae65d-dcb1-41de-b38f-7b8ef908c526.jpeg?h=225&w=225,
268745347,Kopparberg Mixed Fruit Cider 12X330ml Can,https://www.tesco.com/groceries/en-GB/shop/drinks/all?department=Beer%20%26%20Cider&viewAll=department&page=,£12.00,£3.04/litre,£10.00 Clubcard Price,,/groceries/en-GB/products/268745347,https://digitalcontent.api.tesco.com/v2/media/ghs/5c4e5c8f-da9b-455e-b135-a516a2b2e5c3/6628aab7-7222-4859-957e-2118355e62e1.jpeg?h=225&w=225,
268732702,Rekorderlig Wild Berries Cider 500Ml Bottle,https://www.tesco.com/groceries/en-GB/shop/drinks/all?department=Beer%20%26%20Cider&viewAll=department&page=,£2.20,£4.40/litre,Any 3 for £5 Clubcard Price - Selected Beers 330ml - 710ml,,/groceries/en-GB/products/268732702,https://digitalcontent.api.tesco.com/v2/media/ghs/f70edf6c-66a1-47e1-b714-c08c9aabd9f0/64f721c0-4361-44cc-942e-086d00b92837_1777300814.jpeg?h=225&w=225,
265261941,Fosters 4X440ml,https://www.tesco.com/groceries/en-GB/shop/drinks/all?department=Beer%20%26%20Cider&viewAll=department&page=,£3.85,£2.19/litre,Aldi Price Match,,/groceries/en-GB/products/265261941,https://digitalcontent.api.tesco.com/v2/media/ghs/78e1a492-78fb-4a1a-83a2-43104c8e38b1/61b1551b-23a0-4034-8b68-7348353253d3.jpeg?h=225&w=225,
253110315,Thatchers Katy Cider 500Ml Bottle,https://www.tesco.com/groceries/en-GB/shop/drinks/all?department=Beer%20%26%20Cider&viewAll=department&page=,£2.20,£4.40/litre,Any 3 for £5 Clubcard Price - Selected Beers 330ml - 710ml,,/groceries/en-GB/products/253110315,https://digitalcontent.api.tesco.com/v2/media/ghs/d527292e-30cd-43ac-8727-5a15b35253bd/0b2520f4-4fe7-4259-b2f8-1454525d73e0_337850771.jpeg?h=225&w=225,
295724660,Coors 15X440ml,https://www.tesco.com/groceries/en-GB/shop/drinks/all?department=Beer%20%26%20Cider&viewAll=department&page=,£14.00,£2.13/litre,£10.00 Clubcard Price,,/groceries/en-GB/products/295724660,https://digitalcontent.api.tesco.com/v2/media/ghs/4f56276a-9fac-4bea-bf88-a9440682e8ce/c92b5deb-2358-4d5c-b8a1-789dd3a92a12.jpeg?h=225&w=225,
264019091,Wainwright The Golden Beer 500Ml,https://www.tesco.com/groceries/en-GB/shop/drinks/all?department=Beer%20%26%20Cider&viewAll=department&page=,£1.59,£3.18/litre,,,/groceries/en-GB/products/264019091,https://digitalcontent.api.tesco.com/v2/media/ghs/e7c387f5-3229-4489-801d-bccdcc721237/65888c5d-5af4-4640-b082-65f9753042f7_1910040804.jpeg?h=225&w=225,
264079462,Kopparberg Mixed Fruit Cider 500Ml Bottle,https://www.tesco.com/groceries/en-GB/shop/drinks/all?department=Beer%20%26%20Cider&viewAll=department&page=,£2.20,£4.40/litre,Any 3 for £5 Clubcard Price - Selected Beers 330ml - 710ml,,/groceries/en-GB/products/264079462,https://digitalcontent.api.tesco.com/v2/media/ghs/543f8465-bda7-4753-a504-61ec35a6a4e1/c3eff456-53a8-4057-8494-7fd9f31fa4af_203479255.jpeg?h=225&w=225,
282483255,Old Speckled Hen Can 10X440ml,https://www.tesco.com/groceries/en-GB/shop/drinks/all?department=Beer%20%26%20Cider&viewAll=department&page=,£10.50,£2.39/litre,£9.50 Clubcard Price,,/groceries/en-GB/products/282483255,https://digitalcontent.api.tesco.com/v2/media/ghs/ebeb86d8-fd7d-40eb-ba9f-2bf2886d437c/b0ca3b0d-5a95-4a5b-aabd-1ed2c94d2508_2124452292.jpeg?h=225&w=225,
301914639,Sheppy's Low Alcohol Classic Cider 0.5% 500Ml,https://www.tesco.com/groceries/en-GB/shop/drinks/all?department=Beer%20%26%20Cider&viewAll=department&page=,£1.30,£2.60/litre,,,/groceries/en-GB/products/301914639,https://digitalcontent.api.tesco.com/v2/media/ghs/c8c8ff09-b7b3-4dcf-bf1b-2cfea5ab3bff/b93c52ea-c668-482a-97bc-17d527237352_1191064711.jpeg?h=225&w=225,
307755374,Stella Artois Lager Beer 660Ml,https://www.tesco.com/groceries/en-GB/shop/drinks/all?department=Beer%20%26%20Cider&viewAll=department&page=,£1.95,£2.96/litre,Any 3 for £5 Clubcard Price - Selected Beers 330ml - 710ml,,/groceries/en-GB/products/307755374,https://digitalcontent.api.tesco.com/v2/media/ghs/9e53cf0f-9957-4393-96bc-268e825c7fea/f81021b4-96d0-43e9-8d76-9ccc9c9e5d5c_1463295727.jpeg?h=225&w=225,
255218992,Heineken Lager 650Ml Bottle,https://www.tesco.com/groceries/en-GB/shop/drinks/all?department=Beer%20%26%20Cider&viewAll=department&page=,£2.00,£3.08/litre,Any 3 for £5 Clubcard Price - Selected Beers 330ml - 710ml,,/groceries/en-GB/products/255218992,https://digitalcontent.api.tesco.com/v2/media/ghs/4641f3e0-b6b4-45fc-a0f4-c7da8dbc19c5/c3466388-1ca8-4c99-a95d-b51c12f2e13b_387552971.jpeg?h=225&w=225,
283845523,Hobgoblin Gold 500Ml,https://www.tesco.com/groceries/en-GB/shop/drinks/all?department=Beer%20%26%20Cider&viewAll=department&page=,£1.35,£2.70/litre,Aldi Price Match,,/groceries/en-GB/products/283845523,https://digitalcontent.api.tesco.com/v2/media/ghs/1018c24f-9eaf-479e-857b-c78ef3cc6221/99242eb5-1cd0-479a-9c3f-9bf12fecd103_661942347.jpeg?h=225&w=225,
261387643,St Austell Tribute 500Ml,https://www.tesco.com/groceries/en-GB/shop/drinks/all?department=Beer%20%26%20Cider&viewAll=department&page=,£1.59,£3.18/litre,Aldi Price Match,,/groceries/en-GB/products/261387643,https://digitalcontent.api.tesco.com/v2/media/ghs/547f2ca1-c75a-4c4c-b78c-4c20cc171a4d/46942a7a-483c-4501-aa7c-b4c3375eb7a8_1357448630.jpeg?h=225&w=225,
302274379,Sol. Original Beer 12X330ml,https://www.tesco.com/groceries/en-GB/shop/drinks/all?department=Beer%20%26%20Cider&viewAll=department&page=,£8.00,£2.03/litre,,,/groceries/en-GB/products/302274379,https://digitalcontent.api.tesco.com/v2/media/ghs/1ade421b-c92b-4ffb-88a7-5fd69f6e2f23/0f035fc5-31a9-4f1d-9d2e-0a6a1d6dd5f2_1243986103.jpeg?h=225&w=225,
306650770,Becks Lager Beer 20 X 275Ml,https://www.tesco.com/groceries/en-GB/shop/drinks/all?department=Beer%20%26%20Cider&viewAll=department&page=,£12.99,£2.37/litre,Aldi Price Match,,/groceries/en-GB/products/306650770,https://digitalcontent.api.tesco.com/v2/media/ghs/e51f1457-15a6-441d-a96d-05f15ba07a5b/81dd37b5-14d0-46bc-92d2-3cb88c290096_1849811848.jpeg?h=225&w=225,
299251884,Thatchers Haze Cider 10X440ml Can,https://www.tesco.com/groceries/en-GB/shop/drinks/all?department=Beer%20%26%20Cider&viewAll=department&page=,£9.50,£2.16/litre,,,/groceries/en-GB/products/299251884,https://digitalcontent.api.tesco.com/v2/media/ghs/903c465f-5b68-4b8d-8025-a2654626d011/89ff52d9-bdb3-4ff3-8e78-19859d558cac.jpeg?h=225&w=225,
307750039,Brewdog Lost Lager 10X440ml,https://www.tesco.com/groceries/en-GB/shop/drinks/all?department=Beer%20%26%20Cider&viewAll=department&page=,£11.00,£2.50/litre,,,/groceries/en-GB/products/307750039,https://digitalcontent.api.tesco.com/v2/media/ghs/061e3479-9628-4ea4-9bff-347855e54bd8/5dbf126f-df9d-4cf1-b684-a69707722032_1844972617.jpeg?h=225&w=225,
310168805,Corona Cero Alcohol Free Beer 4 X 330Ml,https://www.tesco.com/groceries/en-GB/shop/drinks/all?department=Beer%20%26%20Cider&viewAll=department&page=,£4.00,£3.04/litre,,,/groceries/en-GB/products/310168805,https://digitalcontent.api.tesco.com/v2/media/ghs/80a54c30-965d-4110-bf2e-4c9120f3b7ac/f8e899ec-2fd5-412e-9d3c-dc8b343df6df_446601701.jpeg?h=225&w=225,
255565729,Holsten Pils Lager 4X440ml,https://www.tesco.com/groceries/en-GB/shop/drinks/all?department=Beer%20%26%20Cider&viewAll=department&page=,£4.00,£2.28/litre,,,/groceries/en-GB/products/255565729,https://digitalcontent.api.tesco.com/v2/media/ghs/3d8ce852-f404-416a-9596-6da987740ed1/8274020d-29e7-40f2-8958-1821c03b3f07.jpeg?h=225&w=225,
275881641,Adnams Ghost Ship 4X440ml,https://www.tesco.com/groceries/en-GB/shop/drinks/all?department=Beer%20%26%20Cider&viewAll=department&page=,£5.00,£2.85/litre,,,/groceries/en-GB/products/275881641,https://digitalcontent.api.tesco.com/v2/media/ghs/742eaf9d-6e0c-43b7-8a75-fa09e8f6fb6e/3abff1a5-c4b1-40a9-8006-d5fb29af70c7.jpeg?h=225&w=225,
300228733,Sharp's Doom Bar Can 4X500ml,https://www.tesco.com/groceries/en-GB/shop/drinks/all?department=Beer%20%26%20Cider&viewAll=department&page=,£5.50,£2.75/litre,£4.50 Clubcard Price,,/groceries/en-GB/products/300228733,https://digitalcontent.api.tesco.com/v2/media/ghs/4e2d80af-a3a6-4796-80fb-5a353ce256ec/105f66b0-645f-4680-b43b-6082c076b1dc.jpeg?h=225&w=225,
307147691,Strongbow Cider 10X440ml Can,https://www.tesco.com/groceries/en-GB/shop/drinks/all?department=Beer%20%26%20Cider&viewAll=department&page=,£8.00,£1.82/litre,,,/groceries/en-GB/products/307147691,https://digitalcontent.api.tesco.com/v2/media/ghs/8d4b302a-a400-4e42-8ead-d5c152828ae1/ccb7e8bc-86ef-45a2-868d-f638cb346312_441963291.jpeg?h=225&w=225,
307141547,Brewdog Punk Ipa 4X330ml,https://www.tesco.com/groceries/en-GB/shop/drinks/all?department=Beer%20%26%20Cider&viewAll=department&page=,£5.50,£4.17/litre,,,/groceries/en-GB/products/307141547,https://digitalcontent.api.tesco.com/v2/media/ghs/c9384a12-096a-450e-af48-244dab278e78/37b21786-f1d4-4b19-8298-582ad230bcb3_305864047.jpeg?h=225&w=225,
302301516,Heineken Lager Beer 12 X 330Ml,https://www.tesco.com/groceries/en-GB/shop/drinks/all?department=Beer%20%26%20Cider&viewAll=department&page=,£12.50,£3.16/litre,£9.00 Clubcard Price,,/groceries/en-GB/products/302301516,https://digitalcontent.api.tesco.com/v2/media/ghs/d1e974ef-e880-4a88-886d-f3f43a4993bf/db6edf24-6775-4d3a-a269-7f9b5c2f7d72_1573254917.jpeg?h=225&w=225,
308085709,Sharps Doom Bar Amber Ale 10X440ml,https://www.tesco.com/groceries/en-GB/shop/drinks/all?department=Beer%20%26%20Cider&viewAll=department&page=,£11.00,£2.50/litre,£9.50 Clubcard Price,,/groceries/en-GB/products/308085709,https://digitalcontent.api.tesco.com/v2/media/ghs/077e22ce-a8dd-460a-86c3-7fb2a542bf75/6d59de9f-2441-4995-958b-eb21c68bc21a_1952699500.jpeg?h=225&w=225,
312852672,Days Alcohol Free Pale Ale 330Ml,https://www.tesco.com/groceries/en-GB/shop/drinks/all?department=Beer%20%26%20Cider&viewAll=department&page=,£1.80,£5.46/litre,,,/groceries/en-GB/products/312852672,https://digitalcontent.api.tesco.com/v2/media/ghs/c1d6a13a-e3f9-4ba8-963c-ca033447129e/86368ff1-5d75-4135-aedf-931268e0a61f_1229966525.jpeg?h=225&w=225,
312708395,Freestar 0.5% Craft Beer 330Ml,https://www.tesco.com/groceries/en-GB/shop/drinks/all?department=Beer%20%26%20Cider&viewAll=department&page=,£1.75,£5.31/litre,£1.40 Clubcard Price,,/groceries/en-GB/products/312708395,https://digitalcontent.api.tesco.com/v2/media/ghs/c077c1b9-fe5b-48e2-9f72-c53039d11ab8/1058aa8a-10e9-4065-ac52-31d93483e3d7_467170282.jpeg?h=225&w=225,
277991012,Marstons Golden Beers Mixed Ale Gift Pack 6X500ml,https://www.tesco.com/groceries/en-GB/shop/drinks/all?department=Beer%20%26%20Cider&viewAll=department&page=,£9.00,£3.00/litre,£7.50 Clubcard Price,,/groceries/en-GB/products/277991012,https://digitalcontent.api.tesco.com/v2/media/ghs/2492cfc2-3713-4fa1-a397-072de4c54e60/f6b06eec-9424-4d12-a296-2fe8f1882551.jpeg?h=225&w=225,
305729144,Doom Bar Zero Amber Ale 500Ml,https://www.tesco.com/groceries/en-GB/shop/drinks/all?department=Beer%20%26%20Cider&viewAll=department&page=,£1.50,£3.00/litre,,,/groceries/en-GB/products/305729144,https://digitalcontent.api.tesco.com/v2/media/ghs/f2c2c6ce-0fe3-40e2-8edf-43e62b241e8c/31c9458c-2dcc-4227-b619-dfd1c9a03b9e_757435996.jpeg?h=225&w=225,
297607970,Hobgoblin Ipa 500Ml,https://www.tesco.com/groceries/en-GB/shop/drinks/all?department=Beer%20%26%20Cider&viewAll=department&page=,£1.70,£3.40/litre,Any 4 for £6 Clubcard Price - Selected Beers 250ml - 500ml,,/groceries/en-GB/products/297607970,https://digitalcontent.api.tesco.com/v2/media/ghs/9d16e78b-edf8-4b79-94ed-94fe185b5803/d4221ca1-bbb7-4f93-a294-18976e5d1f9b_844762038.jpeg?h=225&w=225,
271084370,Thatchers Vintage Cider 500Ml Bottle,https://www.tesco.com/groceries/en-GB/shop/drinks/all?department=Beer%20%26%20Cider&viewAll=department&page=,£2.20,£4.40/litre,Any 3 for £5 Clubcard Price - Selected Beers 330ml - 710ml,,/groceries/en-GB/products/271084370,https://digitalcontent.api.tesco.com/v2/media/ghs/0c724fa9-e638-47a0-a786-3c6a3103144d/a9ae0988-6c16-4e53-92f8-386228d19e47_870350255.jpeg?h=225&w=225,
276797324,John Smiths Extra Smooth 4X440ml Cans,https://www.tesco.com/groceries/en-GB/shop/drinks/all?department=Beer%20%26%20Cider&viewAll=department&page=,£4.15,£2.36/litre,Aldi Price Match,,/groceries/en-GB/products/276797324,https://digitalcontent.api.tesco.com/v2/media/ghs/1af8034a-93a3-4514-84f0-1733d9625a08/65c82caf-6093-4bda-a763-b4ed23feaa9d.jpeg?h=225&w=225,
253424065,Adnams The Bitter 500Ml,https://www.tesco.com/groceries/en-GB/shop/drinks/all?department=Beer%20%26%20Cider&viewAll=department&page=,£1.80,£3.60/litre,Any 4 for £6 Clubcard Price - Selected Beers 250ml - 500ml,,/groceries/en-GB/products/253424065,https://digitalcontent.api.tesco.com/v2/media/ghs/9a0a86a4-7317-4673-97ea-925833fa8db8/83a03f6f-8ae7-475b-a65f-82b8d570e603_1362203809.jpeg?h=225&w=225,
268225531,Brothers Toffee Apple Cider 500Ml Bottle,https://www.tesco.com/groceries/en-GB/shop/drinks/all?department=Beer%20%26%20Cider&viewAll=department&page=,£2.30,£4.60/litre,Any 3 for £5 Clubcard Price - Selected Beers 330ml - 710ml,,/groceries/en-GB/products/268225531,https://digitalcontent.api.tesco.com/v2/media/ghs/59ff12d5-dee5-4cd1-a683-1aab27ca86a0/d09c7b9b-5f1d-4fdd-a94d-7bed36b491ff_710718680.jpeg?h=225&w=225,
259516961,Purity Mad Goose Pale Ale 500Ml,https://www.tesco.com/groceries/en-GB/shop/drinks/all?department=Beer%20%26%20Cider&viewAll=department&page=,£1.80,£3.60/litre,Any 4 for £6 Clubcard Price - Selected Beers 250ml - 500ml,,/groceries/en-GB/products/259516961,https://digitalcontent.api.tesco.com/v2/media/ghs/09dcf33d-055d-4f62-91f7-3670dc338274/c6f4fdb7-be4c-4102-9913-51b193e1ca67_1322900862.jpeg?h=225&w=225,
260347883,Paulaner Munich Hell Lager 500Ml,https://www.tesco.com/groceries/en-GB/shop/drinks/all?department=Beer%20%26%20Cider&viewAll=department&page=,£2.20,£4.40/litre,Any 3 for £5 Clubcard Price - Selected Beers 330ml - 710ml,,/groceries/en-GB/products/260347883,https://digitalcontent.api.tesco.com/v2/media/ghs/0a71d632-2a72-4408-b667-74b86856724f/cd9a53bc-68ca-45c1-a431-8a1692de895c_64550546.jpeg?h=225&w=225,
260342577,Sharps Doom Bar 500Ml,https://www.tesco.com/groceries/en-GB/shop/drinks/all?department=Beer%20%26%20Cider&viewAll=department&page=,£1.59,£3.18/litre,Aldi Price Match,,/groceries/en-GB/products/260342577,https://digitalcontent.api.tesco.com/v2/media/ghs/63fe9d35-eb88-4a15-b1a2-64246d1d9745/63c0d99e-0a9a-4373-9b01-6f8a5577e4a8_1505824311.jpeg?h=225&w=225,
299599046,Black Sheep Milk Stout 500Ml 4.4% Alcohol By Volume,https://www.tesco.com/groceries/en-GB/shop/drinks/all?department=Beer%20%26%20Cider&viewAll=department&page=,£1.80,£3.60/litre,Any 4 for £6 Clubcard Price - Selected Beers 250ml - 500ml,,/groceries/en-GB/products/299599046,https://digitalcontent.api.tesco.com/v2/media/ghs/bacec147-e3e4-47ac-9b84-4d3438decaa2/49d427cb-a9d4-46dc-8cb8-a7aa8cbad8dc_1711480177.jpeg?h=225&w=225,
292606534,Kronenbourg 1664 Lager 4 X 568Ml,https://www.tesco.com/groceries/en-GB/shop/drinks/all?department=Beer%20%26%20Cider&viewAll=department&page=,£5.70,£2.51/litre,,,/groceries/en-GB/products/292606534,https://digitalcontent.api.tesco.com/v2/media/ghs/ec0cb9d9-b39a-4a3c-adc4-6bb72483b0f3/52278d7c-e1cf-404a-99b5-93bb3d7f156b_1715154067.jpeg?h=225&w=225,
300554916,Ashfield British Lager 4 X 440Ml,https://www.tesco.com/groceries/en-GB/shop/drinks/all?department=Beer%20%26%20Cider&viewAll=department&page=,£2.50,£1.43/litre,,,/groceries/en-GB/products/300554916,https://digitalcontent.api.tesco.com/v2/media/ghs/39c2a02e-b538-42da-aeed-3a0f23c8948c/f424b956-4869-4b5d-aa89-1fcc1d5ada40_30866002.jpeg?h=225&w=225,
300717391,Bud Light Lager 15 X 440Ml,https://www.tesco.com/groceries/en-GB/shop/drinks/all?department=Beer%20%26%20Cider&viewAll=department&page=,£13.00,£1.97/litre,,,/groceries/en-GB/products/300717391,https://digitalcontent.api.tesco.com/v2/media/ghs/c69dfa52-4f53-438e-9675-ad877aca7bf1/750cdd7c-618e-495a-bf36-d5e069fda0cf_2059308106.jpeg?h=225&w=225,
289347337,Henry Westons Vintage Cider 6X500ml,https://www.tesco.com/groceries/en-GB/shop/drinks/all?department=Beer%20%26%20Cider&viewAll=department&page=,£9.00,£3.00/litre,,,/groceries/en-GB/products/289347337,https://digitalcontent.api.tesco.com/v2/media/ghs/1f056f22-c200-4dd0-b05c-debe7da0c8ff/80997d90-c3a3-466a-a574-2147ac8c7a04.jpeg?h=225&w=225,
308838966,Beavertown Neck Oil Session Ipa 4X330ml,https://www.tesco.com/groceries/en-GB/shop/drinks/all?department=Beer%20%26%20Cider&viewAll=department&page=,£7.50,£5.69/litre,,,/groceries/en-GB/products/308838966,https://digitalcontent.api.tesco.com/v2/media/ghs/9cf1cd81-d19d-4661-b01a-1094bcb736cf/15ebca63-9af0-4e4e-9a8d-6c74f7f9691d_1297119648.jpeg?h=225&w=225,
293673434,Bavaria 0.0% Beer 8 X 330Ml,https://www.tesco.com/groceries/en-GB/shop/drinks/all?department=Beer%20%26%20Cider&viewAll=department&page=,£5.00,£1.90/litre,,,/groceries/en-GB/products/293673434,https://digitalcontent.api.tesco.com/v2/media/ghs/4052f252-d9a7-4be0-8bc6-e265ac3658a4/2faebcd4-5328-418c-a5cd-03417bb556c3.jpeg?h=225&w=225,
300411533,Estrella Damm Lager Can 6 X 330Ml,https://www.tesco.com/groceries/en-GB/shop/drinks/all?department=Beer%20%26%20Cider&viewAll=department&page=,£7.00,£3.54/litre,£6.00 Clubcard Price,,/groceries/en-GB/products/300411533,https://digitalcontent.api.tesco.com/v2/media/ghs/2635016e-8e37-4044-8098-65364744ff07/1f70d552-4ad1-4fa6-884f-8aaa0d20b435.jpeg?h=225&w=225,
301839383,Birra Moretti Lager 4X330ml,https://www.tesco.com/groceries/en-GB/shop/drinks/all?department=Beer%20%26%20Cider&viewAll=department&page=,£5.25,£3.98/litre,£4.50 Clubcard Price,,/groceries/en-GB/products/301839383,https://digitalcontent.api.tesco.com/v2/media/ghs/06304f94-817e-48f2-9fe7-2f76eef106e4/740c1323-6e03-425f-80ea-598c0497f727.jpeg?h=225&w=225,
251442812,Greene King Ipa 4X500ml,https://www.tesco.com/groceries/en-GB/shop/drinks/all?department=Beer%20%26%20Cider&viewAll=department&page=,£4.50,£2.25/litre,,,/groceries/en-GB/products/251442812,https://digitalcontent.api.tesco.com/v2/media/ghs/3ce40ca8-7f20-4f3d-849f-5bc72092502d/db39818a-86c3-470c-ba16-8eec8caae98f.jpeg?h=225&w=225,
273706617,Marstons Classic Ales 6X500ml,https://www.tesco.com/groceries/en-GB/shop/drinks/all?department=Beer%20%26%20Cider&viewAll=department&page=,£9.00,£3.00/litre,£8.00 Clubcard Price,,/groceries/en-GB/products/273706617,https://digitalcontent.api.tesco.com/v2/media/ghs/9f4cbaf3-7e7f-40d8-9fa2-15d209878b70/3c4409f4-3ec0-4efe-bdeb-73b45b1d270e.jpeg?h=225&w=225,
282645306,San Miguel Especial Premium Lager 4X440ml,https://www.tesco.com/groceries/en-GB/shop/drinks/all?department=Beer%20%26%20Cider&viewAll=department&page=,£5.00,£2.85/litre,,,/groceries/en-GB/products/282645306,https://digitalcontent.api.tesco.com/v2/media/ghs/52c86559-f7f1-481b-8444-b63a4604c12f/415ddf5c-857a-4dbe-ba6d-a0db05af005a.jpeg?h=225&w=225,
260333277,Leffe Blonde 4X330ml Bottle Belgium Speciality,https://www.tesco.com/groceries/en-GB/shop/drinks/all?department=Beer%20%26%20Cider&viewAll=department&page=,£5.50,£4.17/litre,,,/groceries/en-GB/products/260333277,https://digitalcontent.api.tesco.com/v2/media/ghs/6ef95986-5a8d-44c5-8008-a0cb11e9f297/4bab45ae-97b2-45b3-9937-4ff27159a4fe.jpeg?h=225&w=225,
304722896,Brewdog Punk Af 4X330ml,https://www.tesco.com/groceries/en-GB/shop/drinks/all?department=Beer%20%26%20Cider&viewAll=department&page=,£4.50,£3.41/litre,,,/groceries/en-GB/products/304722896,https://digitalcontent.api.tesco.com/v2/media/ghs/0a6cfd97-4f83-4805-98f3-5f0e3b2bdf8e/000091f3-2d4f-490b-b1f0-c6c05780f19e_1334635128.jpeg?h=225&w=225,
252446829,Adnams Southwold Bitter 4 X 500Ml Cans,https://www.tesco.com/groceries/en-GB/shop/drinks/all?department=Beer%20%26%20Cider&viewAll=department&page=,£5.25,£2.63/litre,,,/groceries/en-GB/products/252446829,https://digitalcontent.api.tesco.com/v2/media/ghs/d67ae11e-7fd4-4ce2-9cf4-3563758084b8/2305c724-5c94-45f5-a625-9d4b01ff09ba.jpeg?h=225&w=225,
307745115,Brooklyn Alcohol Free Hoppy Lager 4 X 330Ml,https://www.tesco.com/groceries/en-GB/shop/drinks/all?department=Beer%20%26%20Cider&viewAll=department&page=,£4.00,£3.04/litre,,,/groceries/en-GB/products/307745115,https://digitalcontent.api.tesco.com/v2/media/ghs/7b62a21d-95cd-491e-82b3-88c41df1aca8/29617931-034d-42f0-b39f-15fba54bc9d9_158312852.jpeg?h=225&w=225,
305954003,Stella Artois Premium Alcohol Free Lager Beer 4X330ml,https://www.tesco.com/groceries/en-GB/shop/drinks/all?department=Beer%20%26%20Cider&viewAll=department&page=,£3.50,£2.66/litre,£3.00 Clubcard Price,,/groceries/en-GB/products/305954003,https://digitalcontent.api.tesco.com/v2/media/ghs/aad5cf0c-d082-4931-975c-af62624af904/d3fbfb98-cb2a-49a7-a27f-9fb441957b6a_44004634.jpeg?h=225&w=225,
311272069,Thatchers Zero Somerset Cider 500Ml,https://www.tesco.com/groceries/en-GB/shop/drinks/all?department=Beer%20%26%20Cider&viewAll=department&page=,£1.80,£3.60/litre,,,/groceries/en-GB/products/311272069,https://digitalcontent.api.tesco.com/v2/media/ghs/69859cb4-92f3-480e-99a3-4974621b364b/f7613491-867d-4636-b4ec-d7890f9d125b_718441633.jpeg?h=225&w=225,
306951886,Stowford Press Apple Cider Low Alcohol 500Ml,https://www.tesco.com/groceries/en-GB/shop/drinks/all?department=Beer%20%26%20Cider&viewAll=department&page=,£1.55,£3.10/litre,,,/groceries/en-GB/products/306951886,https://digitalcontent.api.tesco.com/v2/media/ghs/5b9d85c0-a123-4977-876e-e24218f9bddb/28e644e3-58c9-4e19-94f3-5826d79152bd_1907583919.jpeg?h=225&w=225,
310174596,Budweiser Lager Beer 12 X 300Ml,https://www.tesco.com/groceries/en-GB/shop/drinks/all?department=Beer%20%26%20Cider&viewAll=department&page=,£8.99,£2.50/litre,Aldi Price Match,,/groceries/en-GB/products/310174596,https://digitalcontent.api.tesco.com/v2/media/ghs/e0fbdb6a-e1b3-4253-8964-b55b863843c6/a528a42c-67df-4c96-a490-055c728feb51_1677324664.jpeg?h=225&w=225,
256977459,Mcewans Export 4X500ml Cans,https://www.tesco.com/groceries/en-GB/shop/drinks/all?department=Beer%20%26%20Cider&viewAll=department&page=,£4.25,£2.13/litre,Aldi Price Match,,/groceries/en-GB/products/256977459,https://digitalcontent.api.tesco.com/v2/media/ghs/5e660802-8656-44ac-98c7-0027399f492c/d8f9e6d5-aef1-4846-960a-98f5ba3dec38.jpeg?h=225&w=225,
268773405,Kopparberg Strawberry & Lime 12X330ml Can,https://www.tesco.com/groceries/en-GB/shop/drinks/all?department=Beer%20%26%20Cider&viewAll=department&page=,£12.00,£3.04/litre,£10.00 Clubcard Price,,/groceries/en-GB/products/268773405,https://digitalcontent.api.tesco.com/v2/media/ghs/4b8c9bd0-1cd3-49df-adde-493ce3dc1556/5d0fdac3-57f6-4976-bd6c-8d991a4c56e6.jpeg?h=225&w=225,
308084411,Brewdog Lost Lager 660Ml,https://www.tesco.com/groceries/en-GB/shop/drinks/all?department=Beer%20%26%20Cider&viewAll=department&page=,£2.50,£3.79/litre,Any 3 for £5 Clubcard Price - Selected Beers 330ml - 710ml,,/groceries/en-GB/products/308084411,https://digitalcontent.api.tesco.com/v2/media/ghs/15468925-4ba9-440e-853b-6416d0bd3136/90483194-1d14-4360-bb77-b8f63aaf27fc_1067316069.jpeg?h=225&w=225,
307359198,Abbot Ale 10X440ml,https://www.tesco.com/groceries/en-GB/shop/drinks/all?department=Beer%20%26%20Cider&viewAll=department&page=,£10.50,£2.39/litre,£9.50 Clubcard Price,,/groceries/en-GB/products/307359198,https://digitalcontent.api.tesco.com/v2/media/ghs/e084a2b5-7f1f-41b2-b56d-063b2c18bddd/fda3c928-31a3-400b-ba24-4ce655d6638e_2089684335.jpeg?h=225&w=225,
300483677,Lansdown West Coast Ipa 500Ml,https://www.tesco.com/groceries/en-GB/shop/drinks/all?department=Beer%20%26%20Cider&viewAll=department&page=,£1.80,£3.60/litre,Any 4 for £6 Clubcard Price - Selected Beers 250ml - 500ml,,/groceries/en-GB/products/300483677,https://digitalcontent.api.tesco.com/v2/media/ghs/3bcdf033-c7a0-42fb-9bee-434a3ceab3da/24818620-e96d-413e-9a3a-fd230a1d249f_1729487856.jpeg?h=225&w=225,
283274426,Old Mout Kiwi & Lime Cider 500Ml Bottle,https://www.tesco.com/groceries/en-GB/shop/drinks/all?department=Beer%20%26%20Cider&viewAll=department&page=,£2.20,£4.40/litre,Any 3 for £5 Clubcard Price - Selected Beers 330ml - 710ml,,/groceries/en-GB/products/283274426,https://digitalcontent.api.tesco.com/v2/media/ghs/470ff949-6960-4264-9092-ef51ff5f3372/d0c552c1-deb6-43b9-91d4-d53b1025bd03_651986661.jpeg?h=225&w=225,
310114109,Estrella Damm Beer 500Ml,https://www.tesco.com/groceries/en-GB/shop/drinks/all?department=Beer%20%26%20Cider&viewAll=department&page=,£2.20,£4.40/litre,Any 3 for £5 Clubcard Price - Selected Beers 330ml - 710ml,,/groceries/en-GB/products/310114109,https://digitalcontent.api.tesco.com/v2/media/ghs/68531d25-b7d1-4873-b3d3-a94712b758c5/5f9b8477-fd4b-4758-a064-3bc954b9356b_195544134.jpeg?h=225&w=225,
299789795,Krombacher Pils 660Ml,https://www.tesco.com/groceries/en-GB/shop/drinks/all?department=Beer%20%26%20Cider&viewAll=department&page=,£2.20,£3.34/litre,Any 3 for £5 Clubcard Price - Selected Beers 330ml - 710ml,,/groceries/en-GB/products/299789795,https://digitalcontent.api.tesco.com/v2/media/ghs/514965c2-cfff-4565-a26d-d8fbd10feff4/44d54e57-6408-4807-ac57-e8ad498e2ca7_1492306814.jpeg?h=225&w=225,
279490112,St Austell Korev 500Ml,https://www.tesco.com/groceries/en-GB/shop/drinks/all?department=Beer%20%26%20Cider&viewAll=department&page=,£2.20,£4.40/litre,Any 3 for £5 Clubcard Price - Selected Beers 330ml - 710ml,,/groceries/en-GB/products/279490112,https://digitalcontent.api.tesco.com/v2/media/ghs/82573eba-d53c-49fe-ba8e-e328e045120c/3ed38912-af35-4560-8999-22334e29cdfb_1012120745.jpeg?h=225&w=225,
311259351,Angelo Poretti 4 Hops Premium Lager 660Ml,https://www.tesco.com/groceries/en-GB/shop/drinks/all?department=Beer%20%26%20Cider&viewAll=department&page=,£2.20,£3.34/litre,Any 3 for £5 Clubcard Price - Selected Beers 330ml - 710ml,,/groceries/en-GB/products/311259351,https://digitalcontent.api.tesco.com/v2/media/ghs/937aad09-987e-4310-b2be-2208fbfc0375/b76a70e6-02f8-479a-ab69-7841d4abbefe_584700389.jpeg?h=225&w=225,
265553901,Greene King Ipa 500Ml,https://www.tesco.com/groceries/en-GB/shop/drinks/all?department=Beer%20%26%20Cider&viewAll=department&page=,£1.25,£2.50/litre,,,/groceries/en-GB/products/265553901,https://digitalcontent.api.tesco.com/v2/media/ghs/1bc4d0e8-1cd9-42b0-b41b-9f841f885589/10017bb8-c503-44e5-8582-55cef671179b_1484112476.jpeg?h=225&w=225,
257830862,Bath Ales Gem 500Ml,https://www.tesco.com/groceries/en-GB/shop/drinks/all?department=Beer%20%26%20Cider&viewAll=department&page=,£1.80,£3.60/litre,Any 4 for £6 Clubcard Price - Selected Beers 250ml - 500ml,,/groceries/en-GB/products/257830862,https://digitalcontent.api.tesco.com/v2/media/ghs/bdaae630-b5d3-4b8e-922a-c30e756f9dce/96b6f6c4-e67c-436e-8ff4-ede5023d1467_575145015.jpeg?h=225&w=225,
300542631,Desperados Tequila Flavoured Beer 12X250ml,https://www.tesco.com/groceries/en-GB/shop/drinks/all?department=Beer%20%26%20Cider&viewAll=department&page=,£12.45,£4.15/litre,,,/groceries/en-GB/products/300542631,https://digitalcontent.api.tesco.com/v2/media/ghs/3d9835f3-6d66-4246-9c13-702322f8a04c/eb4ac43a-6191-45f6-b14b-8e049fc5e1ce.jpeg?h=225&w=225,
312702424,Tiny Rebel Clwb Tropica Tropical Ipa 10X330ml,https://www.tesco.com/groceries/en-GB/shop/drinks/all?department=Beer%20%26%20Cider&viewAll=department&page=,£15.00,£4.51/litre,£13.00 Clubcard Price,,/groceries/en-GB/products/312702424,https://digitalcontent.api.tesco.com/v2/media/ghs/cef45d66-42ed-4493-8b14-c3e1711a81ab/417a392b-f12d-47d9-a993-84b1c190f8ee_1567389071.jpeg?h=225&w=225,
299356697,Brewdog Mixed Can Pack 12X330ml,https://www.tesco.com/groceries/en-GB/shop/drinks/all?department=Beer%20%26%20Cider&viewAll=department&page=,£15.00,£3.79/litre,,,/groceries/en-GB/products/299356697,https://digitalcontent.api.tesco.com/v2/media/ghs/327041b6-7c7e-45e7-bc0e-c4370403641d/7e3de616-522c-46b1-b55c-345f226eef1c_1388628586.jpeg?h=225&w=225,
312716229,Guinness Duo And Pint Glass,https://www.tesco.com/groceries/en-GB/shop/drinks/all?department=Beer%20%26%20Cider&viewAll=department&page=,£9.00,£9.00/each,,New,/groceries/en-GB/products/312716229,https://digitalcontent.api.tesco.com/v2/media/ghs/51ba665f-655e-41b0-954a-96e64228a8a9/0b290735-9ec0-4144-abe1-cedb57dc7a39_1829998847.jpeg?h=225&w=225,
313009086,Vocation Crush Hour Everyday Hazy Pale 12X330ml,https://www.tesco.com/groceries/en-GB/shop/drinks/all?department=Beer%20%26%20Cider&viewAll=department&page=,£15.00,£3.79/litre,,New,/groceries/en-GB/products/313009086,https://digitalcontent.api.tesco.com/v2/media/ghs/23720840-7b24-409f-8ed3-1c46870e9f11/d329b1d0-47d2-487f-b21d-68a61e2a6d7d_1311294991.jpeg?h=225&w=225,
284117802,Sharps Doom Bar 6X500ml,https://www.tesco.com/groceries/en-GB/shop/drinks/all?department=Beer%20%26%20Cider&viewAll=department&page=,£9.00,£3.00/litre,,,/groceries/en-GB/products/284117802,https://digitalcontent.api.tesco.com/v2/media/ghs/f9cbb12e-fe88-4c9a-ac98-0e474854331f/52bf4ed2-18c4-4928-9dad-ffca906460a9.jpeg?h=225&w=225,
312827757,Peroni Nastro Azzurro Lager 10X330ml,https://www.tesco.com/groceries/en-GB/shop/drinks/all?department=Beer%20%26%20Cider&viewAll=department&page=,£13.50,£4.10/litre,£10.00 Clubcard Price,,/groceries/en-GB/products/312827757,https://digitalcontent.api.tesco.com/v2/media/ghs/3a92bec4-40bd-41b2-96e4-eeb615f0eeb8/2ef301cd-5a57-47eb-911c-152df4fff031_1564791110.jpeg?h=225&w=225,
264501677,Carlsberg 4X568ml,https://www.tesco.com/groceries/en-GB/shop/drinks/all?department=Beer%20%26%20Cider&viewAll=department&page=,£4.40,£1.94/litre,,,/groceries/en-GB/products/264501677,https://digitalcontent.api.tesco.com/v2/media/ghs/c7e7d8b6-9782-4f72-91ea-f2f24f057ae2/6cd7b8de-5eb8-4c27-9b36-afc9cf8b58ae.jpeg?h=225&w=225,
276688264,Scrumpy Jack Apple Cider 4X440ml Can,https://www.tesco.com/groceries/en-GB/shop/drinks/all?department=Beer%20%26%20Cider&viewAll=department&page=,£4.50,£2.56/litre,,,/groceries/en-GB/products/276688264,https://digitalcontent.api.tesco.com/v2/media/ghs/7fb76955-4865-463d-90da-5d63f86cf6e6/04562c8f-bed1-42d4-a8f8-bb74acf98c6e.jpeg?h=225&w=225,
274347579,Corona 4X330ml,https://www.tesco.com/groceries/en-GB/shop/drinks/all?department=Beer%20%26%20Cider&viewAll=department&page=,£5.50,£4.17/litre,,,/groceries/en-GB/products/274347579,https://digitalcontent.api.tesco.com/v2/media/ghs/bb494f1b-b524-4dea-9359-09647b1d90be/7a97bce9-f38f-400d-8738-23089f8c4abe.jpeg?h=225&w=225,
287967211,Aspall Harry Sparrow Cider 500Ml Bottle,https://www.tesco.com/groceries/en-GB/shop/drinks/all?department=Beer%20%26%20Cider&viewAll=department&page=,£2.20,£4.40/litre,Any 3 for £5 Clubcard Price - Selected Beers 330ml - 710ml,,/groceries/en-GB/products/287967211,https://digitalcontent.api.tesco.com/v2/media/ghs/fff0e6cf-d284-4a98-af53-ea19119422dc/c4cf6d7f-89c6-477e-af93-d9f2fcaa927b_614513850.jpeg?h=225&w=225,
268732800,Rekorderlig Strawberry-Lime Cider 500Ml,https://www.tesco.com/groceries/en-GB/shop/drinks/all?department=Beer%20%26%20Cider&viewAll=department&page=,£2.20,£4.40/litre,Any 3 for £5 Clubcard Price - Selected Beers 330ml - 710ml,,/groceries/en-GB/products/268732800,https://digitalcontent.api.tesco.com/v2/media/ghs/3394e801-3f6b-4417-b984-661d9578ad8a/503d4570-6fb8-437b-9f4b-01090fd0d697_1738850917.jpeg?h=225&w=225,
260554787,Kopparberg Pear Cider 500Ml Bottle,https://www.tesco.com/groceries/en-GB/shop/drinks/all?department=Beer%20%26%20Cider&viewAll=department&page=,£2.20,£4.40/litre,Any 3 for £5 Clubcard Price - Selected Beers 330ml - 710ml,,/groceries/en-GB/products/260554787,https://digitalcontent.api.tesco.com/v2/media/ghs/b0ec85fd-b900-4b31-84b4-5dd530943deb/8dc3827d-7b6e-4ffe-bd67-6d04343660ea_1536337019.jpeg?h=225&w=225,
255235216,Budweiser Budvar 500Ml,https://www.tesco.com/groceries/en-GB/shop/drinks/all?department=Beer%20%26%20Cider&viewAll=department&page=,£2.20,£4.40/litre,Any 3 for £5 Clubcard Price - Selected Beers 330ml - 710ml,,/groceries/en-GB/products/255235216,https://digitalcontent.api.tesco.com/v2/media/ghs/39db8f04-624e-4c1e-88ff-d1e318689e59/b226db51-8c49-4e9e-814b-51adf3580ad3_858405029.jpeg?h=225&w=225,
290696187,Tyskie Polish Lager 650Ml,https://www.tesco.com/groceries/en-GB/shop/drinks/all?department=Beer%20%26%20Cider&viewAll=department&page=,£2.20,£3.39/litre,Any 3 for £5 Clubcard Price - Selected Beers 330ml - 710ml,,/groceries/en-GB/products/290696187,https://digitalcontent.api.tesco.com/v2/media/ghs/9141b7e6-2b45-40dd-95c7-1c29a95a9ab8/91d1ea45-7e34-4b24-8c9b-8cd72ec7699c_1629742594.jpeg?h=225&w=225,
250108871,Duvel 330Ml Bottle,https://www.tesco.com/groceries/en-GB/shop/drinks/all?department=Beer%20%26%20Cider&viewAll=department&page=,£2.00,£6.07/litre,,,/groceries/en-GB/products/250108871,https://digitalcontent.api.tesco.com/v2/media/ghs/3d2ea0ae-81a1-4492-8c89-2a411ccc0fb6/3e6a67f2-0bbc-44e3-b04d-8d3f3922e4be_1023259133.jpeg?h=225&w=225,
253234382,Budweiser 4X440ml,https://www.tesco.com/groceries/en-GB/shop/drinks/all?department=Beer%20%26%20Cider&viewAll=department&page=,£4.19,£2.39/litre,Aldi Price Match,,/groceries/en-GB/products/253234382,https://digitalcontent.api.tesco.com/v2/media/ghs/aaab1bf1-8f5a-49b5-a3ef-35284d929407/31807d1b-cc8d-40ed-8b80-3ae8c04ed6d6.jpeg?h=225&w=225,
273271709,Badger The Blandford Fly Ale 500Ml,https://www.tesco.com/groceries/en-GB/shop/drinks/all?department=Beer%20%26%20Cider&viewAll=department&page=,£2.00,£4.00/litre,Any 4 for £6 Clubcard Price - Selected Beers 250ml - 500ml,,/groceries/en-GB/products/273271709,https://digitalcontent.api.tesco.com/v2/media/ghs/e1c11d68-4cb9-4bcc-a213-9531bab82114/215e3b5c-90de-4d21-8e56-d116e9f92946_2031450726.jpeg?h=225&w=225,
311690530,Super Bock Lager 66Cl,https://www.tesco.com/groceries/en-GB/shop/drinks/all?department=Beer%20%26%20Cider&viewAll=department&page=,£2.45,£3.72/litre,Any 3 for £5 Clubcard Price - Selected Beers 330ml - 710ml,,/groceries/en-GB/products/311690530,https://digitalcontent.api.tesco.com/v2/media/ghs/ff6d39cb-1236-4622-b69d-eec42c3e7b2e/b4517b92-bb45-4d93-873a-0d613c4f328c_1339757494.jpeg?h=225&w=225,
273901806,Desperados 3X330ml,https://www.tesco.com/groceries/en-GB/shop/drinks/all?department=Beer%20%26%20Cider&viewAll=department&page=,£4.00,£4.05/litre,,,/groceries/en-GB/products/273901806,https://digitalcontent.api.tesco.com/v2/media/ghs/25e59772-07d1-4f94-acdf-e8843404029c/701c4e21-ae02-4da2-bde0-20dc90a58fd8.jpeg?h=225&w=225,
271028403,Erdinger Dunkel 500Ml,https://www.tesco.com/groceries/en-GB/shop/drinks/all?department=Beer%20%26%20Cider&viewAll=department&page=,£1.80,£3.60/litre,Any 4 for £6 Clubcard Price - Selected Beers 250ml - 500ml,,/groceries/en-GB/products/271028403,https://digitalcontent.api.tesco.com/v2/media/ghs/4d06b920-6d0e-4775-8657-05a9069f2446/79a35f9a-143e-49f6-8e08-d5cad6e8c794_76913752.jpeg?h=225&w=225,
292759427,Adnams Ease Up Ipa 500Ml,https://www.tesco.com/groceries/en-GB/shop/drinks/all?department=Beer%20%26%20Cider&viewAll=department&page=,£1.80,£3.60/litre,Any 4 for £6 Clubcard Price - Selected Beers 250ml - 500ml,,/groceries/en-GB/products/292759427,https://digitalcontent.api.tesco.com/v2/media/ghs/b36b63fb-a029-4663-b850-34e3a8c6e38c/329b1e56-5cf2-4f60-9eac-5379536a256a_1508391331.jpeg?h=225&w=225,
275503278,Magners Original Cider 18X440ml,https://www.tesco.com/groceries/en-GB/shop/drinks/all?department=Beer%20%26%20Cider&viewAll=department&page=,£13.00,£1.65/litre,,,/groceries/en-GB/products/275503278,https://digitalcontent.api.tesco.com/v2/media/ghs/2bd12a10-b430-4b7b-9b54-3a9add20274f/a191c4aa-ecc3-4571-a521-69fc569031bf.jpeg?h=225&w=225,
308088770,Inch's Medium Apple Cider 10 X 440Ml,https://www.tesco.com/groceries/en-GB/shop/drinks/all?department=Beer%20%26%20Cider&viewAll=department&page=,£9.00,£2.05/litre,,,/groceries/en-GB/products/308088770,https://digitalcontent.api.tesco.com/v2/media/ghs/f2aa24c7-9c4f-4cec-a785-cfba38715394/7c5cdc49-3030-4a1b-963e-8e1d498aa5c2_229849788.jpeg?h=225&w=225,
275183747,Staropramen 12X330ml,https://www.tesco.com/groceries/en-GB/shop/drinks/all?department=Beer%20%26%20Cider&viewAll=department&page=,£13.00,£3.29/litre,£11.00 Clubcard Price,,/groceries/en-GB/products/275183747,https://digitalcontent.api.tesco.com/v2/media/ghs/390e7bcf-6a93-4d1d-993f-8ceb6b57f4b5/1e512eaf-bfec-4651-8aa9-c2d3b8084418.jpeg?h=225&w=225,
307138362,Brewdog Hazy Jane New England Ipa 12X330ml,https://www.tesco.com/groceries/en-GB/shop/drinks/all?department=Beer%20%26%20Cider&viewAll=department&page=,£15.00,£3.79/litre,,,/groceries/en-GB/products/307138362,https://digitalcontent.api.tesco.com/v2/media/ghs/79377be8-ac51-4532-8fc0-ddc5ad89acf8/f372c54d-fd27-440a-88c5-44a404e5bc11_7843410.jpeg?h=225&w=225,
312342573,Peroni Nastro Azzurro Lager Beer 4X330ml,https://www.tesco.com/groceries/en-GB/shop/drinks/all?department=Beer%20%26%20Cider&viewAll=department&page=,£6.50,£4.93/litre,£5.50 Clubcard Price,,/groceries/en-GB/products/312342573,https://digitalcontent.api.tesco.com/v2/media/ghs/921a8dbd-e265-4ddf-854d-b58096e107f5/bf6ddd40-3fc2-4439-b6dd-0adaa8732bb4_547113510.jpeg?h=225&w=225,
305990489,Kopparberg Cider Plus Strawberry & Lime Alcohol Free 4X330ml,https://www.tesco.com/groceries/en-GB/shop/drinks/all?department=Beer%20%26%20Cider&viewAll=department&page=,£3.50,£2.66/litre,,,/groceries/en-GB/products/305990489,https://digitalcontent.api.tesco.com/v2/media/ghs/c7fa0d8b-f316-4790-9dbb-b7e96dbe3835/943a7851-af34-4e19-980e-6db1b0209b54_1477674465.jpeg?h=225&w=225,
308092879,Birra Moretti Zero Alcohol Free Beer 4X330ml,https://www.tesco.com/groceries/en-GB/shop/drinks/all?department=Beer%20%26%20Cider&viewAll=department&page=,£4.80,£3.64/litre,,,/groceries/en-GB/products/308092879,https://digitalcontent.api.tesco.com/v2/media/ghs/6c652fad-8f44-4aac-967a-5060e21e2974/71553ed7-5f4f-478c-94c2-d503316b449a_407892318.jpeg?h=225&w=225,
255218744,Heineken Lager 5% Cans 6 X 330Ml,https://www.tesco.com/groceries/en-GB/shop/drinks/all?department=Beer%20%26%20Cider&viewAll=department&page=,£6.30,£3.19/litre,£4.50 Clubcard Price,,/groceries/en-GB/products/255218744,https://digitalcontent.api.tesco.com/v2/media/ghs/251deae9-6f51-4754-9e1d-236985cce684/032c45f8-d1cb-4f4c-8124-1ac6dcf26982.jpeg?h=225&w=225,
262637519,Thatchers Gold Cider 4X500ml Can,https://www.tesco.com/groceries/en-GB/shop/drinks/all?department=Beer%20%26%20Cider&viewAll=department&page=,£5.10,£2.55/litre,,,/groceries/en-GB/products/262637519,https://digitalcontent.api.tesco.com/v2/media/ghs/5a4f86db-608b-412f-b1fe-6de44245b1f2/d5e54998-2dea-470d-91d2-4e4c75176dd2.jpeg?h=225&w=225,
312693306,Northern Monk Dulce De Leche Stout 440Ml,https://www.tesco.com/groceries/en-GB/shop/drinks/all?department=Beer%20%26%20Cider&viewAll=department&page=,£5.00,£11.37/litre,,New,/groceries/en-GB/products/312693306,https://digitalcontent.api.tesco.com/v2/media/ghs/57d5e724-863b-4bd0-8be0-4b3d285882e2/505d3fdb-e620-4f7e-ba0d-84b93054a6fa_1295315914.jpeg?h=225&w=225,
310697305,Thatchers Blood Orange Cider 4 X 440Ml,https://www.tesco.com/groceries/en-GB/shop/drinks/all?department=Beer%20%26%20Cider&viewAll=department&page=,£5.50,£3.13/litre,,New,/groceries/en-GB/products/310697305,https://digitalcontent.api.tesco.com/v2/media/ghs/a2d6655a-ea75-4b06-bf40-fe6d3451909d/4bf4e018-7663-4006-8689-724827fae9df_2098511916.jpeg?h=225&w=225,
253222966,Guinness Original 12X440ml,https://www.tesco.com/groceries/en-GB/shop/drinks/all?department=Beer%20%26%20Cider&viewAll=department&page=,£13.50,£2.56/litre,£11.75 Clubcard Price,,/groceries/en-GB/products/253222966,https://digitalcontent.api.tesco.com/v2/media/ghs/f8df1821-c62e-46fa-9266-740ed8e9d81c/c9481b9d-d757-41a8-86ad-7e4aeca06556.jpeg?h=225&w=225,
302286118,Shipyard American Pale Ale 4X440ml,https://www.tesco.com/groceries/en-GB/shop/drinks/all?department=Beer%20%26%20Cider&viewAll=department&page=,£5.00,£2.85/litre,,,/groceries/en-GB/products/302286118,https://digitalcontent.api.tesco.com/v2/media/ghs/a503f643-2884-4d3f-96f8-f63470571796/c09f2bb8-ff64-4a69-9ee3-d124cfd27d28_1597593715.jpeg?h=225&w=225,
268265483,Kopparberg Mixed Fruit Alcohol Free 500Ml,https://www.tesco.com/groceries/en-GB/shop/drinks/all?department=Beer%20%26%20Cider&viewAll=department&page=,£1.30,£2.60/litre,,,/groceries/en-GB/products/268265483,https://digitalcontent.api.tesco.com/v2/media/ghs/c9cbad96-6eaa-447b-988c-23675f73a847/9f5a3bb1-fd21-4f56-9f7f-bcf51f6d71bc_1167112542.jpeg?h=225&w=225,
275399014,Kopparberg Strawberry & Lime 4X330ml Can,https://www.tesco.com/groceries/en-GB/shop/drinks/all?department=Beer%20%26%20Cider&viewAll=department&page=,£5.00,£3.79/litre,£4.00 Clubcard Price,,/groceries/en-GB/products/275399014,https://digitalcontent.api.tesco.com/v2/media/ghs/c79e05e0-738c-46bc-b267-b878b032508b/d75bfc3b-cead-447b-bddd-140d3f7b31fc.jpeg?h=225&w=225,
285779045,Kopparberg Strawberry & Lime Alcohol Free 500Ml,https://www.tesco.com/groceries/en-GB/shop/drinks/all?department=Beer%20%26%20Cider&viewAll=department&page=,£1.30,£2.60/litre,,,/groceries/en-GB/products/285779045,https://digitalcontent.api.tesco.com/v2/media/ghs/689b2503-6d28-45fe-a6b4-2821006d191f/badf1a85-e6fc-43dd-9fa4-955ab4189a94_1843580006.jpeg?h=225&w=225,
305949718,Strongbow Original Cider 4X440ml.,https://www.tesco.com/groceries/en-GB/shop/drinks/all?department=Beer%20%26%20Cider&viewAll=department&page=,£4.20,£2.39/litre,,,/groceries/en-GB/products/305949718,https://digitalcontent.api.tesco.com/v2/media/ghs/87168f91-5701-4088-94e1-a72f2ebcca1d/f77196a8-269e-4300-ae3a-f8660bcff5c4_258977307.jpeg?h=225&w=225,
305529260,Brewdog Hazy Jane New England Ipa 4X330ml Can,https://www.tesco.com/groceries/en-GB/shop/drinks/all?department=Beer%20%26%20Cider&viewAll=department&page=,£5.50,£4.17/litre,£4.75 Clubcard Price,,/groceries/en-GB/products/305529260,https://digitalcontent.api.tesco.com/v2/media/ghs/793171c4-0c98-4369-ad67-464bdf55befc/41f30bad-22bc-48cf-b886-81b6b7ab1383_26075167.jpeg?h=225&w=225,
306501129,Budweiser Zero Alcohol Free Beer 4 X 330Ml,https://www.tesco.com/groceries/en-GB/shop/drinks/all?department=Beer%20%26%20Cider&viewAll=department&page=,£3.00,£2.28/litre,,,/groceries/en-GB/products/306501129,https://digitalcontent.api.tesco.com/v2/media/ghs/0f7fcab1-f686-4dd9-80da-ff3f66f5d454/ed36c3d4-dfa6-409e-b91b-46beee424c8f_254536757.jpeg?h=225&w=225,
306930053,Lucky Saint Unfiltered Lager 330Ml,https://www.tesco.com/groceries/en-GB/shop/drinks/all?department=Beer%20%26%20Cider&viewAll=department&page=,£1.80,£5.46/litre,,,/groceries/en-GB/products/306930053,https://digitalcontent.api.tesco.com/v2/media/ghs/16042921-0ea8-4f6b-9d3a-f919a0f77038/01b5955e-f96d-458c-813b-362fe180eb4e_747562446.jpeg?h=225&w=225,
262595297,Aspall Organic Suffolk Cyder Cider 500Ml Bottle,https://www.tesco.com/groceries/en-GB/shop/drinks/all?department=Beer%20%26%20Cider&viewAll=department&page=,£2.20,£4.40/litre,Any 3 for £5 Clubcard Price - Selected Beers 330ml - 710ml,,/groceries/en-GB/products/262595297,https://digitalcontent.api.tesco.com/v2/media/ghs/64abb8b9-14ef-4d0e-a657-f8c12a310b8a/snapshotimagehandler_1493805721.jpeg?h=225&w=225,
301413368,Shandy Carib Sorrel 275Ml,https://www.tesco.com/groceries/en-GB/shop/drinks/all?department=Beer%20%26%20Cider&viewAll=department&page=,£1.50,£5.46/litre,,,/groceries/en-GB/products/301413368,https://digitalcontent.api.tesco.com/v2/media/ghs/8522724e-76fe-4a59-9875-ee9a87f9766e/4b0d08cb-862b-40ad-a8d0-52a7365e5be1_1993742597.jpeg?h=225&w=225,
308109827,Inch's Medium Apple Cider 500Ml,https://www.tesco.com/groceries/en-GB/shop/drinks/all?department=Beer%20%26%20Cider&viewAll=department&page=,£2.20,£4.40/litre,Any 3 for £5 Clubcard Price - Selected Beers 330ml - 710ml,,/groceries/en-GB/products/308109827,https://digitalcontent.api.tesco.com/v2/media/ghs/d2c2b5c8-a6b2-46c0-9867-00d498179f03/56eeaf27-8ce0-4fea-9f51-d8e3c96fc31e_122446102.jpeg?h=225&w=225,
265261987,Carling Lager 4X440ml,https://www.tesco.com/groceries/en-GB/shop/drinks/all?department=Beer%20%26%20Cider&viewAll=department&page=,£3.85,£2.19/litre,,,/groceries/en-GB/products/265261987,https://digitalcontent.api.tesco.com/v2/media/ghs/75ca40ae-993a-4d20-abae-6353fc64fd6d/0a358bd8-bed2-46c5-b529-bc7a98d74996.jpeg?h=225&w=225,
307361776,Stella Artois Lager 6X330ml,https://www.tesco.com/groceries/en-GB/shop/drinks/all?department=Beer%20%26%20Cider&viewAll=department&page=,£5.75,£2.91/litre,,,/groceries/en-GB/products/307361776,https://digitalcontent.api.tesco.com/v2/media/ghs/5f3837d1-abe8-4713-bbcc-72739e4dcf14/1dfce118-0ff7-4f87-946c-3643d499e22a_1236221524.jpeg?h=225&w=225,
257815529,Innis & Gunn Original 330Ml,https://www.tesco.com/groceries/en-GB/shop/drinks/all?department=Beer%20%26%20Cider&viewAll=department&page=,£1.80,£5.46/litre,Any 4 for £6 Clubcard Price - Selected Beers 250ml - 500ml,,/groceries/en-GB/products/257815529,https://digitalcontent.api.tesco.com/v2/media/ghs/62b834d8-25b1-485b-9bf1-f13345a34e53/a64345c9-aac4-43c2-8c9f-c7a82fe49075_2035325150.jpeg?h=225&w=225,
308861619,Grolsch Premium Pilsner Beer 450Ml,https://www.tesco.com/groceries/en-GB/shop/drinks/all?department=Beer%20%26%20Cider&viewAll=department&page=,£2.25,£5.00/litre,Any 3 for £5 Clubcard Price - Selected Beers 330ml - 710ml,,/groceries/en-GB/products/308861619,https://digitalcontent.api.tesco.com/v2/media/ghs/92f76838-474b-4b0d-9cae-ed90f01e0268/snapshotimagehandler_39264280.jpeg?h=225&w=225,
268566236,Saltaire Blonde Ale 500Ml,https://www.tesco.com/groceries/en-GB/shop/drinks/all?department=Beer%20%26%20Cider&viewAll=department&page=,£1.90,£3.80/litre,Any 4 for £6 Clubcard Price - Selected Beers 250ml - 500ml,,/groceries/en-GB/products/268566236,https://digitalcontent.api.tesco.com/v2/media/ghs/78cba34f-5c86-4f25-80bc-d5fab2ef7f78/c4921049-569c-4693-bfcd-aa5159457d95_464291619.jpeg?h=225&w=225,
257688886,Kronenbourg 1664 Lager 660Ml,https://www.tesco.com/groceries/en-GB/shop/drinks/all?department=Beer%20%26%20Cider&viewAll=department&page=,£2.10,£3.19/litre,Any 3 for £5 Clubcard Price - Selected Beers 330ml - 710ml,,/groceries/en-GB/products/257688886,https://digitalcontent.api.tesco.com/v2/media/ghs/76bc54a8-5bc2-4484-90ef-f254a5d89fcf/1f1b7cb8-ef4e-4e18-90c2-f454a17814e2_830001458.jpeg?h=225&w=225,
283910400,Desperados 650Ml,https://www.tesco.com/groceries/en-GB/shop/drinks/all?department=Beer%20%26%20Cider&viewAll=department&page=,£2.50,£3.85/litre,,,/groceries/en-GB/products/283910400,https://digitalcontent.api.tesco.com/v2/media/ghs/7f71cce4-d039-4ac1-bfeb-fee34146871a/77473c2e-8124-4f24-aa39-51b17fe697ad_1942405731.jpeg?h=225&w=225,
297686551,La Chouffe Strong Blonde Golden Ale 330Ml,https://www.tesco.com/groceries/en-GB/shop/drinks/all?department=Beer%20%26%20Cider&viewAll=department&page=,£2.00,£6.07/litre,,,/groceries/en-GB/products/297686551,https://digitalcontent.api.tesco.com/v2/media/ghs/a036a8e3-9ad9-4eec-8a47-e6a2ba2f5199/41ca4eb2-b63e-4819-8695-6229167dd65a_1498498076.jpeg?h=225&w=225,
271080437,Oakham Ales Inferno Ale 500Ml,https://www.tesco.com/groceries/en-GB/shop/drinks/all?department=Beer%20%26%20Cider&viewAll=department&page=,£2.00,£4.00/litre,Any 4 for £6 Clubcard Price - Selected Beers 250ml - 500ml,,/groceries/en-GB/products/271080437,https://digitalcontent.api.tesco.com/v2/media/ghs/60ed158a-80f6-4cb2-9adc-5cb93fd7553c/c3adb1a1-981c-4103-908e-2ce382974e9b_1276759437.jpeg?h=225&w=225,
311213797,Madri Excepcional Premium Lager 12X330ml,https://www.tesco.com/groceries/en-GB/shop/drinks/all?department=Beer%20%26%20Cider&viewAll=department&page=,£14.00,£3.54/litre,,,/groceries/en-GB/products/311213797,https://digitalcontent.api.tesco.com/v2/media/ghs/cac28eac-e7e0-4762-95e6-be30efd7752a/9610ff72-3391-4814-8179-18631eac168f_1829515419.jpeg?h=225&w=225,
271013490,Magners Apple Cider 10X440ml Can,https://www.tesco.com/groceries/en-GB/shop/drinks/all?department=Beer%20%26%20Cider&viewAll=department&page=,£8.00,£1.82/litre,,,/groceries/en-GB/products/271013490,https://digitalcontent.api.tesco.com/v2/media/ghs/dc60f6cc-2168-4a85-9a1d-ed07cc94d015/c4d2793a-49f9-4c19-9529-cd36976c22de.jpeg?h=225&w=225,
275094933,Guinness Draught 15 X 440Ml,https://www.tesco.com/groceries/en-GB/shop/drinks/all?department=Beer%20%26%20Cider&viewAll=department&page=,£18.00,£2.73/litre,,,/groceries/en-GB/products/275094933,https://digitalcontent.api.tesco.com/v2/media/ghs/4453c5cc-0961-4fbb-a905-d65553966f3e/209ab59a-45d1-4703-a31c-7d4572c85acd.jpeg?h=225&w=225,
305973815,Kopparberg Premium Cider Mixed Fruit Alcohol Free 4X330ml,https://www.tesco.com/groceries/en-GB/shop/drinks/all?department=Beer%20%26%20Cider&viewAll=department&page=,£3.50,£2.66/litre,,,/groceries/en-GB/products/305973815,https://digitalcontent.api.tesco.com/v2/media/ghs/717bf6a4-0872-4400-965c-8027645b6272/cb5ce2ed-4895-40a5-a98e-bd5218e35183_117135907.jpeg?h=225&w=225,
302282278,Stowford Press Apple Cider 10 X 440Ml,https://www.tesco.com/groceries/en-GB/shop/drinks/all?department=Beer%20%26%20Cider&viewAll=department&page=,£7.50,£1.71/litre,£6.00 Clubcard Price,,/groceries/en-GB/products/302282278,https://digitalcontent.api.tesco.com/v2/media/ghs/69ff8864-b421-4a01-b672-c7cbc196d7d0/5247191c-17b5-4b0f-b6d1-9005fe368041_1315232203.jpeg?h=225&w=225,
312347965,Peroni Nastro Azzurro Lager Beer 10X330ml,https://www.tesco.com/groceries/en-GB/shop/drinks/all?department=Beer%20%26%20Cider&viewAll=department&page=,£13.00,£3.94/litre,£10.00 Clubcard Price,,/groceries/en-GB/products/312347965,https://digitalcontent.api.tesco.com/v2/media/ghs/b938e973-9781-4d4d-b0bf-4abaa68ab2f1/a2c1568a-0872-4132-9673-9cc8e63ff015_1612115596.jpeg?h=225&w=225,
307136122,Leffe Blonde 0% Alcohol Free Beer 6X250ml,https://www.tesco.com/groceries/en-GB/shop/drinks/all?department=Beer%20%26%20Cider&viewAll=department&page=,£4.50,£3.00/litre,,,/groceries/en-GB/products/307136122,https://digitalcontent.api.tesco.com/v2/media/ghs/a7cc0d64-abef-4b8b-b9b3-d38f6ca8a393/a147796a-9b74-426a-a2ec-1c769853aac0_401207953.jpeg?h=225&w=225,
310677597,Madri Excepcional Premium Lager 4X440ml,https://www.tesco.com/groceries/en-GB/shop/drinks/all?department=Beer%20%26%20Cider&viewAll=department&page=,£5.00,£2.85/litre,,,/groceries/en-GB/products/310677597,https://digitalcontent.api.tesco.com/v2/media/ghs/604e0821-4081-4c68-9d2a-8295a4d7ffa7/16c19ccc-4741-48ee-8bae-308cf697ad3a_2051259368.jpeg?h=225&w=225,
312712274,Only Fools And Horses Beer And Tumbling Blocks,https://www.tesco.com/groceries/en-GB/shop/drinks/all?department=Beer%20%26%20Cider&viewAll=department&page=,£7.00,£7.00/each,£5.00 Clubcard Price,,/groceries/en-GB/products/312712274,https://digitalcontent.api.tesco.com/v2/media/ghs/3a31bd6b-2858-443b-8070-495b0c3d50f6/925fdd79-6844-4cb8-bb4a-60d9036a5ceb_998400756.jpeg?h=225&w=225,
275894009,Crabbies Alcoholic Ginger Beer 4X440ml,https://www.tesco.com/groceries/en-GB/shop/drinks/all?department=Beer%20%26%20Cider&viewAll=department&page=,£5.25,£2.99/litre,,,/groceries/en-GB/products/275894009,https://digitalcontent.api.tesco.com/v2/media/ghs/04818b19-0080-4981-8081-67d72c31a988/9e57db2e-af1e-4060-a1c7-be63317d0703.jpeg?h=225&w=225,
305046577,Carlsberg Pilsner 10X440ml Can,https://www.tesco.com/groceries/en-GB/shop/drinks/all?department=Beer%20%26%20Cider&viewAll=department&page=,£9.00,£2.05/litre,,,/groceries/en-GB/products/305046577,https://digitalcontent.api.tesco.com/v2/media/ghs/36d452f6-81d4-44dd-ac61-56fa743e212c/14528446-e953-4eb0-a40a-5fe4b9a0760c_670019693.jpeg?h=225&w=225,
311436798,Amstel Bier 12 X 300Ml,https://www.tesco.com/groceries/en-GB/shop/drinks/all?department=Beer%20%26%20Cider&viewAll=department&page=,£8.00,£2.23/litre,,,/groceries/en-GB/products/311436798,https://digitalcontent.api.tesco.com/v2/media/ghs/98642617-a5ed-498d-927a-00a565b5cafc/f0a189d4-939b-43df-b4c5-73fa34fa0bb0_70462879.jpeg?h=225&w=225,
291857497,Amstel Lager Beer Can 4 X 440Ml,https://www.tesco.com/groceries/en-GB/shop/drinks/all?department=Beer%20%26%20Cider&viewAll=department&page=,£4.20,£2.39/litre,,,/groceries/en-GB/products/291857497,https://digitalcontent.api.tesco.com/v2/media/ghs/0e1b3f24-4c6e-4d51-8d2b-75e9eec6a98b/96d70441-9109-4690-8139-b16e98e6a3b5.jpeg?h=225&w=225,
268761483,Sapporo Premium Beer 650Ml,https://www.tesco.com/groceries/en-GB/shop/drinks/all?department=Beer%20%26%20Cider&viewAll=department&page=,£2.85,£4.39/litre,,,/groceries/en-GB/products/268761483,https://digitalcontent.api.tesco.com/v2/media/ghs/2701cea2-26b1-4616-ae14-96d24378b3fa/snapshotimagehandler_208131358.jpeg?h=225&w=225,
253488046,Leffe Blonde Beer 750Ml,https://www.tesco.com/groceries/en-GB/shop/drinks/all?department=Beer%20%26%20Cider&viewAll=department&page=,£3.25,£4.34/litre,,,/groceries/en-GB/products/253488046,https://digitalcontent.api.tesco.com/v2/media/ghs/1951561b-de96-4f67-8a6a-637442cd7b49/1191a38a-eb3b-45b8-810a-42e9f6367b67_1454447763.jpeg?h=225&w=225,
305986604,Proper Job Cornish Ipa 4 X 440Ml,https://www.tesco.com/groceries/en-GB/shop/drinks/all?department=Beer%20%26%20Cider&viewAll=department&page=,£5.50,£3.13/litre,,,/groceries/en-GB/products/305986604,https://digitalcontent.api.tesco.com/v2/media/ghs/49fad6ad-b868-447e-9127-3a4107948e0f/6940314d-9ad6-41d0-9913-0cb19832f635_1897750768.jpeg?h=225&w=225,
264070707,Magners Apple Cider 568Ml Bottle,https://www.tesco.com/groceries/en-GB/shop/drinks/all?department=Beer%20%26%20Cider&viewAll=department&page=,£2.20,£3.88/litre,,,/groceries/en-GB/products/264070707,https://digitalcontent.api.tesco.com/v2/media/ghs/fb0ae3fb-845a-4ad3-a2a3-88c187564feb/ee8fe620-11b2-4177-a7a5-00ae31667256_2058983633.jpeg?h=225&w=225,
302274017,Henry Westons Signature Vintage 6.8% 500Ml,https://www.tesco.com/groceries/en-GB/shop/drinks/all?department=Beer%20%26%20Cider&viewAll=department&page=,£2.20,£4.40/litre,Any 3 for £5 Clubcard Price - Selected Beers 330ml - 710ml,,/groceries/en-GB/products/302274017,https://digitalcontent.api.tesco.com/v2/media/ghs/347bd79b-f381-446f-afbe-76b6a4cebf39/dd23c5ed-5bca-47b1-812a-03d3063d53bd_170540363.jpeg?h=225&w=225,
267021998,Merrydown Vintage Cider 750Ml Bottle,https://www.tesco.com/groceries/en-GB/shop/drinks/all?department=Beer%20%26%20Cider&viewAll=department&page=,£2.25,£3.00/litre,,,/groceries/en-GB/products/267021998,https://digitalcontent.api.tesco.com/v2/media/ghs/aba5135c-2bff-463e-bacc-d1907e7173b0/e16d65c5-52e9-457d-9a77-3e646d2836ab_241140838.jpeg?h=225&w=225,
273675497,Fruli Strawberry Beer 330Ml,https://www.tesco.com/groceries/en-GB/shop/drinks/all?department=Beer%20%26%20Cider&viewAll=department&page=,£1.80,£5.46/litre,Any 4 for £6 Clubcard Price - Selected Beers 250ml - 500ml,,/groceries/en-GB/products/273675497,https://digitalcontent.api.tesco.com/v2/media/ghs/9f9dc223-2588-4bfd-9b00-9531dfb4fa41/37d30fd4-9ba1-4885-97aa-2b17094cf3c8_1618581120.jpeg?h=225&w=225,
311203855,Stella Artois Unfiltered Lager 660Ml,https://www.tesco.com/groceries/en-GB/shop/drinks/all?department=Beer%20%26%20Cider&viewAll=department&page=,£2.40,£3.64/litre,Any 3 for £5 Clubcard Price - Selected Beers 330ml - 710ml,,/groceries/en-GB/products/311203855,https://digitalcontent.api.tesco.com/v2/media/ghs/78c75a4d-539c-4fc5-ab55-a4fecbaa1a82/81a932f1-43df-4d59-927b-81fb526f6bef_884159056.jpeg?h=225&w=225,
295432072,Old Speckled Hen Gluten Free 500Ml,https://www.tesco.com/groceries/en-GB/shop/drinks/all?department=Beer%20%26%20Cider&viewAll=department&page=,£2.00,£4.00/litre,,,/groceries/en-GB/products/295432072,https://digitalcontent.api.tesco.com/v2/media/ghs/c7309877-93af-455d-b337-60b30da6a3f1/394a385c-1202-4116-a9ac-c0b59e081ce7_616182802.jpeg?h=225&w=225,
305729841,Crabbie's Alcoholic Rhubarb Ginger Beer 500Ml,https://www.tesco.com/groceries/en-GB/shop/drinks/all?department=Beer%20%26%20Cider&viewAll=department&page=,£1.70,£3.40/litre,Any 4 for £6 Clubcard Price - Selected Beers 250ml - 500ml,,/groceries/en-GB/products/305729841,https://digitalcontent.api.tesco.com/v2/media/ghs/9e44127d-e8ac-431a-916d-9d0c648085e0/5a37da2d-347d-40f5-96f0-91667ac42c26_1547479009.jpeg?h=225&w=225,
305728813,Bear Island East Coast Pale Ale 500Ml,https://www.tesco.com/groceries/en-GB/shop/drinks/all?department=Beer%20%26%20Cider&viewAll=department&page=,£1.70,£3.40/litre,Any 4 for £6 Clubcard Price - Selected Beers 250ml - 500ml,,/groceries/en-GB/products/305728813,https://digitalcontent.api.tesco.com/v2/media/ghs/385d6901-abc3-4a10-91db-f1c2d05a0376/760a2663-c2c3-495f-b18f-d6d9880fb63f_895517726.jpeg?h=225&w=225,
302295292,Shipyard American Pale Ale 500Ml,https://www.tesco.com/groceries/en-GB/shop/drinks/all?department=Beer%20%26%20Cider&viewAll=department&page=,£1.80,£3.60/litre,Any 4 for £6 Clubcard Price - Selected Beers 250ml - 500ml,,/groceries/en-GB/products/302295292,https://digitalcontent.api.tesco.com/v2/media/ghs/d9060d86-4e64-427d-8615-e0b7be3765a2/055b7776-6dd8-45fb-98f4-96093c978e5a_1206518861.jpeg?h=225&w=225,
310120378,Black Sheep Cry Wolf Black Ipa 500Ml,https://www.tesco.com/groceries/en-GB/shop/drinks/all?department=Beer%20%26%20Cider&viewAll=department&page=,£1.70,£3.40/litre,Any 4 for £6 Clubcard Price - Selected Beers 250ml - 500ml,,/groceries/en-GB/products/310120378,https://digitalcontent.api.tesco.com/v2/media/ghs/10c1e2fd-bace-4607-94b3-49b8005b3e26/acae6f24-359c-4496-b760-a6c70cab13d1_73630377.jpeg?h=225&w=225,
271080691,Oakham Ales Bishops Farewell 500Ml,https://www.tesco.com/groceries/en-GB/shop/drinks/all?department=Beer%20%26%20Cider&viewAll=department&page=,£1.70,£3.40/litre,Any 4 for £6 Clubcard Price - Selected Beers 250ml - 500ml,,/groceries/en-GB/products/271080691,https://digitalcontent.api.tesco.com/v2/media/ghs/15a07cd9-9d66-45ea-91bf-460169fc9b8d/9c738a65-dd66-4e4e-afd6-42b98c67dc9d_1996802050.jpeg?h=225&w=225,
265214134,Budweiser 660Ml,https://www.tesco.com/groceries/en-GB/shop/drinks/all?department=Beer%20%26%20Cider&viewAll=department&page=,£2.00,£3.04/litre,Any 3 for £5 Clubcard Price - Selected Beers 330ml - 710ml,,/groceries/en-GB/products/265214134,https://digitalcontent.api.tesco.com/v2/media/ghs/7a2cce8c-a655-4cd4-bd3e-cd198f99efaf/27501f7e-7d7a-47be-b29f-f859092c6b17_700660484.jpeg?h=225&w=225,
293316426,Blue Moon Wheat Beer 330Ml,https://www.tesco.com/groceries/en-GB/shop/drinks/all?department=Beer%20%26%20Cider&viewAll=department&page=,£1.80,£5.46/litre,Any 4 for £6 Clubcard Price - Selected Beers 250ml - 500ml,,/groceries/en-GB/products/293316426,https://digitalcontent.api.tesco.com/v2/media/ghs/0367359f-dfa7-437b-99b7-8e498bc6fc97/4ff9ec4a-f903-4053-9bc0-1ca24eb879bc_1181428426.jpeg?h=225&w=225,
280486330,Rekorderlig Passion Fruit 500Ml Bottle,https://www.tesco.com/groceries/en-GB/shop/drinks/all?department=Beer%20%26%20Cider&viewAll=department&page=,£2.20,£4.40/litre,Any 3 for £5 Clubcard Price - Selected Beers 330ml - 710ml,,/groceries/en-GB/products/280486330,https://digitalcontent.api.tesco.com/v2/media/ghs/1ac1832a-0e81-4296-a256-9276fd42695e/91cee6f4-a996-4d35-9658-c34060079acb_103621689.jpeg?h=225&w=225,
289044540,Rekorderlig Mango & Raspberry 500Ml Bottle,https://www.tesco.com/groceries/en-GB/shop/drinks/all?department=Beer%20%26%20Cider&viewAll=department&page=,£2.20,£4.40/litre,Any 3 for £5 Clubcard Price - Selected Beers 330ml - 710ml,,/groceries/en-GB/products/289044540,https://digitalcontent.api.tesco.com/v2/media/ghs/d0c78545-69ea-4e31-ab3c-5720057f9673/d17c586f-d509-4e8d-9677-dd51dc9c016d_1955398082.jpeg?h=225&w=225,
280486022,Kopparberg Spiced Apple 500Ml,https://www.tesco.com/groceries/en-GB/shop/drinks/all?department=Beer%20%26%20Cider&viewAll=department&page=,£2.20,£4.40/litre,Any 3 for £5 Clubcard Price - Selected Beers 330ml - 710ml,,/groceries/en-GB/products/280486022,https://digitalcontent.api.tesco.com/v2/media/ghs/66bb032e-af83-49fc-8cd7-0b40cec4e85d/756f8014-3aad-492f-aa47-81eeebe7177a_1582598701.jpeg?h=225&w=225,
259129837,St Austells Tribute 4X500ml,https://www.tesco.com/groceries/en-GB/shop/drinks/all?department=Beer%20%26%20Cider&viewAll=department&page=,£5.00,£2.50/litre,£4.50 Clubcard Price,,/groceries/en-GB/products/259129837,https://digitalcontent.api.tesco.com/v2/media/ghs/4ee3e66a-85cc-432a-aa26-7e6b5ae09cfa/ca1c9c0b-95bb-40e7-937c-aa62b5044d8a_2108718775.jpeg?h=225&w=225,
305439245,Kopparberg Premium Cider With Cherry 500Ml,https://www.tesco.com/groceries/en-GB/shop/drinks/all?department=Beer%20%26%20Cider&viewAll=department&page=,£2.20,£4.40/litre,Any 3 for £5 Clubcard Price - Selected Beers 330ml - 710ml,,/groceries/en-GB/products/305439245,https://digitalcontent.api.tesco.com/v2/media/ghs/d61992ba-bbb6-4084-941b-454e4294fedb/cf7a9a0e-c43f-4e45-b5ee-4b0c689e9b65_443992957.jpeg?h=225&w=225,
297607957,Theakston Pale Ale 500Ml,https://www.tesco.com/groceries/en-GB/shop/drinks/all?department=Beer%20%26%20Cider&viewAll=department&page=,£1.80,£3.60/litre,Any 4 for £6 Clubcard Price - Selected Beers 250ml - 500ml,,/groceries/en-GB/products/297607957,https://digitalcontent.api.tesco.com/v2/media/ghs/94c46402-ddba-496b-a708-be515eb2179a/6f0b081f-f49e-46a7-b601-165cbfa99c02_299219497.jpeg?h=225&w=225,
310091929,Victoria Malaga Lager Beer 660Ml,https://www.tesco.com/groceries/en-GB/shop/drinks/all?department=Beer%20%26%20Cider&viewAll=department&page=,£2.20,£3.34/litre,Any 3 for £5 Clubcard Price - Selected Beers 330ml - 710ml,,/groceries/en-GB/products/310091929,https://digitalcontent.api.tesco.com/v2/media/ghs/20f7a8f9-1d41-412f-89ff-e12d1ac44ca1/04159613-7860-4e81-b527-a2c5a58b4276_2067415593.jpeg?h=225&w=225,
299964789,Asahi Super Dry 4X330ml,https://www.tesco.com/groceries/en-GB/shop/drinks/all?department=Beer%20%26%20Cider&viewAll=department&page=,£5.50,£4.17/litre,,,/groceries/en-GB/products/299964789,https://digitalcontent.api.tesco.com/v2/media/ghs/bf757b46-c238-4497-bdbc-690676946eee/7798c061-941b-497b-951f-26e79d85ac37.jpeg?h=225&w=225,
251182290,Villa Maria Private Bin Sauvignon Blanc 75Cl,https://www.tesco.com/groceries/en-GB/shop/drinks/all?department=Wine&viewAll=department&page=,£10.00,£10.00/75cl,Buy 6 or more Save 25% Clubcard Price - Save 25% On Selected Wines When You Buy 6 + Bottles,,/groceries/en-GB/products/251182290,https://digitalcontent.api.tesco.com/v2/media/ghs/a265dff1-ac11-4e73-9ae4-7712b90ac151/3ceba297-0b4f-4607-9842-7b36175c2742_1725481930.jpeg?h=225&w=225,
278363743,Trivento Reserve Malbec 75Cl,https://www.tesco.com/groceries/en-GB/shop/drinks/all?department=Wine&viewAll=department&page=,£8.00,£8.00/75cl,Buy 6 or more Save 25% Clubcard Price - Save 25% On Selected Wines When You Buy 6 + Bottles,,/groceries/en-GB/products/278363743,https://digitalcontent.api.tesco.com/v2/media/ghs/79e4d498-213a-4f1c-a7a9-04e54cf9a848/971028a9-5ee1-4943-9e20-6f12f7b1ea2c_1882762552.jpeg?h=225&w=225,
283507008,Yellow Tail Jammy Red Roo 75Cl,https://www.tesco.com/groceries/en-GB/shop/drinks/all?department=Wine&viewAll=department&page=,£7.00,£7.00/75cl,Buy 6 or more Save 25% Clubcard Price - Save 25% On Selected Wines When You Buy 6 + Bottles,,/groceries/en-GB/products/283507008,https://digitalcontent.api.tesco.com/v2/media/ghs/b1b861dd-5453-47ad-abb7-1818835bb484/26f40a78-f64d-437a-8426-cfb55b486c79_539719666.jpeg?h=225&w=225,
263046301,Yellow Tail Chardonnay 75Cl,https://www.tesco.com/groceries/en-GB/shop/drinks/all?department=Wine&viewAll=department&page=,£7.00,£7.00/75cl,Buy 6 or more Save 25% Clubcard Price - Save 25% On Selected Wines When You Buy 6 + Bottles,,/groceries/en-GB/products/263046301,https://digitalcontent.api.tesco.com/v2/media/ghs/d792a529-50c1-4979-802c-ff0c6c058ac1/42655b27-4af0-4741-895b-0904724b5443_983397690.jpeg?h=225&w=225,
254844107,Tesco Finest Pinot Grigio 75Cl,https://www.tesco.com/groceries/en-GB/shop/drinks/all?department=Wine&viewAll=department&page=,£7.00,£7.00/75cl,Buy 6 or more Save 25% Clubcard Price - Save 25% On Selected Wines When You Buy 6 + Bottles,,/groceries/en-GB/products/254844107,https://digitalcontent.api.tesco.com/v2/media/ghs/c01b6bb7-152a-4853-87cb-7279e35f06c8/6e83cf32-a5ad-4c2c-adf5-fe300604c9a3_1950427164.jpeg?h=225&w=225,
262272190,Yellow Tail Shiraz 75Cl,https://www.tesco.com/groceries/en-GB/shop/drinks/all?department=Wine&viewAll=department&page=,£7.00,£7.00/75cl,Buy 6 or more Save 25% Clubcard Price - Save 25% On Selected Wines When You Buy 6 + Bottles,,/groceries/en-GB/products/262272190,https://digitalcontent.api.tesco.com/v2/media/ghs/35561526-1ab1-4ce9-9503-1716b43a5c3a/556d73bd-9446-4bd3-beeb-67db22b6d648_2072996932.jpeg?h=225&w=225,
250218971,Campo Viejo Rioja Tempranillo 75Cl,https://www.tesco.com/groceries/en-GB/shop/drinks/all?department=Wine&viewAll=department&page=,£8.00,£8.00/75cl,Buy 6 or more Save 25% Clubcard Price - Save 25% On Selected Wines When You Buy 6 + Bottles,,/groceries/en-GB/products/250218971,https://digitalcontent.api.tesco.com/v2/media/ghs/f9cb2e6d-8333-49fe-813e-11d655ca3995/436b2638-3972-4aee-bedf-d5b7c126661a_898598743.jpeg?h=225&w=225,
259738433,Wairau Cove Sauvignon Blanc 75Cl,https://www.tesco.com/groceries/en-GB/shop/drinks/all?department=Wine&viewAll=department&page=,£8.00,£8.00/75cl,Buy 6 or more Save 25% Clubcard Price - Save 25% On Selected Wines When You Buy 6 + Bottles,,/groceries/en-GB/products/259738433,https://digitalcontent.api.tesco.com/v2/media/ghs/ff0300b1-f283-496b-80bf-0f72b0ea186c/ddd455bf-69d6-4421-83c5-53c0384bed6d_1776137057.jpeg?h=225&w=225,
295459023,Jam Shed Shiraz 75Cl,https://www.tesco.com/groceries/en-GB/shop/drinks/all?department=Wine&viewAll=department&page=,£7.00,£7.00/75cl,Buy 6 or more Save 25% Clubcard Price - Save 25% On Selected Wines When You Buy 6 + Bottles,,/groceries/en-GB/products/295459023,https://digitalcontent.api.tesco.com/v2/media/ghs/83dd2c7f-094f-4ab4-9d0e-7ddb67ebc70a/f021c9b8-9fbe-4f96-bd5a-7240f3e46fa1_635752377.jpeg?h=225&w=225,
252576076,Hardys Varietal Range Chardonnay 75Cl,https://www.tesco.com/groceries/en-GB/shop/drinks/all?department=Wine&viewAll=department&page=,£6.00,£6.00/75cl,Buy 6 or more Save 25% Clubcard Price - Save 25% On Selected Wines When You Buy 6 + Bottles,,/groceries/en-GB/products/252576076,https://digitalcontent.api.tesco.com/v2/media/ghs/ee46734e-3222-4bd6-a683-264ce11c88ad/8a489c1c-55c5-4419-99a5-92dbfc341b78_239470606.jpeg?h=225&w=225,
283840321,Mud House Sauvignon Blanc 75Cl,https://www.tesco.com/groceries/en-GB/shop/drinks/all?department=Wine&viewAll=department&page=,£9.00,£9.00/75cl,Buy 6 or more Save 25% Clubcard Price - Save 25% On Selected Wines When You Buy 6 + Bottles,,/groceries/en-GB/products/283840321,https://digitalcontent.api.tesco.com/v2/media/ghs/5d93b894-8d21-491c-b500-6d639a3729d2/d872d3db-6975-49ca-9eee-994527c739be_1860900180.jpeg?h=225&w=225,
255417854,Barefoot Merlot 75Cl,https://www.tesco.com/groceries/en-GB/shop/drinks/all?department=Wine&viewAll=department&page=,£6.75,£6.75/75cl,Buy 6 or more Save 25% Clubcard Price - Save 25% On Selected Wines When You Buy 6 + Bottles,,/groceries/en-GB/products/255417854,https://digitalcontent.api.tesco.com/v2/media/ghs/ff3e91ce-6155-4de9-a7e5-0e36f46b66c6/2181eeff-55bd-48c5-b7d4-c5c61a544af1_1670888234.jpeg?h=225&w=225,
304411671,Tesco Finest Pinot Grigio Blush 75Cl,https://www.tesco.com/groceries/en-GB/shop/drinks/all?department=Wine&viewAll=department&page=,£7.00,£7.00/75cl,Buy 6 or more Save 25% Clubcard Price - Save 25% On Selected Wines When You Buy 6 + Bottles,,/groceries/en-GB/products/304411671,https://digitalcontent.api.tesco.com/v2/media/ghs/17b9dbb0-a4b2-4869-9b30-2fca0bdbeae9/ad181076-a3d1-4968-92de-497b52832145.jpeg?h=225&w=225,
262271605,Yellow Tail Merlot 75Cl,https://www.tesco.com/groceries/en-GB/shop/drinks/all?department=Wine&viewAll=department&page=,£7.00,£7.00/75cl,Buy 6 or more Save 25% Clubcard Price - Save 25% On Selected Wines When You Buy 6 + Bottles,,/groceries/en-GB/products/262271605,https://digitalcontent.api.tesco.com/v2/media/ghs/aecb2719-3609-494f-be49-6e716a1173bd/6d168a4f-0d55-4651-b921-b7a6a89a85ad_687827632.jpeg?h=225&w=225,
266183202,Barefoot Pinot Grigio 75Cl,https://www.tesco.com/groceries/en-GB/shop/drinks/all?department=Wine&viewAll=department&page=,£6.75,£6.75/75cl,Buy 6 or more Save 25% Clubcard Price - Save 25% On Selected Wines When You Buy 6 + Bottles,,/groceries/en-GB/products/266183202,https://digitalcontent.api.tesco.com/v2/media/ghs/f6fcddc5-11d3-42b2-a745-e0fd0f2d82ec/e5f8a0ee-9bda-4abc-ab73-1b581e353613_1549684022.jpeg?h=225&w=225,
252965917,Hardys Varietal Range Merlot 75Cl,https://www.tesco.com/groceries/en-GB/shop/drinks/all?department=Wine&viewAll=department&page=,£6.00,£6.00/75cl,Buy 6 or more Save 25% Clubcard Price - Save 25% On Selected Wines When You Buy 6 + Bottles,,/groceries/en-GB/products/252965917,https://digitalcontent.api.tesco.com/v2/media/ghs/686c3b67-df84-4363-8135-cd7df1462d54/47bb3dd9-8bf0-4f6d-aaa7-f90a23a5aa3b_1958446624.jpeg?h=225&w=225,
254819789,Hardys Crest Chardonnay 75Cl,https://www.tesco.com/groceries/en-GB/shop/drinks/all?department=Wine&viewAll=department&page=,£7.00,£7.00/75cl,£6.00 Clubcard Price,,/groceries/en-GB/products/254819789,https://digitalcontent.api.tesco.com/v2/media/ghs/abf798a8-7ff8-4e58-afae-4edf7a27a7f9/5862482f-cdb2-4001-8181-49e3cd74d2af_1470142814.jpeg?h=225&w=225,
299425086,Tesco Trebbiano Pinot Grigio Wine Box 2.25L,https://www.tesco.com/groceries/en-GB/shop/drinks/all?department=Wine&viewAll=department&page=,£13.00,£4.34/75cl,,,/groceries/en-GB/products/299425086,https://digitalcontent.api.tesco.com/v2/media/ghs/cdd78c2f-50df-455b-9253-f174f010c9f5/9edecf98-80ea-4633-bb99-22354a573914_720156193.jpeg?h=225&w=225,
267787916,Hardys Crest Cabernet Shiraz Merlot 75Cl,https://www.tesco.com/groceries/en-GB/shop/drinks/all?department=Wine&viewAll=department&page=,£7.00,£7.00/75cl,£6.00 Clubcard Price,,/groceries/en-GB/products/267787916,https://digitalcontent.api.tesco.com/v2/media/ghs/0f94f774-0c6d-4417-8e90-c53434afb08f/af01ee0f-794b-4fbb-b939-252cffab825a_1109982771.jpeg?h=225&w=225,
255246186,Tesco Cava Brut Non Vintage 75Cl,https://www.tesco.com/groceries/en-GB/shop/drinks/all?department=Wine&viewAll=department&page=,£5.85,£5.85/75cl,Buy 6 or more Save 25% Clubcard Price - Save 25% On Selected Wines When You Buy 6 + Bottles,,/groceries/en-GB/products/255246186,https://digitalcontent.api.tesco.com/v2/media/ghs/9f538164-0f77-43a7-a5d9-47c62e97185b/6797233f-7184-4ca6-9f7d-c97c4847bf65_1826180645.jpeg?h=225&w=225,
262309747,Tesco Finest Prosecco Doc 75Cl,https://www.tesco.com/groceries/en-GB/shop/drinks/all?department=Wine&viewAll=department&page=,£8.50,£8.50/75cl,Buy 6 or more Save 25% Clubcard Price - Save 25% On Selected Wines When You Buy 6 + Bottles,,/groceries/en-GB/products/262309747,https://digitalcontent.api.tesco.com/v2/media/ghs/eec1da1a-e880-441e-8a40-8fafe325e9db/a0a4568a-8ace-4079-8b95-812111310a0c.jpeg?h=225&w=225,
263641986,Dino Trebbiano Pinot Grigio 75Cl,https://www.tesco.com/groceries/en-GB/shop/drinks/all?department=Wine&viewAll=department&page=,£5.75,£5.75/75cl,£4.50 Clubcard Price,,/groceries/en-GB/products/263641986,https://digitalcontent.api.tesco.com/v2/media/ghs/6655744a-9397-4cdb-bf72-e6fc99f514b2/3439e19d-bdef-4f3b-8788-da59d59ac2c7_22923234.jpeg?h=225&w=225,
261735917,Isla Negra Sauvignon Blanc/Px 75Cl,https://www.tesco.com/groceries/en-GB/shop/drinks/all?department=Wine&viewAll=department&page=,£5.00,£5.00/75cl,£4.50 Clubcard Price,,/groceries/en-GB/products/261735917,https://digitalcontent.api.tesco.com/v2/media/ghs/3f5901e0-2630-4b1b-9013-356e8d739071/44bd7e47-8a41-4a71-b77e-fa993dde0dfe_1483393203.jpeg?h=225&w=225,
310188997,Caparelli Italian Pinot Grigio 75Cl,https://www.tesco.com/groceries/en-GB/shop/drinks/all?department=Wine&viewAll=department&page=,£4.75,£4.75/75cl,,,/groceries/en-GB/products/310188997,https://digitalcontent.api.tesco.com/v2/media/ghs/9349322d-196e-4a3f-8da0-0aa5e84ffd06/0e5a7178-629b-4d91-9772-bb4037e15186_1924538128.jpeg?h=225&w=225,
250291225,Mulled Wine 75Cl,https://www.tesco.com/groceries/en-GB/shop/drinks/all?department=Wine&viewAll=department&page=,£3.00,£3.00/75cl,£2.50 Clubcard Price,,/groceries/en-GB/products/250291225,https://digitalcontent.api.tesco.com/v2/media/ghs/d6cd4e5c-7401-43ff-b10d-048d18fb8973/82fe146d-64af-4807-8399-0ac9ad0fe880_1545875263.jpeg?h=225&w=225,
306662491,Porta 6 Lisboa Red Wine 750Ml,https://www.tesco.com/groceries/en-GB/shop/drinks/all?department=Wine&viewAll=department&page=,£7.50,£7.50/75cl,£6.50 Clubcard Price,,/groceries/en-GB/products/306662491,https://digitalcontent.api.tesco.com/v2/media/ghs/24e89fd2-72ea-40fd-8c21-d1dd2e4f2248/388a380e-3ddf-4c93-a48b-c771d5dc6bf3_1566994692.jpeg?h=225&w=225,
253805882,Isla Negra Chardonnay/Px 75Cl,https://www.tesco.com/groceries/en-GB/shop/drinks/all?department=Wine&viewAll=department&page=,£5.00,£5.00/75cl,£4.50 Clubcard Price,,/groceries/en-GB/products/253805882,https://digitalcontent.api.tesco.com/v2/media/ghs/3db1027c-4834-4417-beb4-c916d191a4c9/6c4dcbc3-9287-4c69-a5bf-3542ff500492_1572960633.jpeg?h=225&w=225,
255244712,Brancott Estate Sauvignon Blanc 75Cl,https://www.tesco.com/groceries/en-GB/shop/drinks/all?department=Wine&viewAll=department&page=,£9.50,£9.50/75cl,£7.50 Clubcard Price,,/groceries/en-GB/products/255244712,https://digitalcontent.api.tesco.com/v2/media/ghs/9ec179e1-3d0c-4a1b-813a-3ab6f69f84cf/54ccb06e-b43e-4b62-bca7-f0c7b7efd8f3_844719944.jpeg?h=225&w=225,
264534413,Tesco Finest Argentinian Malbec 75Cl,https://www.tesco.com/groceries/en-GB/shop/drinks/all?department=Wine&viewAll=department&page=,£8.00,£8.00/75cl,£6.00 Clubcard Price,,/groceries/en-GB/products/264534413,https://digitalcontent.api.tesco.com/v2/media/ghs/9f74e75b-861c-474c-a6f2-0da46eaffc66/a66f534f-0878-4c42-829a-85f7a289962f_664290771.jpeg?h=225&w=225,
254192146,Casillero Del Diablo Cabernet Sauvignon 75Cl,https://www.tesco.com/groceries/en-GB/shop/drinks/all?department=Wine&viewAll=department&page=,£7.50,£7.50/75cl,£6.50 Clubcard Price,,/groceries/en-GB/products/254192146,https://digitalcontent.api.tesco.com/v2/media/ghs/4a7a23ce-7cff-4ff8-850b-edb85f81483a/c18814c1-1d91-4a57-9d54-c32e477166f6_2122041110.jpeg?h=225&w=225,
252954913,Isla Negra Merlot 75Cl,https://www.tesco.com/groceries/en-GB/shop/drinks/all?department=Wine&viewAll=department&page=,£5.00,£5.00/75cl,£4.50 Clubcard Price,,/groceries/en-GB/products/252954913,https://digitalcontent.api.tesco.com/v2/media/ghs/aecaa186-9a61-41d0-98c1-4e953a354b9b/fae27706-3436-40be-8655-58007574e122_129663742.jpeg?h=225&w=225,
256338433,Hardys Stamp Shiraz Cabernet 750Ml,https://www.tesco.com/groceries/en-GB/shop/drinks/all?department=Wine&viewAll=department&page=,£5.00,£5.00/75cl,Buy 6 or more Save 25% Clubcard Price - Save 25% On Selected Wines When You Buy 6 + Bottles,,/groceries/en-GB/products/256338433,https://digitalcontent.api.tesco.com/v2/media/ghs/8871be69-36f5-404d-929b-68141be6277f/8bd00237-4f49-4230-a775-3cb62459a479_565483216.jpeg?h=225&w=225,
293702919,Finca Las Moras Malbec 75Cl,https://www.tesco.com/groceries/en-GB/shop/drinks/all?department=Wine&viewAll=department&page=,£6.50,£6.50/75cl,£5.00 Clubcard Price,,/groceries/en-GB/products/293702919,https://digitalcontent.api.tesco.com/v2/media/ghs/7a7a3fae-797e-4138-9de0-8e4303d88237/71a0f74b-0a2f-468b-a1f5-9fa0320162f6_1084772935.jpeg?h=225&w=225,
311441517,Italiano Lambrusco Bianco 75Cl,https://www.tesco.com/groceries/en-GB/shop/drinks/all?department=Wine&viewAll=department&page=,£3.25,£3.25/75cl,,New,/groceries/en-GB/products/311441517,https://digitalcontent.api.tesco.com/v2/media/ghs-mktg/b0b04216-fa73-466d-a9d7-c9fcfa1ce9b3/no-image.jpeg,
274683934,Mcguigan Reserve Cabernet Sauvignon 75Cl,https://www.tesco.com/groceries/en-GB/shop/drinks/all?department=Wine&viewAll=department&page=,£7.00,£7.00/75cl,£6.00 Clubcard Price,,/groceries/en-GB/products/274683934,https://digitalcontent.api.tesco.com/v2/media/ghs/122e46de-5f3f-4a1d-872e-3b06c5df79bf/522854be-e9be-40f5-b5d0-f56ec0aba7b9_378334383.jpeg?h=225&w=225,
291710331,Plaza Centro Prosecco Doc Brut 20Cl,https://www.tesco.com/groceries/en-GB/shop/drinks/all?department=Wine&viewAll=department&page=,£2.60,£9.75/75cl,Any 4 for 3 Clubcard Price - Cheapest Product Free - Selected Premix Cans 125ml - 440ml,,/groceries/en-GB/products/291710331,https://digitalcontent.api.tesco.com/v2/media/ghs/b2be00fa-0b1e-45ad-8603-01163f9d5660/afbe55d5-e46a-4519-8e84-eff398966ff9.jpeg?h=225&w=225,
294957011,I Heart Prosecco 75Cl,https://www.tesco.com/groceries/en-GB/shop/drinks/all?department=Wine&viewAll=department&page=,£8.50,£8.50/75cl,Buy 6 or more Save 25% Clubcard Price - Save 25% On Selected Wines When You Buy 6 + Bottles,,/groceries/en-GB/products/294957011,https://digitalcontent.api.tesco.com/v2/media/ghs/fa640431-a281-4e46-94c6-8035b2b61bf2/c476a86e-ef66-4161-a2b0-92012d0f5a95_1200596059.jpeg?h=225&w=225,
311798991,Des Tourelles Bordeaux Superieur 75Cl,https://www.tesco.com/groceries/en-GB/shop/drinks/all?department=Wine&viewAll=department&page=,£7.00,£7.00/75cl,Buy 6 or more Save 25% Clubcard Price - Save 25% On Selected Wines When You Buy 6 + Bottles,,/groceries/en-GB/products/311798991,https://digitalcontent.api.tesco.com/v2/media/ghs/43cd3169-de2a-4edb-87fb-c5fe00c4670f/8c715b0f-e98d-4126-a764-4ae727e45e3f_1177081199.jpeg?h=225&w=225,
306655269,Tesco Finest Prosecco Rose 75Cl,https://www.tesco.com/groceries/en-GB/shop/drinks/all?department=Wine&viewAll=department&page=,£8.50,£8.50/75cl,Buy 6 or more Save 25% Clubcard Price - Save 25% On Selected Wines When You Buy 6 + Bottles,,/groceries/en-GB/products/306655269,https://digitalcontent.api.tesco.com/v2/media/ghs/25f640df-8cb4-458d-ac9c-b97995d26cae/04f467e0-6c07-4f63-b006-651703c33673_244528832.jpeg?h=225&w=225,
273884670,Plaza Centro Prosecco 75Cl,https://www.tesco.com/groceries/en-GB/shop/drinks/all?department=Wine&viewAll=department&page=,£7.50,£7.50/75cl,Buy 6 or more Save 25% Clubcard Price - Save 25% On Selected Wines When You Buy 6 + Bottles,,/groceries/en-GB/products/273884670,https://digitalcontent.api.tesco.com/v2/media/ghs/32de9879-6650-471f-9309-b0959e91c1f0/6a751761-1575-4504-8f0f-c8c56482d925_1024012898.jpeg?h=225&w=225,
312211826,Bella Cucina Asti Spumante 75Cl,https://www.tesco.com/groceries/en-GB/shop/drinks/all?department=Wine&viewAll=department&page=,£5.75,£5.75/75cl,Buy 6 or more Save 25% Clubcard Price - Save 25% On Selected Wines When You Buy 6 + Bottles,,/groceries/en-GB/products/312211826,https://digitalcontent.api.tesco.com/v2/media/ghs-mktg/b0b04216-fa73-466d-a9d7-c9fcfa1ce9b3/no-image.jpeg,
283909190,I Heart Pinot Grigio 75Cl,https://www.tesco.com/groceries/en-GB/shop/drinks/all?department=Wine&viewAll=department&page=,£5.25,£5.25/75cl,Buy 6 or more Save 25% Clubcard Price - Save 25% On Selected Wines When You Buy 6 + Bottles,,/groceries/en-GB/products/283909190,https://digitalcontent.api.tesco.com/v2/media/ghs/d9a45e0f-373b-42ae-ad8e-b0821b9c9fdc/0316bcc6-a503-4182-b9c3-7f84c791318a_186341355.jpeg?h=225&w=225,
280134776,Vineyards Zesty White Wine 75Cl,https://www.tesco.com/groceries/en-GB/shop/drinks/all?department=Wine&viewAll=department&page=,£3.29,£3.29/75cl,Aldi Price Match,,/groceries/en-GB/products/280134776,https://digitalcontent.api.tesco.com/v2/media/ghs/6a94d39a-f478-4a2a-ae7b-7cc42597dcd8/020bfbdf-e46c-4e69-bcd7-060031ef8548_1673894573.jpeg?h=225&w=225,
301768466,Bella Cucina Prosecco Frizzante 75Cl,https://www.tesco.com/groceries/en-GB/shop/drinks/all?department=Wine&viewAll=department&page=,£5.49,£5.49/75cl,Buy 6 or more Save 25% Clubcard Price - Save 25% On Selected Wines When You Buy 6 + Bottles,,/groceries/en-GB/products/301768466,https://digitalcontent.api.tesco.com/v2/media/ghs/da3bc714-0a68-41c9-a48a-4b0bacae2bd4/e39a966e-d3f4-4e49-ab32-451be7d5d4eb_2031530161.jpeg?h=225&w=225,
273782335,Bella Cucina Prosecco 75Cl,https://www.tesco.com/groceries/en-GB/shop/drinks/all?department=Wine&viewAll=department&page=,£6.49,£6.49/75cl,Buy 6 or more Save 25% Clubcard Price - Save 25% On Selected Wines When You Buy 6 + Bottles,,/groceries/en-GB/products/273782335,https://digitalcontent.api.tesco.com/v2/media/ghs/26b7ab96-9bac-4a6f-94fb-d75a82d9625c/708f3e5a-730f-4ea6-bc0c-10f752c6f36d_1159168841.jpeg?h=225&w=225,
311794131,Alta Veduta Chianti 75Cl,https://www.tesco.com/groceries/en-GB/shop/drinks/all?department=Wine&viewAll=department&page=,£5.25,£5.25/75cl,Buy 6 or more Save 25% Clubcard Price - Save 25% On Selected Wines When You Buy 6 + Bottles,,/groceries/en-GB/products/311794131,https://digitalcontent.api.tesco.com/v2/media/ghs/d4a73288-79af-4de7-899b-c35268ad68f3/45e2380f-f232-495a-922a-1330119a638e_2136000342.jpeg?h=225&w=225,
296735680,Freixenet Prosecco Doc 75Cl,https://www.tesco.com/groceries/en-GB/shop/drinks/all?department=Wine&viewAll=department&page=,£12.00,£12.00/75cl,Buy 6 or more Save 25% Clubcard Price - Save 25% On Selected Wines When You Buy 6 + Bottles,,/groceries/en-GB/products/296735680,https://digitalcontent.api.tesco.com/v2/media/ghs/48aa7ad3-4988-4e6e-9727-5cceb287e453/98f54596-de41-4e6c-93ed-415871d991b0_1547345302.jpeg?h=225&w=225,
299531340,19 Crimes Red Wine 75Cl,https://www.tesco.com/groceries/en-GB/shop/drinks/all?department=Wine&viewAll=department&page=,£9.00,£9.00/75cl,Buy 6 or more Save 25% Clubcard Price - Save 25% On Selected Wines When You Buy 6 + Bottles,,/groceries/en-GB/products/299531340,https://digitalcontent.api.tesco.com/v2/media/ghs/92c2e227-f074-4a53-ac7c-0651044ec7d5/dcd58349-e4c8-4024-aafd-a15f8ea6e316_1381322821.jpeg?h=225&w=225,
310119283,Mud House Chile Sauvignon Blanc 750Ml,https://www.tesco.com/groceries/en-GB/shop/drinks/all?department=Wine&viewAll=department&page=,£9.00,£9.00/75cl,Buy 6 or more Save 25% Clubcard Price - Save 25% On Selected Wines When You Buy 6 + Bottles,,/groceries/en-GB/products/310119283,https://digitalcontent.api.tesco.com/v2/media/ghs/047672b3-892b-4a7d-a21a-d9468d85419f/326318b9-5640-481c-a752-19782548d21d_2000194606.jpeg?h=225&w=225,
267931157,Tesco Finest Picpoul De Pinet 75Cl,https://www.tesco.com/groceries/en-GB/shop/drinks/all?department=Wine&viewAll=department&page=,£9.00,£9.00/75cl,Buy 6 or more Save 25% Clubcard Price - Save 25% On Selected Wines When You Buy 6 + Bottles,,/groceries/en-GB/products/267931157,https://digitalcontent.api.tesco.com/v2/media/ghs/cacc38db-c337-407c-ad1a-ec0f4964c3c8/1f630884-4a8e-415a-8926-f84779082e9b.jpeg?h=225&w=225,
266182854,Barefoot White Zinfandel 75Cl,https://www.tesco.com/groceries/en-GB/shop/drinks/all?department=Wine&viewAll=department&page=,£6.75,£6.75/75cl,Buy 6 or more Save 25% Clubcard Price - Save 25% On Selected Wines When You Buy 6 + Bottles,,/groceries/en-GB/products/266182854,https://digitalcontent.api.tesco.com/v2/media/ghs/04971049-0072-44d4-8809-de6f83932e85/75b523a3-35e1-4ab5-a400-94f04cde47de_2021640095.jpeg?h=225&w=225,
262271087,Yellow Tail Pinot Grigio 75Cl,https://www.tesco.com/groceries/en-GB/shop/drinks/all?department=Wine&viewAll=department&page=,£7.00,£7.00/75cl,Buy 6 or more Save 25% Clubcard Price - Save 25% On Selected Wines When You Buy 6 + Bottles,,/groceries/en-GB/products/262271087,https://digitalcontent.api.tesco.com/v2/media/ghs/92f41257-78bc-491e-be75-56bfefab2ea2/23280656-c1c6-4c04-9f99-d32a9a0e69bf_778004161.jpeg?h=225&w=225,
255244194,Torres Vina Sol. 75Cl,https://www.tesco.com/groceries/en-GB/shop/drinks/all?department=Wine&viewAll=department&page=,£7.50,£7.50/75cl,Buy 6 or more Save 25% Clubcard Price - Save 25% On Selected Wines When You Buy 6 + Bottles,,/groceries/en-GB/products/255244194,https://digitalcontent.api.tesco.com/v2/media/ghs/7b6c3e88-5d78-45c2-a237-11e61f7b39d0/3a8cfbff-a663-4b39-a47e-47cf55f213c2_1471070396.jpeg?h=225&w=225,
255241986,Tesco Zesty White Wine Bag In Box 3 Litre,https://www.tesco.com/groceries/en-GB/shop/drinks/all?department=Wine&viewAll=department&page=,£14.50,£3.63/75cl,,,/groceries/en-GB/products/255241986,https://digitalcontent.api.tesco.com/v2/media/ghs/87ef0911-d3ae-4c8f-be70-7c13f8692460/e38ae831-bbd7-49b8-b02e-956fdb2d3646_1706069645.jpeg?h=225&w=225,
299918678,Hardys Varietal Range Shiraz 75Cl,https://www.tesco.com/groceries/en-GB/shop/drinks/all?department=Wine&viewAll=department&page=,£6.00,£6.00/75cl,Buy 6 or more Save 25% Clubcard Price - Save 25% On Selected Wines When You Buy 6 + Bottles,,/groceries/en-GB/products/299918678,https://digitalcontent.api.tesco.com/v2/media/ghs/42f2d504-4a44-4a9f-99b1-9529bb91f716/cf2eb4d9-ab42-45b1-b425-b49dea018966_1814197461.jpeg?h=225&w=225,
312712737,Paul Mas Languedoc Blanc 750Ml,https://www.tesco.com/groceries/en-GB/shop/drinks/all?department=Wine&viewAll=department&page=,£10.00,£10.00/75cl,Buy 6 or more Save 25% Clubcard Price - Save 25% On Selected Wines When You Buy 6 + Bottles,,/groceries/en-GB/products/312712737,https://digitalcontent.api.tesco.com/v2/media/ghs/019c3b44-fdb4-4512-ab1d-3e71d2bc4e93/aecc795a-4a5e-436a-abe5-3719be5e1b0e_1348795785.jpeg?h=225&w=225,
259190872,Oxford Landing Sauvignon Blanc 75Cl,https://www.tesco.com/groceries/en-GB/shop/drinks/all?department=Wine&viewAll=department&page=,£6.75,£6.75/75cl,Buy 6 or more Save 25% Clubcard Price - Save 25% On Selected Wines When You Buy 6 + Bottles,,/groceries/en-GB/products/259190872,https://digitalcontent.api.tesco.com/v2/media/ghs/ed1da629-f315-43c0-b140-c57847539922/b00e6164-57b0-4995-bb9c-c88879a62ce3_1259847033.jpeg?h=225&w=225,
299918690,Hardys Varietal Range Sauvignon Blanc 75Cl,https://www.tesco.com/groceries/en-GB/shop/drinks/all?department=Wine&viewAll=department&page=,£6.00,£6.00/75cl,Buy 6 or more Save 25% Clubcard Price - Save 25% On Selected Wines When You Buy 6 + Bottles,,/groceries/en-GB/products/299918690,https://digitalcontent.api.tesco.com/v2/media/ghs/9790028f-e8f1-4039-bcf8-6b1c21efb57a/7e888403-ff09-4de2-a273-241f0ebd1db1_566699904.jpeg?h=225&w=225,
301744195,Hardys Varietal Range Pinot Grigio 75Cl,https://www.tesco.com/groceries/en-GB/shop/drinks/all?department=Wine&viewAll=department&page=,£6.00,£6.00/75cl,Buy 6 or more Save 25% Clubcard Price - Save 25% On Selected Wines When You Buy 6 + Bottles,,/groceries/en-GB/products/301744195,https://digitalcontent.api.tesco.com/v2/media/ghs/aad53ea7-ca10-43f4-a9f7-6cf3d32b33e9/ad557b71-140c-4fef-82a7-dfb1d4ebfd76_379248428.jpeg?h=225&w=225,
296394206,Tesco Finest Monteforte Pinot Grigio 75Cl,https://www.tesco.com/groceries/en-GB/shop/drinks/all?department=Wine&viewAll=department&page=,£8.00,£8.00/75cl,£7.00 Clubcard Price,,/groceries/en-GB/products/296394206,https://digitalcontent.api.tesco.com/v2/media/ghs/42caf1f4-dc88-4702-9411-332af9386344/020f19db-7b7c-41d5-8b9c-b69516b1e1ec.jpeg?h=225&w=225,
304789436,La Vieille Ferme Red Wine 750Ml,https://www.tesco.com/groceries/en-GB/shop/drinks/all?department=Wine&viewAll=department&page=,£7.50,£7.50/75cl,£6.50 Clubcard Price,,/groceries/en-GB/products/304789436,https://digitalcontent.api.tesco.com/v2/media/ghs/8e161781-9daf-4f67-8635-e82bb59bea35/snapshotimagehandler_1750492800.jpeg?h=225&w=225,
305986754,La Vieille Ferme Rose Wine 750Ml,https://www.tesco.com/groceries/en-GB/shop/drinks/all?department=Wine&viewAll=department&page=,£7.50,£7.50/75cl,£6.50 Clubcard Price,,/groceries/en-GB/products/305986754,https://digitalcontent.api.tesco.com/v2/media/ghs/29afcb77-87b5-4238-bc8f-4f31e94bdeb6/cb55c19a-ee01-49c8-80f0-ac45b8867c76_1394695153.jpeg?h=225&w=225,
304402722,La Vieille Ferme White Wine 750Ml,https://www.tesco.com/groceries/en-GB/shop/drinks/all?department=Wine&viewAll=department&page=,£7.50,£7.50/75cl,£6.50 Clubcard Price,,/groceries/en-GB/products/304402722,https://digitalcontent.api.tesco.com/v2/media/ghs/ba36cee5-544f-45c6-a2e3-afc038b95c7d/0cb240fb-a19a-4255-99dd-6e63d4a30db9_274516002.jpeg?h=225&w=225,
260222846,Oyster Bay Sauvignon Blanc 75Cl,https://www.tesco.com/groceries/en-GB/shop/drinks/all?department=Wine&viewAll=department&page=,£10.00,£10.00/75cl,£9.00 Clubcard Price,,/groceries/en-GB/products/260222846,https://digitalcontent.api.tesco.com/v2/media/ghs/771e92b7-67dd-4643-bd29-6c414b651e6b/f9e53759-3b09-460b-81f0-7a37826a17e7_1570729670.jpeg?h=225&w=225,
311789869,Chateau Ste. Michelle Dry Riesling 75Cl,https://www.tesco.com/groceries/en-GB/shop/drinks/all?department=Wine&viewAll=department&page=,£12.00,£12.00/75cl,Buy 6 or more Save 25% Clubcard Price - Save 25% On Selected Wines When You Buy 6 + Bottles,,/groceries/en-GB/products/311789869,https://digitalcontent.api.tesco.com/v2/media/ghs/ab3e6cc1-b387-4af7-9485-eb5c7b5a3ec4/snapshotimagehandler_254768046.jpeg?h=225&w=225,
256335004,Hardys Stamp Chardonnay Semillon 75Cl,https://www.tesco.com/groceries/en-GB/shop/drinks/all?department=Wine&viewAll=department&page=,£5.00,£5.00/75cl,Buy 6 or more Save 25% Clubcard Price - Save 25% On Selected Wines When You Buy 6 + Bottles,,/groceries/en-GB/products/256335004,https://digitalcontent.api.tesco.com/v2/media/ghs/41489e3e-b057-4483-8b9c-fee37398a17b/db309f12-8f6f-431f-bcc3-d1fbf8b4eca6_1697211129.jpeg?h=225&w=225,
251678389,Gallo Family Vineyards Merlot 75Cl,https://www.tesco.com/groceries/en-GB/shop/drinks/all?department=Wine&viewAll=department&page=,£6.00,£6.00/75cl,Buy 6 or more Save 25% Clubcard Price - Save 25% On Selected Wines When You Buy 6 + Bottles,,/groceries/en-GB/products/251678389,https://digitalcontent.api.tesco.com/v2/media/ghs/99147fea-f0d3-46c5-a315-e5fbf115e469/5e4644f8-9d43-4698-939e-0657da8affe8_1320637011.jpeg?h=225&w=225,
293657356,Hardy's Crest Sauvignon Blanc 75Cl,https://www.tesco.com/groceries/en-GB/shop/drinks/all?department=Wine&viewAll=department&page=,£7.00,£7.00/75cl,£6.00 Clubcard Price,,/groceries/en-GB/products/293657356,https://digitalcontent.api.tesco.com/v2/media/ghs/6233991d-e078-4b07-9280-399ac9eba502/d4b808cb-0cad-4587-99fa-f014a06d8ec0_1848323127.jpeg?h=225&w=225,
256999289,Casillero Del Diablo Sauvignon Blanc 75Cl,https://www.tesco.com/groceries/en-GB/shop/drinks/all?department=Wine&viewAll=department&page=,£7.50,£7.50/75cl,£6.50 Clubcard Price,,/groceries/en-GB/products/256999289,https://digitalcontent.api.tesco.com/v2/media/ghs/c6955a4a-8718-4eef-a48f-f1f5c086c82b/5ccc780a-f24e-4c93-a50d-2d1de9b5450b_1706947246.jpeg?h=225&w=225,
290266980,Barefoot Malbec 75Cl,https://www.tesco.com/groceries/en-GB/shop/drinks/all?department=Wine&viewAll=department&page=,£6.75,£6.75/75cl,Buy 6 or more Save 25% Clubcard Price - Save 25% On Selected Wines When You Buy 6 + Bottles,,/groceries/en-GB/products/290266980,https://digitalcontent.api.tesco.com/v2/media/ghs/cbb130bf-94bf-4f9d-86b4-5911f388be22/7d37a827-62c7-4f2e-8d51-508808b968fa_623198385.jpeg?h=225&w=225,
274763247,Tesco Finest South African Sauvignon Blanc 75Cl,https://www.tesco.com/groceries/en-GB/shop/drinks/all?department=Wine&viewAll=department&page=,£7.50,£7.50/75cl,£6.00 Clubcard Price,,/groceries/en-GB/products/274763247,https://digitalcontent.api.tesco.com/v2/media/ghs/0b84aff7-8874-481c-93a2-c1f96c397b20/9ab250df-2b05-4a41-90e8-92f8c14b346b_1398438864.jpeg?h=225&w=225,
279907422,Mountain Vineyards Sauvignon Blanc 75Cl,https://www.tesco.com/groceries/en-GB/shop/drinks/all?department=Wine&viewAll=department&page=,£4.99,£4.99/75cl,,,/groceries/en-GB/products/279907422,https://digitalcontent.api.tesco.com/v2/media/ghs/6e351ddd-88d1-49ab-b17e-fadc189c2aff/cd232084-dc9d-4070-93d1-af2bae22c916_746170555.jpeg?h=225&w=225,
312711079,Paul Mas Reserve Viognier 750Ml,https://www.tesco.com/groceries/en-GB/shop/drinks/all?department=Wine&viewAll=department&page=,£10.00,£10.00/75cl,Buy 6 or more Save 25% Clubcard Price - Save 25% On Selected Wines When You Buy 6 + Bottles,,/groceries/en-GB/products/312711079,https://digitalcontent.api.tesco.com/v2/media/ghs/e61b7282-de24-42fa-bae2-1aa8d3b914d1/da187243-e5fd-4c60-9217-b0a07ed124c8_1730077613.jpeg?h=225&w=225,
312350246,Alamos Malbec 75Cl,https://www.tesco.com/groceries/en-GB/shop/drinks/all?department=Wine&viewAll=department&page=,£9.00,£9.00/75cl,£7.00 Clubcard Price,,/groceries/en-GB/products/312350246,https://digitalcontent.api.tesco.com/v2/media/ghs/2291d8e0-6040-4cfe-9f25-cd4f7d2e260c/7b631beb-cc77-4bf2-bb15-fef011239b96_1004974635.jpeg?h=225&w=225,
312091189,El Jardin De Ana Godello 75Cl,https://www.tesco.com/groceries/en-GB/shop/drinks/all?department=Wine&viewAll=department&page=,£10.00,£10.00/75cl,£9.00 Clubcard Price,,/groceries/en-GB/products/312091189,https://digitalcontent.api.tesco.com/v2/media/ghs/3b6e68ba-352b-4aa4-8260-623d4780d1a0/eff7d7d2-0b13-457b-8c3d-b84c26f72196_2124626057.jpeg?h=225&w=225,
251295916,Casillero Del Diablo Merlot 75Cl,https://www.tesco.com/groceries/en-GB/shop/drinks/all?department=Wine&viewAll=department&page=,£7.50,£7.50/75cl,£6.50 Clubcard Price,,/groceries/en-GB/products/251295916,https://digitalcontent.api.tesco.com/v2/media/ghs/1c1577b9-9f29-484b-bd46-ccec4cc322a9/6ae62916-88c5-45ab-a283-093782110c5e_1017348954.jpeg?h=225&w=225,
281976843,Dino Italian Blush 75Cl,https://www.tesco.com/groceries/en-GB/shop/drinks/all?department=Wine&viewAll=department&page=,£5.75,£5.75/75cl,£4.50 Clubcard Price,,/groceries/en-GB/products/281976843,https://digitalcontent.api.tesco.com/v2/media/ghs/b5ad3c62-ab94-46d1-8905-f4f6c327d2b7/047dda2a-e1e2-4c0e-b1b6-7c19d1a92823_1950361328.jpeg?h=225&w=225,
303287156,Wine Route Chilean Merlot 75Cl,https://www.tesco.com/groceries/en-GB/shop/drinks/all?department=Wine&viewAll=department&page=,£7.00,£7.00/75cl,"Tesco Finest* Meal Deal for £12 Clubcard Price - Buy 1 Main, 1 Side, 1 Dessert & A Drink",,/groceries/en-GB/products/303287156,https://digitalcontent.api.tesco.com/v2/media/ghs/1defdd79-0420-4ffb-badb-57712cff3fbd/bba7b404-5ea7-459d-8c26-4b5ea3fc850f_90222290.jpeg?h=225&w=225,
257222292,Vineyards Bucks Fizz 75Cl,https://www.tesco.com/groceries/en-GB/shop/drinks/all?department=Wine&viewAll=department&page=,£2.75,£2.75/75cl,£2.25 Clubcard Price,,/groceries/en-GB/products/257222292,https://digitalcontent.api.tesco.com/v2/media/ghs/d15aabdf-bae4-4f27-9c5e-d8a77a066608/7789871c-1635-4b40-a4bf-01844d0e4f13_1585715774.jpeg?h=225&w=225,
256267770,Isla Negra Cabernet Sauvignon 75Cl,https://www.tesco.com/groceries/en-GB/shop/drinks/all?department=Wine&viewAll=department&page=,£5.00,£5.00/75cl,£4.50 Clubcard Price,,/groceries/en-GB/products/256267770,https://digitalcontent.api.tesco.com/v2/media/ghs/1c8f3524-5243-4d2c-aeff-b0f8b77dfa88/79d0f973-926d-4531-8370-8cda38686787_1681926476.jpeg?h=225&w=225,
276474413,Canti Prosecco Spumante 75Cl,https://www.tesco.com/groceries/en-GB/shop/drinks/all?department=Wine&viewAll=department&page=,£9.00,£9.00/75cl,£8.00 Clubcard Price,,/groceries/en-GB/products/276474413,https://digitalcontent.api.tesco.com/v2/media/ghs/fb706c50-51d0-47e8-972f-2a3d9cbd9292/824cb58e-8df6-436b-aac4-ce81f2b4a6e8_69872564.jpeg?h=225&w=225,
259712890,Blossom Hill Red Wine 75Cl,https://www.tesco.com/groceries/en-GB/shop/drinks/all?department=Wine&viewAll=department&page=,£5.00,£5.00/75cl,Buy 6 or more Save 25% Clubcard Price - Save 25% On Selected Wines When You Buy 6 + Bottles,,/groceries/en-GB/products/259712890,https://digitalcontent.api.tesco.com/v2/media/ghs/54de69db-297c-4a00-88bf-d90ccba722ce/dba3b669-178a-4291-a457-46d4fd33177c_1933047756.jpeg?h=225&w=225,
312566777,Italiano Lambrusco Rosso 75Cl,https://www.tesco.com/groceries/en-GB/shop/drinks/all?department=Wine&viewAll=department&page=,£3.25,£3.25/75cl,,New,/groceries/en-GB/products/312566777,https://digitalcontent.api.tesco.com/v2/media/ghs-mktg/b0b04216-fa73-466d-a9d7-c9fcfa1ce9b3/no-image.jpeg,
309450155,Lateral Chilean Merlot 75Cl,https://www.tesco.com/groceries/en-GB/shop/drinks/all?department=Wine&viewAll=department&page=,£4.29,£4.29/75cl,Aldi Price Match,,/groceries/en-GB/products/309450155,https://digitalcontent.api.tesco.com/v2/media/ghs/cec26143-ad07-4ace-9b8b-6d4a98db2e77/2739b952-1cd4-44c0-a87b-af2c27ee5398_103842923.jpeg?h=225&w=225,
309770191,Taparoo Valley Australian Chardonnay 75Cl,https://www.tesco.com/groceries/en-GB/shop/drinks/all?department=Wine&viewAll=department&page=,£4.25,£4.25/75cl,Aldi Price Match,,/groceries/en-GB/products/309770191,https://digitalcontent.api.tesco.com/v2/media/ghs/40d37214-4ee4-4348-aac2-815143c11538/950a8640-604c-4809-a353-8d06ce432ff2_1988330237.jpeg?h=225&w=225,
252239257,Blossom Hill White Zinfandel 75Cl,https://www.tesco.com/groceries/en-GB/shop/drinks/all?department=Wine&viewAll=department&page=,£6.00,£6.00/75cl,£5.25 Clubcard Price,,/groceries/en-GB/products/252239257,https://digitalcontent.api.tesco.com/v2/media/ghs/7b5f6cbb-1ffb-4b58-895a-c32bbda862e8/4c3bc510-6079-41a0-9bc9-0d4e3eb217e8_24964282.jpeg?h=225&w=225,
255246301,Martini Asti Spumante Non Vintage 75Cl,https://www.tesco.com/groceries/en-GB/shop/drinks/all?department=Wine&viewAll=department&page=,£8.50,£8.50/75cl,£7.00 Clubcard Price,,/groceries/en-GB/products/255246301,https://digitalcontent.api.tesco.com/v2/media/ghs/a0263c7e-27bf-4713-9f7f-a1aa6dff926f/d08035d6-bec3-4dd4-8ecf-ecfec432b2bd_1803637882.jpeg?h=225&w=225,
310685279,Fern Bay New Zealand Sauvignon Blanc 75Cl,https://www.tesco.com/groceries/en-GB/shop/drinks/all?department=Wine&viewAll=department&page=,£7.00,£7.00/75cl,Buy 6 or more Save 25% Clubcard Price - Save 25% On Selected Wines When You Buy 6 + Bottles,,/groceries/en-GB/products/310685279,https://digitalcontent.api.tesco.com/v2/media/ghs/d1aaeb47-434d-41e5-9ca7-2a6395900dd7/f894e8f9-a686-4bee-8ff6-c33f9415ee4d_2087518367.jpeg?h=225&w=225,
309777892,Taparoo Valley Australian Merlot 75Cl,https://www.tesco.com/groceries/en-GB/shop/drinks/all?department=Wine&viewAll=department&page=,£4.25,£4.25/75cl,,,/groceries/en-GB/products/309777892,https://digitalcontent.api.tesco.com/v2/media/ghs/20a9e9ae-e1b1-42e6-8dbd-77cb33542e64/f88b0e11-b0b3-4d17-99ad-f68766576a4c_1338758683.jpeg?h=225&w=225,
309776927,Taparoo Valley Australian Shiraz 75Cl,https://www.tesco.com/groceries/en-GB/shop/drinks/all?department=Wine&viewAll=department&page=,£4.25,£4.25/75cl,,,/groceries/en-GB/products/309776927,https://digitalcontent.api.tesco.com/v2/media/ghs/55fbab54-0403-4541-b596-30d17cae5d49/8e86fc03-aaa3-4d6b-b92f-7f795cf5bf65_579165087.jpeg?h=225&w=225,
280117722,Vineyards Fruity Red Wine 75Cl,https://www.tesco.com/groceries/en-GB/shop/drinks/all?department=Wine&viewAll=department&page=,£3.29,£3.29/75cl,Aldi Price Match,,/groceries/en-GB/products/280117722,https://digitalcontent.api.tesco.com/v2/media/ghs/41e2e6a5-004e-4661-8cf2-b9dc299780f5/f6c1a4a8-e0e1-40e7-b73f-c6b0e1c60e16_1269810590.jpeg?h=225&w=225,
309758961,Shallow Bay South African Sauvignon Blanc 75Cl,https://www.tesco.com/groceries/en-GB/shop/drinks/all?department=Wine&viewAll=department&page=,£6.00,£6.00/75cl,£5.00 Clubcard Price,,/groceries/en-GB/products/309758961,https://digitalcontent.api.tesco.com/v2/media/ghs/f16351fa-31ac-4b17-a0e0-7b2b0e69ab43/04442268-bdb2-4da2-a95b-75cc94c5cd96_344584406.jpeg?h=225&w=225,
257228769,Tesco Cava Rosado 75Cl,https://www.tesco.com/groceries/en-GB/shop/drinks/all?department=Wine&viewAll=department&page=,£6.00,£6.00/75cl,Buy 6 or more Save 25% Clubcard Price - Save 25% On Selected Wines When You Buy 6 + Bottles,,/groceries/en-GB/products/257228769,https://digitalcontent.api.tesco.com/v2/media/ghs/88b5c2af-2704-48de-84c3-4aaf0181b84f/7d8b60e0-0c46-479a-a742-a296a1ae20d1_1115676936.jpeg?h=225&w=225,
296704688,Trivento Private Reserve Malbec 75Cl,https://www.tesco.com/groceries/en-GB/shop/drinks/all?department=Wine&viewAll=department&page=,£10.00,£10.00/75cl,Buy 6 or more Save 25% Clubcard Price - Save 25% On Selected Wines When You Buy 6 + Bottles,,/groceries/en-GB/products/296704688,https://digitalcontent.api.tesco.com/v2/media/ghs/303cf47a-0a4c-4de6-8887-a5b678a8a259/0709f6db-15ce-475f-9845-ee3c82b23a83_1291504274.jpeg?h=225&w=225,
306954785,19 Crimes The Uprising Red Wine 750Ml,https://www.tesco.com/groceries/en-GB/shop/drinks/all?department=Wine&viewAll=department&page=,£10.00,£10.00/75cl,Buy 6 or more Save 25% Clubcard Price - Save 25% On Selected Wines When You Buy 6 + Bottles,,/groceries/en-GB/products/306954785,https://digitalcontent.api.tesco.com/v2/media/ghs/2167b8c7-0247-490e-a230-b6debcecf1de/59987291-35e8-405a-9455-0ec2169a3995_535648028.jpeg?h=225&w=225,
293736545,Yellow Tail Malbec 75Cl,https://www.tesco.com/groceries/en-GB/shop/drinks/all?department=Wine&viewAll=department&page=,£7.00,£7.00/75cl,Buy 6 or more Save 25% Clubcard Price - Save 25% On Selected Wines When You Buy 6 + Bottles,,/groceries/en-GB/products/293736545,https://digitalcontent.api.tesco.com/v2/media/ghs/e47590b8-66d6-426c-80fe-990dbd8edcc7/06a70102-f9e9-4664-bd7b-e0992c939761_614098947.jpeg?h=225&w=225,
312702113,Paul Mas Languedoc Noir 750Ml,https://www.tesco.com/groceries/en-GB/shop/drinks/all?department=Wine&viewAll=department&page=,£10.00,£10.00/75cl,Buy 6 or more Save 25% Clubcard Price - Save 25% On Selected Wines When You Buy 6 + Bottles,,/groceries/en-GB/products/312702113,https://digitalcontent.api.tesco.com/v2/media/ghs/8825c708-fe98-4e98-adb5-54ff1326ad49/bb25e97b-6c82-46c0-86a3-d1d80f825d35_42046305.jpeg?h=225&w=225,
276938810,Barefoot Pink Moscato 75Cl,https://www.tesco.com/groceries/en-GB/shop/drinks/all?department=Wine&viewAll=department&page=,£6.75,£6.75/75cl,Buy 6 or more Save 25% Clubcard Price - Save 25% On Selected Wines When You Buy 6 + Bottles,,/groceries/en-GB/products/276938810,https://digitalcontent.api.tesco.com/v2/media/ghs/accf0370-5d94-4393-908e-7ade9fbf8d46/943f0a44-a0cb-458a-8e62-14bd54dbd6ff_110040611.jpeg?h=225&w=225,
259713860,Wolf Blass Yellow Label Cabernet Sauvignon 75Cl,https://www.tesco.com/groceries/en-GB/shop/drinks/all?department=Wine&viewAll=department&page=,£8.00,£8.00/75cl,Buy 6 or more Save 25% Clubcard Price - Save 25% On Selected Wines When You Buy 6 + Bottles,,/groceries/en-GB/products/259713860,https://digitalcontent.api.tesco.com/v2/media/ghs/77d10eeb-0061-4e9f-bfee-faf41d9b779a/6ba98ada-1779-4fc6-b253-2324ad08b318_1369594026.jpeg?h=225&w=225,
292442894,Tesco Australian Chardonnay 2.25L,https://www.tesco.com/groceries/en-GB/shop/drinks/all?department=Wine&viewAll=department&page=,£13.00,£4.34/75cl,,,/groceries/en-GB/products/292442894,https://digitalcontent.api.tesco.com/v2/media/ghs/a81bf141-4b49-440f-83b8-543b247339fb/a18a93fe-bccf-495a-8477-21aaa096867e_517265640.jpeg?h=225&w=225,
293657477,Hardys Crest Shiraz 75Cl,https://www.tesco.com/groceries/en-GB/shop/drinks/all?department=Wine&viewAll=department&page=,£7.00,£7.00/75cl,£6.00 Clubcard Price,,/groceries/en-GB/products/293657477,https://digitalcontent.api.tesco.com/v2/media/ghs/4fcbc1cb-053c-4266-95e9-510d05a1184b/5be82e2c-d216-492f-afd2-4ea14343e5ff_1785990034.jpeg?h=225&w=225,
257863212,Campo Viejo Rioja Reserva 75Cl,https://www.tesco.com/groceries/en-GB/shop/drinks/all?department=Wine&viewAll=department&page=,£11.00,£11.00/75cl,£9.00 Clubcard Price,,/groceries/en-GB/products/257863212,https://digitalcontent.api.tesco.com/v2/media/ghs/a14ecab5-9040-4c37-98f6-11a2018efa2e/c4b69ef4-12ab-44bf-994f-d11612a7bace_1227095643.jpeg?h=225&w=225,
306814519,Jam Shed Argentina Malbec 750Ml,https://www.tesco.com/groceries/en-GB/shop/drinks/all?department=Wine&viewAll=department&page=,£7.00,£7.00/75cl,Buy 6 or more Save 25% Clubcard Price - Save 25% On Selected Wines When You Buy 6 + Bottles,,/groceries/en-GB/products/306814519,https://digitalcontent.api.tesco.com/v2/media/ghs/ac602628-0e47-4c0e-8d15-87793372d1dd/7ea81127-49af-4607-b2d8-362470673d3e_2046885059.jpeg?h=225&w=225,
255246727,Harveys Bristol Cream Sherry 1 Litre Bottle,https://www.tesco.com/groceries/en-GB/shop/drinks/all?department=Wine&viewAll=department&page=,£12.50,£9.38/75cl,£11.00 Clubcard Price,,/groceries/en-GB/products/255246727,https://digitalcontent.api.tesco.com/v2/media/ghs/36812afc-5646-4697-92ea-39f80e705fb8/213546db-d3fd-46cd-8a05-80ff19811a03.jpeg?h=225&w=225,
292356830,Campo Viejo Blanco Rioja 75Cl,https://www.tesco.com/groceries/en-GB/shop/drinks/all?department=Wine&viewAll=department&page=,£8.00,£8.00/75cl,Buy 6 or more Save 25% Clubcard Price - Save 25% On Selected Wines When You Buy 6 + Bottles,,/groceries/en-GB/products/292356830,https://digitalcontent.api.tesco.com/v2/media/ghs/81b0c5ad-c740-4ce0-86a5-c450fc7cd737/6d4c4897-2704-406b-90c7-ae00a36cb0ee_1531916506.jpeg?h=225&w=225,
301689559,Trapiche Oak Cask Malbec 75Cl,https://www.tesco.com/groceries/en-GB/shop/drinks/all?department=Wine&viewAll=department&page=,£7.00,£7.00/75cl,Buy 6 or more Save 25% Clubcard Price - Save 25% On Selected Wines When You Buy 6 + Bottles,,/groceries/en-GB/products/301689559,https://digitalcontent.api.tesco.com/v2/media/ghs/614e7258-69bc-4bda-b154-15aed87289ac/dd6e03c9-2cd4-4fcb-a702-f878a9b9df97_1965359661.jpeg?h=225&w=225,
292443410,Tesco Australian Shiraz 2.25L,https://www.tesco.com/groceries/en-GB/shop/drinks/all?department=Wine&viewAll=department&page=,£13.00,£4.34/75cl,,,/groceries/en-GB/products/292443410,https://digitalcontent.api.tesco.com/v2/media/ghs/8720c839-a989-4b8e-ad2c-3b4cbcfbcdf6/snapshotimagehandler_1619941727.jpeg?h=225&w=225,
250322893,Faustino Vii Rioja 75Cl,https://www.tesco.com/groceries/en-GB/shop/drinks/all?department=Wine&viewAll=department&page=,£8.00,£8.00/75cl,£7.00 Clubcard Price,,/groceries/en-GB/products/250322893,https://digitalcontent.api.tesco.com/v2/media/ghs/982d63eb-e9dc-4279-a50f-794d70764acc/4bc69e1f-e1fe-4a41-806e-d3ae2d0d2083_1150655155.jpeg?h=225&w=225,
285300825,Yellow Tail Shiraz 18.7Cl,https://www.tesco.com/groceries/en-GB/shop/drinks/all?department=Wine&viewAll=department&page=,£2.50,£10.03/75cl,Any 4 for 3 Clubcard Price - Cheapest Product Free - Selected Premix Cans 125ml - 440ml,,/groceries/en-GB/products/285300825,https://digitalcontent.api.tesco.com/v2/media/ghs/61ad21e2-44b9-4110-8a12-df416b42576d/2de978e3-788b-4b12-b757-b54a3742feca.jpeg?h=225&w=225,
260572903,Turner Road Reserve Merlot 75Cl,https://www.tesco.com/groceries/en-GB/shop/drinks/all?department=Wine&viewAll=department&page=,£6.00,£6.00/75cl,Buy 6 or more Save 25% Clubcard Price - Save 25% On Selected Wines When You Buy 6 + Bottles,,/groceries/en-GB/products/260572903,https://digitalcontent.api.tesco.com/v2/media/ghs/a3bcb55f-4be9-46fb-8696-d9a756246c83/e96a1157-c0a5-4ce2-8772-8ab8d6e6b1c1_508440320.jpeg?h=225&w=225,
285477638,The Straw Hat Rose 75Cl,https://www.tesco.com/groceries/en-GB/shop/drinks/all?department=Wine&viewAll=department&page=,£4.25,£4.25/75cl,,,/groceries/en-GB/products/285477638,https://digitalcontent.api.tesco.com/v2/media/ghs/3e8b2090-3aba-4d7c-9571-5c2274a311fa/402c27b8-2dfa-4d37-acd9-1e3671a5c418_1481808515.jpeg?h=225&w=225,
285299852,Yellow Tail Pinot Grigio 18.7Cl,https://www.tesco.com/groceries/en-GB/shop/drinks/all?department=Wine&viewAll=department&page=,£2.50,£10.03/75cl,Any 4 for 3 Clubcard Price - Cheapest Product Free - Selected Premix Cans 125ml - 440ml,,/groceries/en-GB/products/285299852,https://digitalcontent.api.tesco.com/v2/media/ghs/d6fe6c83-2ba6-4aa3-8af3-c6ac210ee240/7e941434-e79b-4820-9ca2-c5564438ad0b.jpeg?h=225&w=225,
280136273,Campo Viejo Tempranillo Rioja 187Ml,https://www.tesco.com/groceries/en-GB/shop/drinks/all?department=Wine&viewAll=department&page=,£2.50,£10.03/75cl,Any 4 for 3 Clubcard Price - Cheapest Product Free - Selected Premix Cans 125ml - 440ml,,/groceries/en-GB/products/280136273,https://digitalcontent.api.tesco.com/v2/media/ghs/0ffd4063-5570-4a52-b445-8da4c5dc4420/4c29793d-df62-4b90-a7a0-f6f308cc9788.jpeg?h=225&w=225,
272640281,Yellow Tail Sauvignon Blanc 75Cl,https://www.tesco.com/groceries/en-GB/shop/drinks/all?department=Wine&viewAll=department&page=,£7.00,£7.00/75cl,Buy 6 or more Save 25% Clubcard Price - Save 25% On Selected Wines When You Buy 6 + Bottles,,/groceries/en-GB/products/272640281,https://digitalcontent.api.tesco.com/v2/media/ghs/b0e1e699-2f88-4486-a245-7d0f38080523/1b74d6e7-4ff0-4905-b245-bf1cd2614272_1133500933.jpeg?h=225&w=225,
311447065,Caparelli Soave 75Cl 75Cl,https://www.tesco.com/groceries/en-GB/shop/drinks/all?department=Wine&viewAll=department&page=,£4.75,£4.75/75cl,,,/groceries/en-GB/products/311447065,https://digitalcontent.api.tesco.com/v2/media/ghs/856dfa39-a068-4a33-908e-e00c5a7bc2a5/997d3f1d-823d-47b2-99a5-b1ad02a31f78_1716269695.jpeg?h=225&w=225,
309467320,Jam Shed Australian Chardonnay 750Ml,https://www.tesco.com/groceries/en-GB/shop/drinks/all?department=Wine&viewAll=department&page=,£7.00,£7.00/75cl,Buy 6 or more Save 25% Clubcard Price - Save 25% On Selected Wines When You Buy 6 + Bottles,,/groceries/en-GB/products/309467320,https://digitalcontent.api.tesco.com/v2/media/ghs/c2fa09e5-cdcb-47f8-9c83-a8cd0dec7ff4/2797d038-6f1f-422c-adcf-95e140045b83_11575554.jpeg?h=225&w=225,
256564781,Gallo Family Vineyards White Zinfandel 75Cl,https://www.tesco.com/groceries/en-GB/shop/drinks/all?department=Wine&viewAll=department&page=,£6.00,£6.00/75cl,Buy 6 or more Save 25% Clubcard Price - Save 25% On Selected Wines When You Buy 6 + Bottles,,/groceries/en-GB/products/256564781,https://digitalcontent.api.tesco.com/v2/media/ghs/58dff411-e778-4153-9b84-78aebc24510d/0df13f84-a8f5-4392-a001-dda920a0f39e_1610967102.jpeg?h=225&w=225,
303287231,Wine Route Sauvignon Blanc Chile 75Cl,https://www.tesco.com/groceries/en-GB/shop/drinks/all?department=Wine&viewAll=department&page=,£7.00,£7.00/75cl,"Tesco Finest* Meal Deal for £12 Clubcard Price - Buy 1 Main, 1 Side, 1 Dessert & A Drink",,/groceries/en-GB/products/303287231,https://digitalcontent.api.tesco.com/v2/media/ghs/521c34f0-1795-4645-b975-a48936466ea4/f529a504-33b8-4ebd-b93c-af154876ffd9_370533765.jpeg?h=225&w=225,
310164147,Mcguigan Reserve Pinot Grigio 75Cl,https://www.tesco.com/groceries/en-GB/shop/drinks/all?department=Wine&viewAll=department&page=,£7.00,£7.00/75cl,£6.00 Clubcard Price,,/groceries/en-GB/products/310164147,https://digitalcontent.api.tesco.com/v2/media/ghs/59b15d07-8158-479a-92cf-3d7793fc0ddf/2cd044c9-5326-460a-8378-ffdeca251fcd_1877781445.jpeg?h=225&w=225,
295077647,Tesco Finest Docg Valdobbiadene Prosecco 20Cl,https://www.tesco.com/groceries/en-GB/shop/drinks/all?department=Wine&viewAll=department&page=,£3.50,£13.13/75cl,Any 4 for 3 Clubcard Price - Cheapest Product Free - Selected Premix Cans 125ml - 440ml,,/groceries/en-GB/products/295077647,https://digitalcontent.api.tesco.com/v2/media/ghs/9fa37fd5-466b-45c4-9246-f6304b70b751/044f4a90-e1d8-43ee-863c-ac52f64139bc.jpeg?h=225&w=225,
255247605,Tesco Green Ginger Wine 70Cl Bottle,https://www.tesco.com/groceries/en-GB/shop/drinks/all?department=Wine&viewAll=department&page=,£3.75,£4.02/75cl,,,/groceries/en-GB/products/255247605,https://digitalcontent.api.tesco.com/v2/media/ghs/62fdf12a-591f-4b42-9166-cec7ceb61036/fccd9369-5621-488e-ad96-46a42974ae4e_500987974.jpeg?h=225&w=225,
290012750,Barefoot Merlot 187Ml,https://www.tesco.com/groceries/en-GB/shop/drinks/all?department=Wine&viewAll=department&page=,£2.10,£8.43/75cl,Any 4 for 3 Clubcard Price - Cheapest Product Free - Selected Premix Cans 125ml - 440ml,,/groceries/en-GB/products/290012750,https://digitalcontent.api.tesco.com/v2/media/ghs/61fe38b6-eb93-43bd-8907-d689573dcadf/334ebeda-120d-4622-8db4-34287fb45957.jpeg?h=225&w=225,
255246451,Tesco Cream Sherry 1L,https://www.tesco.com/groceries/en-GB/shop/drinks/all?department=Wine&viewAll=department&page=,£7.50,£5.63/75cl,,,/groceries/en-GB/products/255246451,https://digitalcontent.api.tesco.com/v2/media/ghs/07863c17-9d33-4895-887e-5524c3f0bbfc/20ff5fb8-cf16-4c97-852a-5a226261c4ea.jpeg?h=225&w=225,
306822884,Beefsteak Club Malbec 75Cl,https://www.tesco.com/groceries/en-GB/shop/drinks/all?department=Wine&viewAll=department&page=,£7.00,£7.00/75cl,£6.00 Clubcard Price,,/groceries/en-GB/products/306822884,https://digitalcontent.api.tesco.com/v2/media/ghs/3f7c5a80-5df6-4686-96e2-107775e45792/6397be00-ef33-4814-8d2d-cff6f6f75c4b_1395693029.jpeg?h=225&w=225,
310133023,Casa Mana Chardonnay 75Cl 75Cl,https://www.tesco.com/groceries/en-GB/shop/drinks/all?department=Wine&viewAll=department&page=,£3.79,£3.79/75cl,Aldi Price Match,,/groceries/en-GB/products/310133023,https://digitalcontent.api.tesco.com/v2/media/ghs/f6c22737-5d7c-44c3-80e0-1d8d1e6c7213/bbdde8a4-e6db-4eb2-8c86-819a75263f61_214234937.jpeg?h=225&w=225,
257444582,Codorniu Vintage Cava 75Cl,https://www.tesco.com/groceries/en-GB/shop/drinks/all?department=Wine&viewAll=department&page=,£11.00,£11.00/75cl,£8.00 Clubcard Price,,/groceries/en-GB/products/257444582,https://digitalcontent.api.tesco.com/v2/media/ghs/1eb40673-b363-46cb-a761-65bab905e1d2/2c2b00ab-0142-4e42-a144-55e119f3778b_476386618.jpeg?h=225&w=225,
306665879,Tesco Finest Cotes Du Rhone Villages 75Cl,https://www.tesco.com/groceries/en-GB/shop/drinks/all?department=Wine&viewAll=department&page=,£8.00,£8.00/75cl,£7.00 Clubcard Price,,/groceries/en-GB/products/306665879,https://digitalcontent.api.tesco.com/v2/media/ghs/a69fc9c7-40e6-444b-ae9f-06413c3d0681/f4f9ce3b-9c94-4e23-a6c1-76280c0cedac_673707821.jpeg?h=225&w=225,
295163706,Wairau Cove Marl Sauvignon Blanc 187Ml,https://www.tesco.com/groceries/en-GB/shop/drinks/all?department=Wine&viewAll=department&page=,£2.10,£8.43/75cl,Any 4 for 3 Clubcard Price - Cheapest Product Free - Selected Premix Cans 125ml - 440ml,,/groceries/en-GB/products/295163706,https://digitalcontent.api.tesco.com/v2/media/ghs/dbebbc1b-b5d7-4e1a-8915-18f9286f8823/b3ddb86b-e354-48f5-a285-a8574db9dc53.jpeg?h=225&w=225,
310131100,Cape Kyala Chenin Blanc 75Cl,https://www.tesco.com/groceries/en-GB/shop/drinks/all?department=Wine&viewAll=department&page=,£3.79,£3.79/75cl,Aldi Price Match,,/groceries/en-GB/products/310131100,https://digitalcontent.api.tesco.com/v2/media/ghs/9056e439-598e-478d-ac9f-9a1b00d5bc16/98607c3d-c079-481d-9b6b-c3d5e71a7924_1201785343.jpeg?h=225&w=225,
259712953,Blossom Hill White Wine 75Cl,https://www.tesco.com/groceries/en-GB/shop/drinks/all?department=Wine&viewAll=department&page=,£5.00,£5.00/75cl,Buy 6 or more Save 25% Clubcard Price - Save 25% On Selected Wines When You Buy 6 + Bottles,,/groceries/en-GB/products/259712953,https://digitalcontent.api.tesco.com/v2/media/ghs/0c000d58-6f5d-49db-a9f7-0e70b469d0b2/c82c4696-0a2f-4600-ba01-30927a14ff63_1135594074.jpeg?h=225&w=225,
266686696,Blaxland Estate Chardonnay 75Cl,https://www.tesco.com/groceries/en-GB/shop/drinks/all?department=Wine&viewAll=department&page=,£5.00,£5.00/75cl,Buy 6 or more Save 25% Clubcard Price - Save 25% On Selected Wines When You Buy 6 + Bottles,,/groceries/en-GB/products/266686696,https://digitalcontent.api.tesco.com/v2/media/ghs/bfe1e6b7-a0df-4f82-9fb5-b35235308692/29aaaab0-e9de-43b4-9008-6d3b1b6383df_107201151.jpeg?h=225&w=225,
292632462,I Heart Sauvignon Blanc 75Cl,https://www.tesco.com/groceries/en-GB/shop/drinks/all?department=Wine&viewAll=department&page=,£5.25,£5.25/75cl,Buy 6 or more Save 25% Clubcard Price - Save 25% On Selected Wines When You Buy 6 + Bottles,,/groceries/en-GB/products/292632462,https://digitalcontent.api.tesco.com/v2/media/ghs/995b6105-790b-46f8-a55d-6c5e81c965dc/5846c6aa-10c8-467e-8290-5a132818b7ad_2079227969.jpeg?h=225&w=225,
310689511,Cape Kyala Sauvignon Blanc 75Cl,https://www.tesco.com/groceries/en-GB/shop/drinks/all?department=Wine&viewAll=department&page=,£3.99,£3.99/75cl,,,/groceries/en-GB/products/310689511,https://digitalcontent.api.tesco.com/v2/media/ghs/899394bf-6e31-4b52-9db9-27a8906b2b75/e8ee84a0-d5eb-4bcb-b682-d9b68b43d243_891819433.jpeg?h=225&w=225,
266686569,Blaxland Estate Shiraz 75Cl,https://www.tesco.com/groceries/en-GB/shop/drinks/all?department=Wine&viewAll=department&page=,£5.00,£5.00/75cl,Buy 6 or more Save 25% Clubcard Price - Save 25% On Selected Wines When You Buy 6 + Bottles,,/groceries/en-GB/products/266686569,https://digitalcontent.api.tesco.com/v2/media/ghs/1690ac7c-fb66-46c0-bf02-bcd36a1fa357/63612572-2e91-4a56-b6ee-1283a4a5cd8b_1996506428.jpeg?h=225&w=225,
311806317,Blaumeister Liebfraumilch 75Cl,https://www.tesco.com/groceries/en-GB/shop/drinks/all?department=Wine&viewAll=department&page=,£3.79,£3.79/75cl,Aldi Price Match,,/groceries/en-GB/products/311806317,https://digitalcontent.api.tesco.com/v2/media/ghs/92c89caa-a9ed-45dd-8fc7-2d2cb750b56c/f2eea712-57b7-411a-b32b-cdd2a01557c8_892073129.jpeg?h=225&w=225,
299638911,Freixenet Italian Sparkling Rose 75Cl,https://www.tesco.com/groceries/en-GB/shop/drinks/all?department=Wine&viewAll=department&page=,£12.00,£12.00/75cl,Buy 6 or more Save 25% Clubcard Price - Save 25% On Selected Wines When You Buy 6 + Bottles,,/groceries/en-GB/products/299638911,https://digitalcontent.api.tesco.com/v2/media/ghs/362b91b8-8a5e-41a5-bc0a-2b6903ba2e33/3a570790-3596-4d93-aa43-a0ab40353426_989786578.jpeg?h=225&w=225,
251557187,Country Manor Medium Dry Perry 3 Litre,https://www.tesco.com/groceries/en-GB/shop/drinks/all?department=Wine&viewAll=department&page=,£6.00,£1.50/75cl,,,/groceries/en-GB/products/251557187,https://digitalcontent.api.tesco.com/v2/media/ghs/cf472096-7854-423c-be80-000e84dbc4a2/290e10d5-1bac-4006-9ccd-b600f70d08a9_1297660009.jpeg?h=225&w=225,
280302900,Isla Negra Sauvignon Blanc Px Wine 2.25Ltr,https://www.tesco.com/groceries/en-GB/shop/drinks/all?department=Wine&viewAll=department&page=,£14.50,£4.84/75cl,,,/groceries/en-GB/products/280302900,https://digitalcontent.api.tesco.com/v2/media/ghs/833c126b-1e2f-4290-9129-7544fdf5145b/5f5a05fc-f7c6-4139-a899-0e8c0adc6811_141479976.jpeg?h=225&w=225,
309460667,Stoneleigh Sauvignon Blanc 750Ml,https://www.tesco.com/groceries/en-GB/shop/drinks/all?department=Wine&viewAll=department&page=,£10.00,£10.00/75cl,Buy 6 or more Save 25% Clubcard Price - Save 25% On Selected Wines When You Buy 6 + Bottles,,/groceries/en-GB/products/309460667,https://digitalcontent.api.tesco.com/v2/media/ghs/02b70128-cf33-4431-a865-1741a8aca86b/52ae446e-c13b-429a-af30-beba74ea2fd1_414286178.jpeg?h=225&w=225,
299609128,Tesco Chilean Merlot 2.25Ltr,https://www.tesco.com/groceries/en-GB/shop/drinks/all?department=Wine&viewAll=department&page=,£13.00,£4.34/75cl,,,/groceries/en-GB/products/299609128,https://digitalcontent.api.tesco.com/v2/media/ghs/a968d4b3-04e3-4277-b559-ddc0b5d54183/a9fde13e-c705-47dc-934b-1f096cf51b77_1932292052.jpeg?h=225&w=225,
282187116,Tesco Fruity Red Bag In Box Wine 3 Litres,https://www.tesco.com/groceries/en-GB/shop/drinks/all?department=Wine&viewAll=department&page=,£14.50,£3.63/75cl,,,/groceries/en-GB/products/282187116,https://digitalcontent.api.tesco.com/v2/media/ghs/4b105b85-a57b-483c-85b3-827d359c07c9/fbd5a040-50c4-49df-96d7-1e4c94cad76a_150546329.jpeg?h=225&w=225,
278373149,Louis De Camponac Cabernet Sauvignon 75Cl,https://www.tesco.com/groceries/en-GB/shop/drinks/all?department=Wine&viewAll=department&page=,£6.50,£6.50/75cl,Buy 6 or more Save 25% Clubcard Price - Save 25% On Selected Wines When You Buy 6 + Bottles,,/groceries/en-GB/products/278373149,https://digitalcontent.api.tesco.com/v2/media/ghs/19c84235-9161-4891-9064-5f3f4cf2a3b8/e95ec215-067b-4f06-bbcf-123712a1b14b_1655723190.jpeg?h=225&w=225,
299649869,Tesco Italian Rose Blush Wine 2.25L,https://www.tesco.com/groceries/en-GB/shop/drinks/all?department=Wine&viewAll=department&page=,£13.00,£4.34/75cl,,,/groceries/en-GB/products/299649869,https://digitalcontent.api.tesco.com/v2/media/ghs/410bb57b-3207-4ded-adb5-90d5b87364a2/aadc5bcc-f448-459d-adf2-022ba38f0a80_517156832.jpeg?h=225&w=225,
251295853,Casillero Del Diablo Chardonnay 75Cl,https://www.tesco.com/groceries/en-GB/shop/drinks/all?department=Wine&viewAll=department&page=,£7.50,£7.50/75cl,£6.50 Clubcard Price,,/groceries/en-GB/products/251295853,https://digitalcontent.api.tesco.com/v2/media/ghs/b4e85f1a-ce89-4674-aa55-6fc8cf184e5a/ee0df32f-18a0-4122-b2e1-d37122d7d867_2055278916.jpeg?h=225&w=225,
255246819,Croft Original Pale Cream Sherry 1 Litre,https://www.tesco.com/groceries/en-GB/shop/drinks/all?department=Wine&viewAll=department&page=,£12.50,£9.38/75cl,£11.00 Clubcard Price,,/groceries/en-GB/products/255246819,https://digitalcontent.api.tesco.com/v2/media/ghs/c91712fa-fbcb-496d-b855-0424dd1772fa/a4477c7d-5f3f-404b-b305-2db7b44f479a.jpeg?h=225&w=225,
305983711,Barefoot Jammy Red California Wine 750Ml,https://www.tesco.com/groceries/en-GB/shop/drinks/all?department=Wine&viewAll=department&page=,£6.75,£6.75/75cl,Buy 6 or more Save 25% Clubcard Price - Save 25% On Selected Wines When You Buy 6 + Bottles,,/groceries/en-GB/products/305983711,https://digitalcontent.api.tesco.com/v2/media/ghs/4342bc1f-d53c-4657-b710-78e1a1912720/2089c0ce-f44d-4457-8713-7466d1e6ef8c_1389139171.jpeg?h=225&w=225,
280145052,Tesco Finest Pecorino 75Cl,https://www.tesco.com/groceries/en-GB/shop/drinks/all?department=Wine&viewAll=department&page=,£7.00,£7.00/75cl,Buy 6 or more Save 25% Clubcard Price - Save 25% On Selected Wines When You Buy 6 + Bottles,,/groceries/en-GB/products/280145052,https://digitalcontent.api.tesco.com/v2/media/ghs/b7d21e65-6d65-4f0e-8771-478e12862fcb/4097deb7-3d98-4e1c-ae04-f8aaeff0ed62.jpeg?h=225&w=225,
299609140,Tesco Chilean Sauvignon Blanc 2.25Ltr,https://www.tesco.com/groceries/en-GB/shop/drinks/all?department=Wine&viewAll=department&page=,£13.00,£4.34/75cl,,,/groceries/en-GB/products/299609140,https://digitalcontent.api.tesco.com/v2/media/ghs/ce75cdff-cbbf-445d-8010-d4352453fcc0/d9390b49-9460-4d01-8e21-6ba02711daea_1679287750.jpeg?h=225&w=225,
301832528,First Cape Special Cuvee Chenin Blanc,https://www.tesco.com/groceries/en-GB/shop/drinks/all?department=Wine&viewAll=department&page=,£6.50,£6.50/75cl,£5.00 Clubcard Price,,/groceries/en-GB/products/301832528,https://digitalcontent.api.tesco.com/v2/media/ghs/178dc2b0-b493-40dc-9892-a3878235498a/24a4a139-382d-44be-8faf-6a2928cbd506_322788874.jpeg?h=225&w=225,
278453199,Apothic Red 75Cl,https://www.tesco.com/groceries/en-GB/shop/drinks/all?department=Wine&viewAll=department&page=,£9.00,£9.00/75cl,Buy 6 or more Save 25% Clubcard Price - Save 25% On Selected Wines When You Buy 6 + Bottles,,/groceries/en-GB/products/278453199,https://digitalcontent.api.tesco.com/v2/media/ghs/452bf4a4-ea4f-4bc0-a153-ca1098e30f22/snapshotimagehandler_1677678704.jpeg?h=225&w=225,
277016707,Barefoot Sauvignon Blanc 75Cl,https://www.tesco.com/groceries/en-GB/shop/drinks/all?department=Wine&viewAll=department&page=,£6.75,£6.75/75cl,Buy 6 or more Save 25% Clubcard Price - Save 25% On Selected Wines When You Buy 6 + Bottles,,/groceries/en-GB/products/277016707,https://digitalcontent.api.tesco.com/v2/media/ghs/32fa7ced-0659-4f07-bef5-69e9742072dd/e9aa8fd5-2de3-411f-8db7-b5b281edffec_1882067273.jpeg?h=225&w=225,
309478899,Firemark Argentinian Malbec 75Cl,https://www.tesco.com/groceries/en-GB/shop/drinks/all?department=Wine&viewAll=department&page=,£4.79,£4.79/75cl,Aldi Price Match,,/groceries/en-GB/products/309478899,https://digitalcontent.api.tesco.com/v2/media/ghs/0572e81a-3915-4ec2-8af4-6e089729b5dc/956d50cb-77e5-464d-b347-e8b24e3f0ba1_1649124667.jpeg?h=225&w=225,
310653300,Caparelli Italian Rose Blush 75Cl,https://www.tesco.com/groceries/en-GB/shop/drinks/all?department=Wine&viewAll=department&page=,£4.30,£4.30/75cl,,,/groceries/en-GB/products/310653300,https://digitalcontent.api.tesco.com/v2/media/ghs/a32289c9-532e-4194-88f7-9328cd09ec5e/624c3b03-5c89-41dc-8256-5aa97328c52f_1234720770.jpeg?h=225&w=225,
278418150,Prestige De Calvet Cotes Du Rhone Villages 75Cl,https://www.tesco.com/groceries/en-GB/shop/drinks/all?department=Wine&viewAll=department&page=,£7.50,£7.50/75cl,£6.50 Clubcard Price,,/groceries/en-GB/products/278418150,https://digitalcontent.api.tesco.com/v2/media/ghs/ae136d07-42bd-4f5e-9acd-102c33ddce96/snapshotimagehandler_130180268.jpeg?h=225&w=225,
305829469,Lambrini Lightly Sparkling Perry 125Cl,https://www.tesco.com/groceries/en-GB/shop/drinks/all?department=Wine&viewAll=department&page=,£3.00,£1.80/75cl,,,/groceries/en-GB/products/305829469,https://digitalcontent.api.tesco.com/v2/media/ghs/5e5c0e11-5737-40ca-9d09-5f2c0a7dcc5f/6a0bddb4-33ce-4e9c-a0a3-52b5d2990dd2_150878366.jpeg?h=225&w=225,
268436575,Blossom Hill Soft & Fruity 18.7Cl,https://www.tesco.com/groceries/en-GB/shop/drinks/all?department=Wine&viewAll=department&page=,£2.00,£8.03/75cl,Any 4 for 3 Clubcard Price - Cheapest Product Free - Selected Premix Cans 125ml - 440ml,,/groceries/en-GB/products/268436575,https://digitalcontent.api.tesco.com/v2/media/ghs/a1d80d52-9941-43e6-b40a-32a75041e8bd/b67264a1-a21f-4a8a-8685-1a4f585749d9_472203536.jpeg?h=225&w=225,
274261812,Casillero Del Diablo Malbec 75Cl,https://www.tesco.com/groceries/en-GB/shop/drinks/all?department=Wine&viewAll=department&page=,£7.50,£7.50/75cl,£6.50 Clubcard Price,,/groceries/en-GB/products/274261812,https://digitalcontent.api.tesco.com/v2/media/ghs/961496da-08bd-4479-ac5e-55cfaa7b406b/562c175f-bdcb-49b8-96a9-13ec27026674_828910918.jpeg?h=225&w=225,
306500286,Mad Fish Sauvignon Blanc Wine 75Cl,https://www.tesco.com/groceries/en-GB/shop/drinks/all?department=Wine&viewAll=department&page=,£9.50,£9.50/75cl,£7.00 Clubcard Price,,/groceries/en-GB/products/306500286,https://digitalcontent.api.tesco.com/v2/media/ghs/7c8fcd8d-aef6-4cc3-b3c2-6fc06aac6224/6661689e-1155-444c-b402-90630184132f_1990821525.jpeg?h=225&w=225,
311953721,I Heart Prosecco Rose 75Cl,https://www.tesco.com/groceries/en-GB/shop/drinks/all?department=Wine&viewAll=department&page=,£9.00,£9.00/75cl,Buy 6 or more Save 25% Clubcard Price - Save 25% On Selected Wines When You Buy 6 + Bottles,,/groceries/en-GB/products/311953721,https://digitalcontent.api.tesco.com/v2/media/ghs/45ef8b56-de07-4e2f-868a-8460d2949f20/783a2e14-36bc-4cb0-b752-3b2664565e12_223867407.jpeg?h=225&w=225,
309776697,Lateral Chilean Cabernet Sauvignon 75Cl,https://www.tesco.com/groceries/en-GB/shop/drinks/all?department=Wine&viewAll=department&page=,£4.29,£4.29/75cl,Aldi Price Match,,/groceries/en-GB/products/309776697,https://digitalcontent.api.tesco.com/v2/media/ghs/3d77e779-ec1d-469f-8147-3c575909db42/5a96fb32-799f-46c4-b2d2-b5476e16b8c1_350716684.jpeg?h=225&w=225,
255243120,Black Tower Fruity White 75Cl,https://www.tesco.com/groceries/en-GB/shop/drinks/all?department=Wine&viewAll=department&page=,£5.50,£5.50/75cl,Buy 6 or more Save 25% Clubcard Price - Save 25% On Selected Wines When You Buy 6 + Bottles,,/groceries/en-GB/products/255243120,https://digitalcontent.api.tesco.com/v2/media/ghs/960f1f5f-86be-48bf-bc9e-03206bf7d053/72ea2abe-099b-40ee-912d-62a488678465_1477199074.jpeg?h=225&w=225,
264608661,J P Chenet Merlot 18.7Cl,https://www.tesco.com/groceries/en-GB/shop/drinks/all?department=Wine&viewAll=department&page=,£2.10,£8.43/75cl,Any 4 for 3 Clubcard Price - Cheapest Product Free - Selected Premix Cans 125ml - 440ml,,/groceries/en-GB/products/264608661,https://digitalcontent.api.tesco.com/v2/media/ghs/eb991cfe-8d99-4126-b3f4-19abcbe1e1e9/9607b4e5-4176-4200-ab2b-eca6630c10b3.jpeg?h=225&w=225,
292542643,Tesco Finest Passerina 75Cl,https://www.tesco.com/groceries/en-GB/shop/drinks/all?department=Wine&viewAll=department&page=,£7.00,£7.00/75cl,£6.00 Clubcard Price,,/groceries/en-GB/products/292542643,https://digitalcontent.api.tesco.com/v2/media/ghs/2cd358b2-7012-4a61-848c-0882e1f05b58/1b601ec5-8d9b-4f81-9272-e8b41ec248ad.jpeg?h=225&w=225,
309765687,Taparoo Valley Australian Sauvignon Semillon 75Cl,https://www.tesco.com/groceries/en-GB/shop/drinks/all?department=Wine&viewAll=department&page=,£4.25,£4.25/75cl,Aldi Price Match,,/groceries/en-GB/products/309765687,https://digitalcontent.api.tesco.com/v2/media/ghs/c3ab290c-bc4d-4ae0-a70d-6a4ba80ee428/42872494-a65e-45ba-bca9-33df4cc1edeb_1309421830.jpeg?h=225&w=225,
305951323,Hardys Crest Cabernet Shiraz Merlot 187Ml,https://www.tesco.com/groceries/en-GB/shop/drinks/all?department=Wine&viewAll=department&page=,£2.10,£8.43/75cl,Any 4 for 3 Clubcard Price - Cheapest Product Free - Selected Premix Cans 125ml - 440ml,,/groceries/en-GB/products/305951323,https://digitalcontent.api.tesco.com/v2/media/ghs/b7a3f0b5-3a57-4d6c-93ae-82d8c7e71baf/84ea3c07-0773-4f3e-ac80-5ae684f56dbc.jpeg?h=225&w=225,
310149068,Casa Mana Tempranillo 75Cl,https://www.tesco.com/groceries/en-GB/shop/drinks/all?department=Wine&viewAll=department&page=,£3.79,£3.79/75cl,Aldi Price Match,,/groceries/en-GB/products/310149068,https://digitalcontent.api.tesco.com/v2/media/ghs/105ad59b-3747-4fb3-aef7-88fcb9db531e/551a0395-c7e3-4a6e-8d59-f126a0ff7864_1226948844.jpeg?h=225&w=225,
296637934,Tesco Finest Chianti Classico DOCG 75Cl,https://www.tesco.com/groceries/en-GB/shop/drinks/all?department=Wine&viewAll=department&page=,£8.00,£8.00/75cl,Buy 6 or more Save 25% Clubcard Price - Save 25% On Selected Wines When You Buy 6 + Bottles,,/groceries/en-GB/products/296637934,https://digitalcontent.api.tesco.com/v2/media/ghs/bb5156c9-5801-4844-8e69-09a079e21ce5/993257af-586d-480b-9b6c-a09e9602c440.jpeg?h=225&w=225,
289999757,Barefoot Pinot Grigio 187Ml,https://www.tesco.com/groceries/en-GB/shop/drinks/all?department=Wine&viewAll=department&page=,£2.00,£8.03/75cl,Any 4 for 3 Clubcard Price - Cheapest Product Free - Selected Premix Cans 125ml - 440ml,,/groceries/en-GB/products/289999757,https://digitalcontent.api.tesco.com/v2/media/ghs/fae547ce-4d31-4ac0-8cc9-c4ed266690cb/38d5bf38-da61-40de-8707-4ff6fcbe30ac_186498297.jpeg?h=225&w=225,
280134632,Vineyards Juicy Rose 75Cl,https://www.tesco.com/groceries/en-GB/shop/drinks/all?department=Wine&viewAll=department&page=,£3.39,£3.39/75cl,Aldi Price Match,,/groceries/en-GB/products/280134632,https://digitalcontent.api.tesco.com/v2/media/ghs/0e701753-e0db-4f34-8961-666ed1a14ae7/92a0d3cd-7d0e-4920-b4e8-785145863079_132231764.jpeg?h=225&w=225,
251886407,Cono Sur Bicicleta Pinot Noir 75Cl,https://www.tesco.com/groceries/en-GB/shop/drinks/all?department=Wine&viewAll=department&page=,£6.00,£6.00/75cl,Buy 6 or more Save 25% Clubcard Price - Save 25% On Selected Wines When You Buy 6 + Bottles,,/groceries/en-GB/products/251886407,https://digitalcontent.api.tesco.com/v2/media/ghs/c0e21427-e8ae-4219-8c0e-f26bd020e8cc/2abc52ca-fbc3-49c0-88c8-5e116821fcb3_746967902.jpeg?h=225&w=225,
310686422,Cape Kyala Pinotage 75Cl,https://www.tesco.com/groceries/en-GB/shop/drinks/all?department=Wine&viewAll=department&page=,£3.99,£3.99/75cl,,,/groceries/en-GB/products/310686422,https://digitalcontent.api.tesco.com/v2/media/ghs/c03c48c2-b90e-48f4-a9e3-00b976f46d4e/87d0d756-ce99-410d-815d-dabf10c22827_2025000905.jpeg?h=225&w=225,
309781258,Turner Road Reserve White Zinfandel 750Ml,https://www.tesco.com/groceries/en-GB/shop/drinks/all?department=Wine&viewAll=department&page=,£6.00,£6.00/75cl,£5.00 Clubcard Price,,/groceries/en-GB/products/309781258,https://digitalcontent.api.tesco.com/v2/media/ghs/ee9c0d03-783d-44dc-a2e7-9f53298994fc/707f4e35-e2d2-440f-a969-d4e34f504a8e_1145407202.jpeg?h=225&w=225,
255547515,Cono Sur Bicicleta Sauvignon Blanc 75Cl,https://www.tesco.com/groceries/en-GB/shop/drinks/all?department=Wine&viewAll=department&page=,£6.00,£6.00/75cl,Buy 6 or more Save 25% Clubcard Price - Save 25% On Selected Wines When You Buy 6 + Bottles,,/groceries/en-GB/products/255547515,https://digitalcontent.api.tesco.com/v2/media/ghs/7b3ba1fd-3285-4d81-9fe3-d94afa29a53f/d259a7af-d20e-4957-abc1-2ec5ceed5bc3_1812123977.jpeg?h=225&w=225,
268425012,Blossom Hill Rose 75Cl,https://www.tesco.com/groceries/en-GB/shop/drinks/all?department=Wine&viewAll=department&page=,£5.00,£5.00/75cl,Buy 6 or more Save 25% Clubcard Price - Save 25% On Selected Wines When You Buy 6 + Bottles,,/groceries/en-GB/products/268425012,https://digitalcontent.api.tesco.com/v2/media/ghs/d967f485-63fa-47d7-9666-5d27bdb40093/6b8c8937-f561-4200-9a76-8cfe65503042_773119889.jpeg?h=225&w=225,
309766064,Lateral Chilean Pinot Noir 75Cl,https://www.tesco.com/groceries/en-GB/shop/drinks/all?department=Wine&viewAll=department&page=,£3.99,£3.99/75cl,Aldi Price Match,,/groceries/en-GB/products/309766064,https://digitalcontent.api.tesco.com/v2/media/ghs/a14547ae-00c0-4515-8835-16be648089e2/1a133f78-d637-485c-9d1c-c282b503785a_1043136897.jpeg?h=225&w=225,
292561021,Finest Prosecco Valdobbiadene Docg 75Cl,https://www.tesco.com/groceries/en-GB/shop/drinks/all?department=Wine&viewAll=department&page=,£10.00,£10.00/75cl,£9.00 Clubcard Price,,/groceries/en-GB/products/292561021,https://digitalcontent.api.tesco.com/v2/media/ghs/2c8ae51c-7605-4845-90a4-036a5a601acd/0547641a-76a6-485f-a99d-e9832a4f941a.jpeg?h=225&w=225,
303183780,Tesco Finest Chablis 75Cl,https://www.tesco.com/groceries/en-GB/shop/drinks/all?department=Wine&viewAll=department&page=,£15.00,£15.00/75cl,£11.00 Clubcard Price,,/groceries/en-GB/products/303183780,https://digitalcontent.api.tesco.com/v2/media/ghs/048bcd47-9efb-4531-8b5c-7d6b53a4b0f3/9a4da166-70bf-4615-9ffe-c6fa0e66c8e6.jpeg?h=225&w=225,
255245446,Tesco Finest Premier Cru Brut Champagne 75Cl,https://www.tesco.com/groceries/en-GB/shop/drinks/all?department=Wine&viewAll=department&page=,£23.00,£23.00/75cl,Buy 6 or more Save 25% Clubcard Price - Save 25% On Selected Wines When You Buy 6 + Bottles,,/groceries/en-GB/products/255245446,https://digitalcontent.api.tesco.com/v2/media/ghs/fc5e1ac5-7e18-4812-bbc9-ed30ff82a3fc/c0197bc9-8db5-4244-b26f-953bbbf5a2af.jpeg?h=225&w=225,
311951389,Gartissier Champagne Brut 75Cl,https://www.tesco.com/groceries/en-GB/shop/drinks/all?department=Wine&viewAll=department&page=,£15.00,£15.00/75cl,Buy 6 or more Save 25% Clubcard Price - Save 25% On Selected Wines When You Buy 6 + Bottles,,/groceries/en-GB/products/311951389,https://digitalcontent.api.tesco.com/v2/media/ghs/14bcb315-b84f-443a-958e-6af224d88087/8ce8c767-e920-401a-8c35-51d51239753b_1897659956.jpeg?h=225&w=225,
250346980,Heidseick Dry Monopole Non Vintage Champagne 75Cl,https://www.tesco.com/groceries/en-GB/shop/drinks/all?department=Wine&viewAll=department&page=,£29.00,£29.00/75cl,£20.00 Clubcard Price,,/groceries/en-GB/products/250346980,https://digitalcontent.api.tesco.com/v2/media/ghs/84a8fcad-fa3a-4b49-b5a6-ec384d2c0d9e/e4be5edb-65cd-4d81-b3bb-300d7ea35bf4_1276788507.jpeg?h=225&w=225,
301786634,19 Crimes Australian Chardonnay 75Cl,https://www.tesco.com/groceries/en-GB/shop/drinks/all?department=Wine&viewAll=department&page=,£9.00,£9.00/75cl,Buy 6 or more Save 25% Clubcard Price - Save 25% On Selected Wines When You Buy 6 + Bottles,,/groceries/en-GB/products/301786634,https://digitalcontent.api.tesco.com/v2/media/ghs/b4e8b9bf-9938-4917-bec0-1e1d074ba95f/d33794fa-4009-440a-894f-0db9c7441f8f_435314422.jpeg?h=225&w=225,
311675007,Bonny Doon Vineyard Cigare Volant 75Cl,https://www.tesco.com/groceries/en-GB/shop/drinks/all?department=Wine&viewAll=department&page=,£18.00,£18.00/75cl,£15.00 Clubcard Price,,/groceries/en-GB/products/311675007,https://digitalcontent.api.tesco.com/v2/media/ghs/5877c005-7283-4d25-ba44-4b9d6ee54dca/61f17b3a-68df-4036-950e-3a81b962feaa_2003617295.jpeg?h=225&w=225,
257182735,Freixenet Cordon Negro Brut Cava 75Cl,https://www.tesco.com/groceries/en-GB/shop/drinks/all?department=Wine&viewAll=department&page=,£10.00,£10.00/75cl,Buy 6 or more Save 25% Clubcard Price - Save 25% On Selected Wines When You Buy 6 + Bottles,,/groceries/en-GB/products/257182735,https://digitalcontent.api.tesco.com/v2/media/ghs/628fb91d-7337-42d0-abfb-d914986d119f/a43e8809-d720-46d1-8fb5-5d3dc2c9a621_1663900441.jpeg?h=225&w=225,
303775552,Nozeco 750Ml,https://www.tesco.com/groceries/en-GB/shop/drinks/all?department=Wine&viewAll=department&page=,£3.25,£3.25/75cl,,,/groceries/en-GB/products/303775552,https://digitalcontent.api.tesco.com/v2/media/ghs/1557ce61-7294-4e92-a98b-6af84da6bd81/400283a5-1ea1-4a0e-a03b-5998d8d18685_266575896.jpeg?h=225&w=225,
312363784,Gerard Bertrand Cote Des Roses 75Cl,https://www.tesco.com/groceries/en-GB/shop/drinks/all?department=Wine&viewAll=department&page=,£11.00,£11.00/75cl,£9.00 Clubcard Price,,/groceries/en-GB/products/312363784,https://digitalcontent.api.tesco.com/v2/media/ghs/70daca57-4a5f-478c-8a1a-f965e5a2f150/03ac65d7-9728-4ca8-8fd9-ec44a0e40345_303717084.jpeg?h=225&w=225,
280145262,Campo Viejo Rioja Garnacha 75Cl,https://www.tesco.com/groceries/en-GB/shop/drinks/all?department=Wine&viewAll=department&page=,£8.00,£8.00/75cl,Buy 6 or more Save 25% Clubcard Price - Save 25% On Selected Wines When You Buy 6 + Bottles,,/groceries/en-GB/products/280145262,https://digitalcontent.api.tesco.com/v2/media/ghs/4dedb6bd-6ceb-46f7-97a0-97dcdf333cb7/55030611-d37d-4331-a31e-c31f30990b12_2145331884.jpeg?h=225&w=225,
306815864,Gluhwein By Felix Solis Mulled Wine 75Cl,https://www.tesco.com/groceries/en-GB/shop/drinks/all?department=Wine&viewAll=department&page=,£5.50,£5.50/75cl,Buy 6 or more Save 25% Clubcard Price - Save 25% On Selected Wines When You Buy 6 + Bottles,,/groceries/en-GB/products/306815864,https://digitalcontent.api.tesco.com/v2/media/ghs/498dfbac-403a-4740-9235-1b67b86bfd70/2b7e7c2c-8d5d-4817-995d-f2a31bfb520f_1052050755.jpeg?h=225&w=225,
290266950,Barefoot Chardonnay 75Cl,https://www.tesco.com/groceries/en-GB/shop/drinks/all?department=Wine&viewAll=department&page=,£6.75,£6.75/75cl,Buy 6 or more Save 25% Clubcard Price - Save 25% On Selected Wines When You Buy 6 + Bottles,,/groceries/en-GB/products/290266950,https://digitalcontent.api.tesco.com/v2/media/ghs/02c6acfa-5e8b-47c4-bad1-dbb5057c747d/8405b49d-ef5e-4ad2-8286-2bfc40418960_871246607.jpeg?h=225&w=225,
258644067,Cockburns Special Reserve Port 1L,https://www.tesco.com/groceries/en-GB/shop/drinks/all?department=Wine&viewAll=department&page=,£15.00,£11.25/75cl,£10.00 Clubcard Price,,/groceries/en-GB/products/258644067,https://digitalcontent.api.tesco.com/v2/media/ghs/47fdd8eb-9a1c-400e-8c78-ce68a3ce08c4/2f24374f-0691-4081-b89c-0fbca7cafc35.jpeg?h=225&w=225,
301745706,Casa Roscoli Organic Primitivo 75Cl,https://www.tesco.com/groceries/en-GB/shop/drinks/all?department=Wine&viewAll=department&page=,£8.00,£8.00/75cl,£6.50 Clubcard Price,,/groceries/en-GB/products/301745706,https://digitalcontent.api.tesco.com/v2/media/ghs/54017693-af13-433e-9821-1cccc85bdded/ae8a0845-ae42-4590-b464-b3d48ebdf041_1517328247.jpeg?h=225&w=225,
283909178,I Heart Pinot Noir 75Cl,https://www.tesco.com/groceries/en-GB/shop/drinks/all?department=Wine&viewAll=department&page=,£6.00,£6.00/75cl,Buy 6 or more Save 25% Clubcard Price - Save 25% On Selected Wines When You Buy 6 + Bottles,,/groceries/en-GB/products/283909178,https://digitalcontent.api.tesco.com/v2/media/ghs/50614030-5566-41b8-b956-5dc1d62e164f/08a7063d-4313-4647-9e49-d901e74c53c2_2147353977.jpeg?h=225&w=225,
301745107,The Fair Mile Sauvignon/Chenin Blanc 75Cl,https://www.tesco.com/groceries/en-GB/shop/drinks/all?department=Wine&viewAll=department&page=,£6.50,£6.50/75cl,Buy 6 or more Save 25% Clubcard Price - Save 25% On Selected Wines When You Buy 6 + Bottles,,/groceries/en-GB/products/301745107,https://digitalcontent.api.tesco.com/v2/media/ghs/5822ed7f-1385-48a8-b840-34e1d7e8a1b0/aec85c0b-51ab-4798-818d-317667fd1e6d_1091877457.jpeg?h=225&w=225,
264756692,Calvet Prestige Bordeaux Red 75Cl,https://www.tesco.com/groceries/en-GB/shop/drinks/all?department=Wine&viewAll=department&page=,£7.50,£7.50/75cl,£6.50 Clubcard Price,,/groceries/en-GB/products/264756692,https://digitalcontent.api.tesco.com/v2/media/ghs/dd2c9779-9d22-451a-9bba-33a869c9e443/cf4ab894-2f68-426d-ab03-112a6f4d0ce7_391481933.jpeg?h=225&w=225,
255247156,Tesco Ruby Port 75Cl,https://www.tesco.com/groceries/en-GB/shop/drinks/all?department=Wine&viewAll=department&page=,£7.25,£7.25/75cl,,,/groceries/en-GB/products/255247156,https://digitalcontent.api.tesco.com/v2/media/ghs/fd6d5e38-1ea3-402d-a432-7d3d80ca738b/822dee0a-0d30-4d88-89e0-29a4459ba213.jpeg?h=225&w=225,
292357281,Wine Route Spain Garnacha Rose 75Cl,https://www.tesco.com/groceries/en-GB/shop/drinks/all?department=Wine&viewAll=department&page=,£7.00,£7.00/75cl,"Tesco Finest* Meal Deal for £12 Clubcard Price - Buy 1 Main, 1 Side, 1 Dessert & A Drink",,/groceries/en-GB/products/292357281,https://digitalcontent.api.tesco.com/v2/media/ghs/e7aa17c8-0f26-4e9f-ab11-ee8c5b8c4e86/ef3dd0c1-2efc-457b-81b5-4c8688bfbc3c_749339369.jpeg?h=225&w=225,
274670247,Tesco Finest South African Malbec 75Cl.,https://www.tesco.com/groceries/en-GB/shop/drinks/all?department=Wine&viewAll=department&page=,£7.50,£7.50/75cl,£6.00 Clubcard Price,,/groceries/en-GB/products/274670247,https://digitalcontent.api.tesco.com/v2/media/ghs/2567f107-83be-4660-a30f-99d19ad33a7c/4b6d82be-84cc-4576-8ed9-d00f5baa2ba8_2143677887.jpeg?h=225&w=225,
268745376,Casillero Del Diablo Pinot Grigio 75Cl,https://www.tesco.com/groceries/en-GB/shop/drinks/all?department=Wine&viewAll=department&page=,£7.50,£7.50/75cl,£6.50 Clubcard Price,,/groceries/en-GB/products/268745376,https://digitalcontent.api.tesco.com/v2/media/ghs/35a7461c-826f-40dd-a996-dbe22079c7ae/c820d276-90ec-4178-9422-a1b16bca985a_616416622.jpeg?h=225&w=225,
306502825,Mad Fish Shiraz Wine 75Cl,https://www.tesco.com/groceries/en-GB/shop/drinks/all?department=Wine&viewAll=department&page=,£9.00,£9.00/75cl,£7.00 Clubcard Price,,/groceries/en-GB/products/306502825,https://digitalcontent.api.tesco.com/v2/media/ghs/88545f28-7094-47f7-bbef-19252b873cc0/c18bf0f3-e169-4410-b30e-82a5428b9e94_1056229306.jpeg?h=225&w=225,
278373345,Louis De Camponac Sauvignon Blanc 75Cl,https://www.tesco.com/groceries/en-GB/shop/drinks/all?department=Wine&viewAll=department&page=,£6.50,£6.50/75cl,Buy 6 or more Save 25% Clubcard Price - Save 25% On Selected Wines When You Buy 6 + Bottles,,/groceries/en-GB/products/278373345,https://digitalcontent.api.tesco.com/v2/media/ghs/8ea2291d-1762-469b-893a-0547e7d5a093/6614b3d9-61f3-41cf-a9f1-2883e7151781_1732790691.jpeg?h=225&w=225,
251820820,Blossom Hill Crisp & Fruity White 187Ml,https://www.tesco.com/groceries/en-GB/shop/drinks/all?department=Wine&viewAll=department&page=,£2.00,£8.03/75cl,Any 4 for 3 Clubcard Price - Cheapest Product Free - Selected Premix Cans 125ml - 440ml,,/groceries/en-GB/products/251820820,https://digitalcontent.api.tesco.com/v2/media/ghs/71beee2c-875c-4e95-a674-da59042819f4/7b4ef45b-7bca-413b-9c16-3633b8f0d548_1457150687.jpeg?h=225&w=225,
281976434,Wairau Cove Pinot Grigio 75Cl,https://www.tesco.com/groceries/en-GB/shop/drinks/all?department=Wine&viewAll=department&page=,£7.50,£7.50/75cl,Buy 6 or more Save 25% Clubcard Price - Save 25% On Selected Wines When You Buy 6 + Bottles,,/groceries/en-GB/products/281976434,https://digitalcontent.api.tesco.com/v2/media/ghs/c582298a-5a88-4296-a3c9-2124df21ae53/666a0288-dde0-4b66-9867-105f26137731_2094977049.jpeg?h=225&w=225,
310152985,Southern Ocean Western Cape Sauvignon Blanc 75Cl,https://www.tesco.com/groceries/en-GB/shop/drinks/all?department=Wine&viewAll=department&page=,£5.75,£5.75/75cl,Buy 6 or more Save 25% Clubcard Price - Save 25% On Selected Wines When You Buy 6 + Bottles,,/groceries/en-GB/products/310152985,https://digitalcontent.api.tesco.com/v2/media/ghs/35e34dde-8a9d-41ab-9a9e-b4cbee384641/e47c727b-b39a-4207-98a2-74831c1c723d_387732234.jpeg?h=225&w=225,
285477304,The Straw Hat White 75Cl,https://www.tesco.com/groceries/en-GB/shop/drinks/all?department=Wine&viewAll=department&page=,£4.25,£4.25/75cl,,,/groceries/en-GB/products/285477304,https://digitalcontent.api.tesco.com/v2/media/ghs/a7897b8f-0b65-4fdd-b563-80ed89501fd8/8ecb7be7-1029-436e-8257-e19ed778fc68_1211786189.jpeg?h=225&w=225,
312230072,Miami Cocktail Co. Organic Bellini Spritz 250Ml,https://www.tesco.com/groceries/en-GB/shop/drinks/all?department=Wine&viewAll=department&page=,£2.25,£6.75/75cl,Any 4 for 3 Clubcard Price - Cheapest Product Free - Selected Premix Cans 125ml - 440ml,,/groceries/en-GB/products/312230072,https://digitalcontent.api.tesco.com/v2/media/ghs/14384f9c-d6e2-4f8a-a49a-a51aab54e182/caeca4d3-e88e-49f4-9e17-be585beba8ba_336452900.jpeg?h=225&w=225,
312096092,Firemark Argentinian Malbec 187Ml,https://www.tesco.com/groceries/en-GB/shop/drinks/all?department=Wine&viewAll=department&page=,£2.00,£8.03/75cl,Any 4 for 3 Clubcard Price - Cheapest Product Free - Selected Premix Cans 125ml - 440ml,,/groceries/en-GB/products/312096092,https://digitalcontent.api.tesco.com/v2/media/ghs-mktg/b0b04216-fa73-466d-a9d7-c9fcfa1ce9b3/no-image.jpeg,
312352768,Miami Cocktail Co. Organic Margarita Spritz 250Ml,https://www.tesco.com/groceries/en-GB/shop/drinks/all?department=Wine&viewAll=department&page=,£2.25,£6.75/75cl,Any 4 for 3 Clubcard Price - Cheapest Product Free - Selected Premix Cans 125ml - 440ml,,/groceries/en-GB/products/312352768,https://digitalcontent.api.tesco.com/v2/media/ghs/57a187c5-f815-4871-baa7-53cf28dd6e06/3f6e2530-5af1-472a-87db-dc5148ebd0b9_1578652777.jpeg?h=225&w=225,
255246474,Tesco Medium Dry Sherry 1L,https://www.tesco.com/groceries/en-GB/shop/drinks/all?department=Wine&viewAll=department&page=,£7.50,£5.63/75cl,,,/groceries/en-GB/products/255246474,https://digitalcontent.api.tesco.com/v2/media/ghs/2bb78ee8-6462-4d87-b6c8-bf2307adf614/3bdb086a-d8c3-4659-b528-109f23a954ae.jpeg?h=225&w=225,
255246445,Tesco Pale Cream Sherry 1L,https://www.tesco.com/groceries/en-GB/shop/drinks/all?department=Wine&viewAll=department&page=,£7.50,£5.63/75cl,,,/groceries/en-GB/products/255246445,https://digitalcontent.api.tesco.com/v2/media/ghs/3a7e3b49-b1f1-4086-b555-c913605bca13/5b6ddd00-03dd-41ee-8b71-9ae80538089d.jpeg?h=225&w=225,
264608678,J P Chenet Sauvignon Blanc 18.7Cl,https://www.tesco.com/groceries/en-GB/shop/drinks/all?department=Wine&viewAll=department&page=,£2.10,£8.43/75cl,Any 4 for 3 Clubcard Price - Cheapest Product Free - Selected Premix Cans 125ml - 440ml,,/groceries/en-GB/products/264608678,https://digitalcontent.api.tesco.com/v2/media/ghs/4f712f7b-d66a-4228-8543-c524522c9fca/724db90c-e05e-48f2-9f10-ea1dae919372.jpeg?h=225&w=225,
303183808,Freixenent Prosecco 20Cl,https://www.tesco.com/groceries/en-GB/shop/drinks/all?department=Wine&viewAll=department&page=,£4.00,£15.00/75cl,Any 4 for 3 Clubcard Price - Cheapest Product Free - Selected Premix Cans 125ml - 440ml,,/groceries/en-GB/products/303183808,https://digitalcontent.api.tesco.com/v2/media/ghs/4d35baaf-146b-4df2-b0cb-fcadcc094659/c51f3722-d662-4ae3-b0ce-875a97c77740.jpeg?h=225&w=225,
311682874,Casa Mana Cabernet Sauvignon 187Ml,https://www.tesco.com/groceries/en-GB/shop/drinks/all?department=Wine&viewAll=department&page=,£1.50,£6.02/75cl,Any 4 for 3 Clubcard Price - Cheapest Product Free - Selected Premix Cans 125ml - 440ml,,/groceries/en-GB/products/311682874,https://digitalcontent.api.tesco.com/v2/media/ghs/3aa892b7-b19d-4c81-b0dc-82e095bf4669/e8974439-7b46-44a4-bed8-64b62e348755_1639895078.jpeg?h=225&w=225,
264624255,Blossom Hill White Zinfandel 18.7Cl,https://www.tesco.com/groceries/en-GB/shop/drinks/all?department=Wine&viewAll=department&page=,£2.00,£8.03/75cl,Any 4 for 3 Clubcard Price - Cheapest Product Free - Selected Premix Cans 125ml - 440ml,,/groceries/en-GB/products/264624255,https://digitalcontent.api.tesco.com/v2/media/ghs/c4dd1dd5-ca7e-43f0-92ac-e925205d1ab7/67c9b5a5-eb06-4b9f-acce-c57d21bba57a.jpeg?h=225&w=225,
311668955,Casa Mana Chardonnay 187Ml,https://www.tesco.com/groceries/en-GB/shop/drinks/all?department=Wine&viewAll=department&page=,£1.50,£6.02/75cl,Any 4 for 3 Clubcard Price - Cheapest Product Free - Selected Premix Cans 125ml - 440ml,,/groceries/en-GB/products/311668955,https://digitalcontent.api.tesco.com/v2/media/ghs/ca9bbadb-eb3d-4343-bcaa-f7d60f025658/594c1fa1-663e-43c3-90bd-8280307869c1_1716607181.jpeg?h=225&w=225,
278973764,Parra Alta Malbec 75Cl,https://www.tesco.com/groceries/en-GB/shop/drinks/all?department=Wine&viewAll=department&page=,£5.50,£5.50/75cl,Buy 6 or more Save 25% Clubcard Price - Save 25% On Selected Wines When You Buy 6 + Bottles,,/groceries/en-GB/products/278973764,https://digitalcontent.api.tesco.com/v2/media/ghs/eee5ddc3-1cd0-416c-bc42-ecb90479d5c6/f336fbf8-0d50-4b70-9e81-8cc2db8db5fe_2096499126.jpeg?h=225&w=225,
261787141,Tesco Finest Rioja Reserva 75Cl,https://www.tesco.com/groceries/en-GB/shop/drinks/all?department=Wine&viewAll=department&page=,£9.00,£9.00/75cl,Buy 6 or more Save 25% Clubcard Price - Save 25% On Selected Wines When You Buy 6 + Bottles,,/groceries/en-GB/products/261787141,https://digitalcontent.api.tesco.com/v2/media/ghs/43b8d47d-6fd7-439e-89f5-4770c828612d/8c2e12d7-3a3d-4bd9-b729-b264559efef8.jpeg?h=225&w=225,
301202376,Tesco Finest Argentinian Malbec Rose 75Cl,https://www.tesco.com/groceries/en-GB/shop/drinks/all?department=Wine&viewAll=department&page=,£8.00,£8.00/75cl,£6.00 Clubcard Price,,/groceries/en-GB/products/301202376,https://digitalcontent.api.tesco.com/v2/media/ghs/716ab5a9-79cd-4830-96bd-bd66afb2917a/592e9ac7-63e4-40d8-990f-f92e659bf452_868116634.jpeg?h=225&w=225,
309762448,Lateral Chilean Sauvignon Blanc 75Cl,https://www.tesco.com/groceries/en-GB/shop/drinks/all?department=Wine&viewAll=department&page=,£4.29,£4.29/75cl,,,/groceries/en-GB/products/309762448,https://digitalcontent.api.tesco.com/v2/media/ghs/38511ff4-3356-4ac6-9c38-840da9617478/caaa971d-a922-47fb-aa5b-71379004ffdd_314016422.jpeg?h=225&w=225,
272593163,Tesco Finest South African Chenin Blanc75cl,https://www.tesco.com/groceries/en-GB/shop/drinks/all?department=Wine&viewAll=department&page=,£7.50,£7.50/75cl,£6.00 Clubcard Price,,/groceries/en-GB/products/272593163,https://digitalcontent.api.tesco.com/v2/media/ghs/691ffa84-1cde-49da-a9ff-be1e135b3032/06e92a61-d581-4266-8b67-26321ab06ea3_277015668.jpeg?h=225&w=225,
262273010,Maschio Prosecco Extra Dry 75Cl,https://www.tesco.com/groceries/en-GB/shop/drinks/all?department=Wine&viewAll=department&page=,£10.00,£10.00/75cl,£8.00 Clubcard Price,,/groceries/en-GB/products/262273010,https://digitalcontent.api.tesco.com/v2/media/ghs/20af8fce-35cd-4fe2-9958-f981a4daf7ea/snapshotimagehandler_333679200.jpeg?h=225&w=225,
308458718,Gratien & Meyer Cremant De Loire Brut 75Cl,https://www.tesco.com/groceries/en-GB/shop/drinks/all?department=Wine&viewAll=department&page=,£12.00,£12.00/75cl,£10.00 Clubcard Price,,/groceries/en-GB/products/308458718,https://digitalcontent.api.tesco.com/v2/media/ghs/f50315da-64ba-4f24-a462-de1f2e6d40ec/f18cf810-e9e6-4e8f-8dde-12861dc5ebda_980849506.jpeg?h=225&w=225,
301829867,I Heart Asti 75Cl,https://www.tesco.com/groceries/en-GB/shop/drinks/all?department=Wine&viewAll=department&page=,£6.50,£6.50/75cl,Buy 6 or more Save 25% Clubcard Price - Save 25% On Selected Wines When You Buy 6 + Bottles,,/groceries/en-GB/products/301829867,https://digitalcontent.api.tesco.com/v2/media/ghs/561c52dc-cc96-4b0f-ac50-278db0e58eeb/853439ee-52ff-4de2-bd09-b29afbc2a72b_1479634597.jpeg?h=225&w=225,
312090037,Canti Rose Extra Dry 75Cl,https://www.tesco.com/groceries/en-GB/shop/drinks/all?department=Wine&viewAll=department&page=,£7.50,£7.50/75cl,£4.99 Clubcard Price,,/groceries/en-GB/products/312090037,https://digitalcontent.api.tesco.com/v2/media/ghs/ec14f73e-0f70-45d5-a213-a9cf134e35af/2901105d-13c0-4d9d-86d0-7cf1f552c253_162851892.jpeg?h=225&w=225,
255245636,Lanson Le Black Label Brut 75Cl,https://www.tesco.com/groceries/en-GB/shop/drinks/all?department=Wine&viewAll=department&page=,£36.00,£36.00/75cl,£28.00 Clubcard Price,,/groceries/en-GB/products/255245636,https://digitalcontent.api.tesco.com/v2/media/ghs/78b10b71-31a1-44f6-af24-7eb7d5a30b7e/7f6b7f26-e7b9-437d-a7ab-f02d8505ab19_564365841.jpeg?h=225&w=225,
287007421,Isla Negra Cabernet Sauvignon 2.25L,https://www.tesco.com/groceries/en-GB/shop/drinks/all?department=Wine&viewAll=department&page=,£14.50,£4.84/75cl,,,/groceries/en-GB/products/287007421,https://digitalcontent.api.tesco.com/v2/media/ghs/0e44f45f-ca60-4143-b6ea-4fb4982e74cf/696a3653-d82f-43be-bbb5-5f7ea4e40e8f_2047550464.jpeg?h=225&w=225,
283170900,Dark Horse Chardonnay 75Cl,https://www.tesco.com/groceries/en-GB/shop/drinks/all?department=Wine&viewAll=department&page=,£8.50,£8.50/75cl,Buy 6 or more Save 25% Clubcard Price - Save 25% On Selected Wines When You Buy 6 + Bottles,,/groceries/en-GB/products/283170900,https://digitalcontent.api.tesco.com/v2/media/ghs/304eab36-e766-4572-bbd7-47209d43f330/4986da5d-afb6-453e-b8c4-f8b5cdd9bcef_587467685.jpeg?h=225&w=225,
306802015,Kylie Minogue Rose Wine 75Cl,https://www.tesco.com/groceries/en-GB/shop/drinks/all?department=Wine&viewAll=department&page=,£9.00,£9.00/75cl,Buy 6 or more Save 25% Clubcard Price - Save 25% On Selected Wines When You Buy 6 + Bottles,,/groceries/en-GB/products/306802015,https://digitalcontent.api.tesco.com/v2/media/ghs/8dccb637-4cbe-4433-a923-b06e39807483/badab3d7-1c8c-4ab0-8582-686251369a52_36438523.jpeg?h=225&w=225,
255247726,Stones Original Green Ginger Wine 70Cl,https://www.tesco.com/groceries/en-GB/shop/drinks/all?department=Wine&viewAll=department&page=,£6.75,£7.24/75cl,,,/groceries/en-GB/products/255247726,https://digitalcontent.api.tesco.com/v2/media/ghs/0ba4edf5-e7a4-4d31-8f30-93747de058ed/089b6c07-b39b-4136-82bc-f64331b83c97.jpeg?h=225&w=225,
292400132,Tesco Finest Provence Rose 75Cl,https://www.tesco.com/groceries/en-GB/shop/drinks/all?department=Wine&viewAll=department&page=,£9.00,£9.00/75cl,Buy 6 or more Save 25% Clubcard Price - Save 25% On Selected Wines When You Buy 6 + Bottles,,/groceries/en-GB/products/292400132,https://digitalcontent.api.tesco.com/v2/media/ghs/f7aed9a3-6116-447e-bd22-93445fd2f322/22113b2b-0cfe-493a-b7d8-041c9c93040c_1810515625.jpeg?h=225&w=225,
306493137,Mcguigan Zero Sauvignon Blanc 75Cl,https://www.tesco.com/groceries/en-GB/shop/drinks/all?department=Wine&viewAll=department&page=,£4.00,£4.00/75cl,,,/groceries/en-GB/products/306493137,https://digitalcontent.api.tesco.com/v2/media/ghs/a3a3385b-a9b7-4ddb-9e77-8794fe0e343b/6dcd2ec7-3afb-43fb-8af7-052f01a94259_807919507.jpeg?h=225&w=225,
257356692,Taylors L.B.V. Port 75Cl,https://www.tesco.com/groceries/en-GB/shop/drinks/all?department=Wine&viewAll=department&page=,£15.00,£15.00/75cl,£10.00 Clubcard Price,,/groceries/en-GB/products/257356692,https://digitalcontent.api.tesco.com/v2/media/ghs/543e696b-5412-49f8-8097-8ab18b7c8c1c/8ca0d65d-87a0-4338-9790-08cefdf80bc0_677241121.jpeg?h=225&w=225,
306810161,Tesco Argentinian Malbec 2.25L,https://www.tesco.com/groceries/en-GB/shop/drinks/all?department=Wine&viewAll=department&page=,£13.00,£4.34/75cl,,,/groceries/en-GB/products/306810161,https://digitalcontent.api.tesco.com/v2/media/ghs/c83d39f4-bc1d-48e5-be5d-54013a7b1412/3f87bac7-a2cf-44ac-85fd-fa95453fdc48_580491854.jpeg?h=225&w=225,
309473681,La Gioiosa Prosecco Rose Millesimato 75Cl,https://www.tesco.com/groceries/en-GB/shop/drinks/all?department=Wine&viewAll=department&page=,£11.00,£11.00/75cl,Buy 6 or more Save 25% Clubcard Price - Save 25% On Selected Wines When You Buy 6 + Bottles,,/groceries/en-GB/products/309473681,https://digitalcontent.api.tesco.com/v2/media/ghs/788c9fef-e635-4b11-af9c-a8f1a22abc03/d532b154-3e49-42d5-b2bc-f325cbc2c552_901361653.jpeg?h=225&w=225,
283222955,Gallo Family Vineyards Summer Rose 75 Cl,https://www.tesco.com/groceries/en-GB/shop/drinks/all?department=Wine&viewAll=department&page=,£4.00,£4.00/75cl,,,/groceries/en-GB/products/283222955,https://digitalcontent.api.tesco.com/v2/media/ghs/4ac7b81b-aaef-4c28-8740-304866bdfc87/50aa2c5c-0070-445b-a7b8-c7610e3e8eec_1897250205.jpeg?h=225&w=225,
295188435,Freixenet 0.0% Alcohol Free Sparkling 75Cl,https://www.tesco.com/groceries/en-GB/shop/drinks/all?department=Wine&viewAll=department&page=,£4.50,£4.50/75cl,,,/groceries/en-GB/products/295188435,https://digitalcontent.api.tesco.com/v2/media/ghs/a1dba7a4-9979-477f-9e2e-5c4bcacb3932/fd6282ac-f935-4e75-b78e-086ee704fda0_1038155426.jpeg?h=225&w=225,
303775615,Nozeco Rose 750Ml,https://www.tesco.com/groceries/en-GB/shop/drinks/all?department=Wine&viewAll=department&page=,£3.25,£3.25/75cl,,,/groceries/en-GB/products/303775615,https://digitalcontent.api.tesco.com/v2/media/ghs/27459db8-f955-4d55-a1f2-0949e02f4f35/229a7347-a93f-4ded-91cc-5a24ff8f92d7_527512558.jpeg?h=225&w=225,
305972269,Eisberg Merlot Alcohol Free Wine 75Cl,https://www.tesco.com/groceries/en-GB/shop/drinks/all?department=Wine&viewAll=department&page=,£3.25,£3.25/75cl,,,/groceries/en-GB/products/305972269,https://digitalcontent.api.tesco.com/v2/media/ghs/2696c579-0882-4b0d-99de-9bc63d43daa4/a00259b0-5106-4721-a499-d838cb876c6f_1375885190.jpeg?h=225&w=225,
258444966,Babycham Sparkling Perry 4 X 200Ml,https://www.tesco.com/groceries/en-GB/shop/drinks/all?department=Wine&viewAll=department&page=,£3.00,£2.82/75cl,,,/groceries/en-GB/products/258444966,https://digitalcontent.api.tesco.com/v2/media/ghs/884f6ab2-ff41-4d3f-b932-52946b87d648/c9e90de1-e07e-481c-af8e-a7a696951d2c_563549924.jpeg?h=225&w=225,
280048158,Tesco Liebfraumilch 2.25L Wine Box,https://www.tesco.com/groceries/en-GB/shop/drinks/all?department=Wine&viewAll=department&page=,£13.00,£4.34/75cl,,,/groceries/en-GB/products/280048158,https://digitalcontent.api.tesco.com/v2/media/ghs/4cbaa68e-07e0-462e-b0e4-79a56f73a5d3/e27ee5bc-3a25-4ee7-9621-c2b4ccbc9ef0_753943830.jpeg?h=225&w=225,
295163349,Barefoot Pink Pinot Grigio 75Cl,https://www.tesco.com/groceries/en-GB/shop/drinks/all?department=Wine&viewAll=department&page=,£6.75,£6.75/75cl,Buy 6 or more Save 25% Clubcard Price - Save 25% On Selected Wines When You Buy 6 + Bottles,,/groceries/en-GB/products/295163349,https://digitalcontent.api.tesco.com/v2/media/ghs/7f262731-d3c5-4681-b187-f70df459eb47/469ed2ba-0903-4b05-8000-1bd1f2fd3141_600262081.jpeg?h=225&w=225,
296671070,Tesco Low Alcohol Sauvignon Blanc 75Cl,https://www.tesco.com/groceries/en-GB/shop/drinks/all?department=Wine&viewAll=department&page=,£3.15,£3.15/75cl,,,/groceries/en-GB/products/296671070,https://digitalcontent.api.tesco.com/v2/media/ghs/717ff2d9-8667-4a38-9a8e-17011d191b12/6a5b5a0d-eead-4c80-9c1a-b16411203dc2_812252023.jpeg?h=225&w=225,
310670924,Vista Castelli Montepulciano Dabruzzo 75Cl,https://www.tesco.com/groceries/en-GB/shop/drinks/all?department=Wine&viewAll=department&page=,£4.75,£4.75/75cl,,,/groceries/en-GB/products/310670924,https://digitalcontent.api.tesco.com/v2/media/ghs/1b8b4a0f-b1a8-4fdc-aba1-826763da9f2d/5b6272ed-6ff9-4eaf-b005-845d351263d8_560268941.jpeg?h=225&w=225,
301156741,Casa Roscoli Organic Pinot Grigio 75Cl,https://www.tesco.com/groceries/en-GB/shop/drinks/all?department=Wine&viewAll=department&page=,£8.00,£8.00/75cl,£6.50 Clubcard Price,,/groceries/en-GB/products/301156741,https://digitalcontent.api.tesco.com/v2/media/ghs/0dc373f1-6e20-4c2c-8f6f-a4aad441d2c5/7150f425-55c1-4163-bea8-b599ef14ad1a_1439930666.jpeg?h=225&w=225,
310101015,Vista Castelli Trebbiano D'abruzzo 75Cl,https://www.tesco.com/groceries/en-GB/shop/drinks/all?department=Wine&viewAll=department&page=,£4.25,£4.25/75cl,,,/groceries/en-GB/products/310101015,https://digitalcontent.api.tesco.com/v2/media/ghs/53e8c897-1047-4994-b4f4-e113de42f10d/fdc252e8-1da3-4b00-ad6b-5098dfc4441f_398526792.jpeg?h=225&w=225,
252285938,Louis Jadot Beaujolais Villages 75Cl,https://www.tesco.com/groceries/en-GB/shop/drinks/all?department=Wine&viewAll=department&page=,£11.00,£11.00/75cl,£10.00 Clubcard Price,,/groceries/en-GB/products/252285938,https://digitalcontent.api.tesco.com/v2/media/ghs/eb8cadf1-eeb7-4606-bff7-c51f44a13987/b0d5af51-4a9c-47cb-adb8-160acabf34ac_2118439466.jpeg?h=225&w=225,
253778043,Tesco Extra Dry Vermouth 1 Litre,https://www.tesco.com/groceries/en-GB/shop/drinks/all?department=Wine&viewAll=department&page=,£5.80,£4.35/75cl,,,/groceries/en-GB/products/253778043,https://digitalcontent.api.tesco.com/v2/media/ghs/03a49e15-3037-4760-aecf-d7c6e5be4080/e762bd14-90ca-4672-9655-dd0e0b714bbf.jpeg?h=225&w=225,
295459547,Barossa Ink Shiraz 75Cl,https://www.tesco.com/groceries/en-GB/shop/drinks/all?department=Wine&viewAll=department&page=,£10.00,£10.00/75cl,Buy 6 or more Save 25% Clubcard Price - Save 25% On Selected Wines When You Buy 6 + Bottles,,/groceries/en-GB/products/295459547,https://digitalcontent.api.tesco.com/v2/media/ghs/958fcd7c-98de-4adf-9276-4d8ee2b388de/9b23677b-441b-4bed-8eb7-50294b7689a0_316311237.jpeg?h=225&w=225,
266797956,Silver Bay Point Rose 75Cl,https://www.tesco.com/groceries/en-GB/shop/drinks/all?department=Wine&viewAll=department&page=,£3.95,£3.95/75cl,,,/groceries/en-GB/products/266797956,https://digitalcontent.api.tesco.com/v2/media/ghs/93bce288-6576-497f-b757-0b0410fcf3da/0a421fe6-56bd-4013-b702-1984715a38db_365086462.jpeg?h=225&w=225,
283672911,Kumala Reserve Malbec 75Cl,https://www.tesco.com/groceries/en-GB/shop/drinks/all?department=Wine&viewAll=department&page=,£7.00,£7.00/75cl,Buy 6 or more Save 25% Clubcard Price - Save 25% On Selected Wines When You Buy 6 + Bottles,,/groceries/en-GB/products/283672911,https://digitalcontent.api.tesco.com/v2/media/ghs/3a717a9f-b560-4454-aa40-c1ff7edd9350/83757a05-ae77-4c3e-a4cf-f3cf3c836413_2068127011.jpeg?h=225&w=225,
266798156,Silver Bay Point White 75Cl,https://www.tesco.com/groceries/en-GB/shop/drinks/all?department=Wine&viewAll=department&page=,£3.95,£3.95/75cl,,,/groceries/en-GB/products/266798156,https://digitalcontent.api.tesco.com/v2/media/ghs/8012a434-b989-4d85-817a-4cf5eaf407a4/c8095724-ee26-4f28-81ce-a7879749db02_2001802152.jpeg?h=225&w=225,
295208183,Eisberg Sauvignon 75Cl Alcohol Free,https://www.tesco.com/groceries/en-GB/shop/drinks/all?department=Wine&viewAll=department&page=,£3.25,£3.25/75cl,,,/groceries/en-GB/products/295208183,https://digitalcontent.api.tesco.com/v2/media/ghs/722d98bf-0663-40fc-b5f2-7f75f474a203/8c050818-bdbc-4537-a5de-94d456d946da_2101094188.jpeg?h=225&w=225,
312559173,Eisberg Mulled Alcohol Free Wine 75Cl,https://www.tesco.com/groceries/en-GB/shop/drinks/all?department=Wine&viewAll=department&page=,£3.00,£3.00/75cl,£2.50 Clubcard Price,,/groceries/en-GB/products/312559173,https://digitalcontent.api.tesco.com/v2/media/ghs/6c09ebff-a0b4-45b1-b88d-08204c94da1b/56c8dc5e-5118-4430-8b42-809fa044fdc7_809277393.jpeg?h=225&w=225,
307145134,Echo Falls Fruit Summer Berries 5.5% 750Ml,https://www.tesco.com/groceries/en-GB/shop/drinks/all?department=Wine&viewAll=department&page=,£3.75,£3.75/75cl,,,/groceries/en-GB/products/307145134,https://digitalcontent.api.tesco.com/v2/media/ghs/eda8c660-35b0-4c91-b02a-0e472991c744/543d4e8b-8dd3-4536-a6a7-8b5dc2b60d62_1683737069.jpeg?h=225&w=225,
311949099,Most Wanted Pinot Grigio Wine 75Cl,https://www.tesco.com/groceries/en-GB/shop/drinks/all?department=Wine&viewAll=department&page=,£7.00,£7.00/75cl,£6.00 Clubcard Price,,/groceries/en-GB/products/311949099,https://digitalcontent.api.tesco.com/v2/media/ghs/c377af0e-2bd7-438c-b02d-6da754e504ab/ba22ec6c-bbc2-466a-81d4-c865ecb0809a_1631005464.jpeg?h=225&w=225,
283507705,Mionetto Prosecco Doc 75Cl,https://www.tesco.com/groceries/en-GB/shop/drinks/all?department=Wine&viewAll=department&page=,£11.00,£11.00/75cl,£9.00 Clubcard Price,,/groceries/en-GB/products/283507705,https://digitalcontent.api.tesco.com/v2/media/ghs/d73dd4b0-abbe-4fe2-b27e-e9179e026a2b/7b742b37-0184-4f00-a7d8-0e1a3ac87d1a_515074964.jpeg?h=225&w=225,
262165979,Isla Negra Rose 75Cl,https://www.tesco.com/groceries/en-GB/shop/drinks/all?department=Wine&viewAll=department&page=,£5.00,£5.00/75cl,£4.50 Clubcard Price,,/groceries/en-GB/products/262165979,https://digitalcontent.api.tesco.com/v2/media/ghs/e638ad07-c4ff-4e34-8bcf-df3bf144da3e/e25c543f-cc4b-4f61-84df-662a2b6c92ce_1171357721.jpeg?h=225&w=225,
260572742,Turner Road Reserve Chardonnay 75Cl,https://www.tesco.com/groceries/en-GB/shop/drinks/all?department=Wine&viewAll=department&page=,£6.00,£6.00/75cl,Buy 6 or more Save 25% Clubcard Price - Save 25% On Selected Wines When You Buy 6 + Bottles,,/groceries/en-GB/products/260572742,https://digitalcontent.api.tesco.com/v2/media/ghs/ada9a19b-6385-4382-b0ad-c4985f345969/633fff9c-a888-4aaf-9713-0e6908def5da_555537981.jpeg?h=225&w=225,
285477477,The Straw Hat Red 75Cl,https://www.tesco.com/groceries/en-GB/shop/drinks/all?department=Wine&viewAll=department&page=,£4.25,£4.25/75cl,,,/groceries/en-GB/products/285477477,https://digitalcontent.api.tesco.com/v2/media/ghs/330c3d44-03d0-459a-8534-a23b41856d97/b077214a-16f0-47cd-b89d-5b61f54620b5_1443465888.jpeg?h=225&w=225,
310650551,Sundown Beach White Zinfandel 75Cl,https://www.tesco.com/groceries/en-GB/shop/drinks/all?department=Wine&viewAll=department&page=,£4.50,£4.50/75cl,,,/groceries/en-GB/products/310650551,https://digitalcontent.api.tesco.com/v2/media/ghs/8096f031-8cc7-46ea-b952-f1cb99061843/97e2488e-917b-4fc9-b2f1-0e4e94ac12e7_680675360.jpeg?h=225&w=225,
311445326,Por Do Sol. Vinho Verde 75Cl 75Cl,https://www.tesco.com/groceries/en-GB/shop/drinks/all?department=Wine&viewAll=department&page=,£5.25,£5.25/75cl,Buy 6 or more Save 25% Clubcard Price - Save 25% On Selected Wines When You Buy 6 + Bottles,,/groceries/en-GB/products/311445326,https://digitalcontent.api.tesco.com/v2/media/ghs/255be50f-aff0-449b-8131-6ea0aee45d4a/e183c8ce-33b6-4428-8746-2f8176888e95_1269276026.jpeg?h=225&w=225,
311443000,Cave Des Roches Malbec 75Cl,https://www.tesco.com/groceries/en-GB/shop/drinks/all?department=Wine&viewAll=department&page=,£5.00,£5.00/75cl,Buy 6 or more Save 25% Clubcard Price - Save 25% On Selected Wines When You Buy 6 + Bottles,,/groceries/en-GB/products/311443000,https://digitalcontent.api.tesco.com/v2/media/ghs/2a47abf8-8a8a-4b0d-b25f-d6b142028a40/183b2a04-126c-4bb0-9365-2cd44f30cf08_543615438.jpeg?h=225&w=225,
311447088,Blaumeister Hock 75Cl,https://www.tesco.com/groceries/en-GB/shop/drinks/all?department=Wine&viewAll=department&page=,£4.00,£4.00/75cl,,,/groceries/en-GB/products/311447088,https://digitalcontent.api.tesco.com/v2/media/ghs/be167365-e59d-42b3-b50a-3afe3a4d1c35/a4e3a535-1523-4cd3-85e2-9fb329b9ef56_459518448.jpeg?h=225&w=225,
280144462,Tesco Finest Marlborough Pinot Noir 75Cl,https://www.tesco.com/groceries/en-GB/shop/drinks/all?department=Wine&viewAll=department&page=,£9.00,£9.00/75cl,Buy 6 or more Save 25% Clubcard Price - Save 25% On Selected Wines When You Buy 6 + Bottles,,/groceries/en-GB/products/280144462,https://digitalcontent.api.tesco.com/v2/media/ghs/191a35d1-6ca4-46e7-9211-11eb60d96667/515707cf-aa52-49d4-b6d2-82f221b13307_397311140.jpeg?h=225&w=225,
311433012,Cave Des Roches Cotes De Gascogne 75Cl,https://www.tesco.com/groceries/en-GB/shop/drinks/all?department=Wine&viewAll=department&page=,£5.25,£5.25/75cl,Buy 6 or more Save 25% Clubcard Price - Save 25% On Selected Wines When You Buy 6 + Bottles,,/groceries/en-GB/products/311433012,https://digitalcontent.api.tesco.com/v2/media/ghs/f16dd610-89dc-4685-af41-14563a550906/3a476199-5c3c-4eb4-bfff-d26bc4b39037_491720198.jpeg?h=225&w=225,
311217286,Marques De Los Zancos Rioja Blanco 75Cl,https://www.tesco.com/groceries/en-GB/shop/drinks/all?department=Wine&viewAll=department&page=,£5.00,£5.00/75cl,Buy 6 or more Save 25% Clubcard Price - Save 25% On Selected Wines When You Buy 6 + Bottles,,/groceries/en-GB/products/311217286,https://digitalcontent.api.tesco.com/v2/media/ghs/38da9d10-416d-44f1-8a71-8639cc080ffb/a214d8e6-4031-41b3-9c47-0606467b1bca_1640365776.jpeg?h=225&w=225,
252695240,Bombay Sapphire Gin 1 Litre,https://www.tesco.com/groceries/en-GB/shop/drinks/all?department=Spirits&viewAll=department&page=,£27.50,£27.50/litre,,,/groceries/en-GB/products/252695240,https://digitalcontent.api.tesco.com/v2/media/ghs/fb770e11-dc70-47e5-b6d1-1b3ba02704f9/01600db0-2c1e-4cee-ae12-2f535dfe7bc6.jpeg?h=225&w=225,
255249776,Baileys Original Irish Cream 70Cl Bottle,https://www.tesco.com/groceries/en-GB/shop/drinks/all?department=Spirits&viewAll=department&page=,£15.75,£22.50/litre,,,/groceries/en-GB/products/255249776,https://digitalcontent.api.tesco.com/v2/media/ghs/9ccfca24-9969-42c1-90a0-c5a71912e457/5d0e4b69-732c-47f0-a346-dc92993fb589.jpeg?h=225&w=225,
255249874,Warninks Advocaat 70Cl Bottle,https://www.tesco.com/groceries/en-GB/shop/drinks/all?department=Spirits&viewAll=department&page=,£15.00,£21.43/litre,£11.00 Clubcard Price,,/groceries/en-GB/products/255249874,https://digitalcontent.api.tesco.com/v2/media/ghs/9119baa6-e8be-449f-9d2f-d67281bc0f33/82915fcf-4b9b-4a26-b7ad-31ce6b2e4fb4.jpeg?h=225&w=225,
255248875,Tesco Imperial Vodka 1L,https://www.tesco.com/groceries/en-GB/shop/drinks/all?department=Spirits&viewAll=department&page=,£15.50,£15.50/litre,,,/groceries/en-GB/products/255248875,https://digitalcontent.api.tesco.com/v2/media/ghs/cd8c6d7c-39e6-4eb2-b35f-bb86b1bf7b17/2e143f80-c8b1-4940-b542-acdf3d8ab653.jpeg?h=225&w=225,
253472387,Tesco Dry London Gin 1L,https://www.tesco.com/groceries/en-GB/shop/drinks/all?department=Spirits&viewAll=department&page=,£15.50,£15.50/litre,,,/groceries/en-GB/products/253472387,https://digitalcontent.api.tesco.com/v2/media/ghs/b9a37a6f-eb22-4d25-b59a-2adf3b9941e9/8cae0084-5a56-430a-a77f-fa987fac94bf.jpeg?h=225&w=225,
255248881,Tesco Imperial Vodka 1.5L,https://www.tesco.com/groceries/en-GB/shop/drinks/all?department=Spirits&viewAll=department&page=,£23.00,£15.34/litre,,,/groceries/en-GB/products/255248881,https://digitalcontent.api.tesco.com/v2/media/ghs/00a6a26d-55ea-4fe7-87bc-e60ce56b1352/3a7785ed-daf7-4cdb-925a-97f97c580ef7.jpeg?h=225&w=225,
255987276,Tesco Imperial Vodka 70Cl Bottle,https://www.tesco.com/groceries/en-GB/shop/drinks/all?department=Spirits&viewAll=department&page=,£11.75,£16.79/litre,,,/groceries/en-GB/products/255987276,https://digitalcontent.api.tesco.com/v2/media/ghs/d5d02d7a-372e-4a02-9e2e-8e44ae3ef3ea/19fbfb8b-62c8-4b34-980f-954b8d01c335.jpeg?h=225&w=225,
261852634,Tesco Dry London Gin 1.5L,https://www.tesco.com/groceries/en-GB/shop/drinks/all?department=Spirits&viewAll=department&page=,£23.00,£15.34/litre,,,/groceries/en-GB/products/261852634,https://digitalcontent.api.tesco.com/v2/media/ghs/abfbdbd2-9d0f-44e1-863c-e5de139ff5b3/d66c42f7-c0de-4d9a-ac8d-61c57712ef83.jpeg?h=225&w=225,
257304458,Tia Maria 70Cl,https://www.tesco.com/groceries/en-GB/shop/drinks/all?department=Spirits&viewAll=department&page=,£15.00,£21.43/litre,£11.00 Clubcard Price,,/groceries/en-GB/products/257304458,https://digitalcontent.api.tesco.com/v2/media/ghs/8eedec8b-c9ef-494b-a1aa-08c8b0bacc9d/61eec729-c511-4ee7-94cc-54452506e7c8.jpeg?h=225&w=225,
254106227,Tesco Napoleon Brandy 1L,https://www.tesco.com/groceries/en-GB/shop/drinks/all?department=Spirits&viewAll=department&page=,£16.00,£16.00/litre,,,/groceries/en-GB/products/254106227,https://digitalcontent.api.tesco.com/v2/media/ghs/3fa64ee0-d853-4c3e-a579-02d62f9ed985/fe90a4a1-379d-4cc3-b423-1afedd4e44d3.jpeg?h=225&w=225,
255246819,Croft Original Pale Cream Sherry 1 Litre,https://www.tesco.com/groceries/en-GB/shop/drinks/all?department=Spirits&viewAll=department&page=,£12.50,£9.38/75cl,£11.00 Clubcard Price,,/groceries/en-GB/products/255246819,https://digitalcontent.api.tesco.com/v2/media/ghs/c91712fa-fbcb-496d-b855-0424dd1772fa/a4477c7d-5f3f-404b-b305-2db7b44f479a.jpeg?h=225&w=225,
255246727,Harveys Bristol Cream Sherry 1 Litre Bottle,https://www.tesco.com/groceries/en-GB/shop/drinks/all?department=Spirits&viewAll=department&page=,£12.50,£9.38/75cl,£11.00 Clubcard Price,,/groceries/en-GB/products/255246727,https://digitalcontent.api.tesco.com/v2/media/ghs/36812afc-5646-4697-92ea-39f80e705fb8/213546db-d3fd-46cd-8a05-80ff19811a03.jpeg?h=225&w=225,
255248898,Smirnoff Red Label Vodka 1 Litre,https://www.tesco.com/groceries/en-GB/shop/drinks/all?department=Spirits&viewAll=department&page=,£22.50,£22.50/litre,£17.00 Clubcard Price,,/groceries/en-GB/products/255248898,https://digitalcontent.api.tesco.com/v2/media/ghs/648f5998-6ab4-4c92-92b6-dabb2d4c60d3/0970a1ae-e758-4123-a29c-cf1f2d360a44.jpeg?h=225&w=225,
258644067,Cockburns Special Reserve Port 1L,https://www.tesco.com/groceries/en-GB/shop/drinks/all?department=Spirits&viewAll=department&page=,£15.00,£11.25/75cl,£10.00 Clubcard Price,,/groceries/en-GB/products/258644067,https://digitalcontent.api.tesco.com/v2/media/ghs/47fdd8eb-9a1c-400e-8c78-ce68a3ce08c4/2f24374f-0691-4081-b89c-0fbca7cafc35.jpeg?h=225&w=225,
293216533,Tesco Irish Cream Liqueur 70Cl,https://www.tesco.com/groceries/en-GB/shop/drinks/all?department=Spirits&viewAll=department&page=,£8.50,£12.15/litre,,,/groceries/en-GB/products/293216533,https://digitalcontent.api.tesco.com/v2/media/ghs/7a68ea36-dc5f-4ec8-8c6e-f056ada2b4a6/cdd4b496-b070-418c-891d-f8b8aad29b50.jpeg?h=225&w=225,
255250290,Disaronno Amaretto 50Cl,https://www.tesco.com/groceries/en-GB/shop/drinks/all?department=Spirits&viewAll=department&page=,£16.50,£33.00/litre,£11.00 Clubcard Price,,/groceries/en-GB/products/255250290,https://digitalcontent.api.tesco.com/v2/media/ghs/c3bbf21f-afd9-4b59-b75e-4ad02dbfdffb/79880930-af53-4c51-b5e7-c34700be5a10.jpeg?h=225&w=225,
255247790,Tesco Special Reserve Scotch Whisky 1L,https://www.tesco.com/groceries/en-GB/shop/drinks/all?department=Spirits&viewAll=department&page=,£16.00,£16.00/litre,,,/groceries/en-GB/products/255247790,https://digitalcontent.api.tesco.com/v2/media/ghs/973af3e4-654e-49f7-a3ac-e7c29d0131f1/9d6fcd18-a5e6-492c-8ce8-bf29b758a20f.jpeg?h=225&w=225,
257546202,Gordon's Special Dry London Gin 1 Litre,https://www.tesco.com/groceries/en-GB/shop/drinks/all?department=Spirits&viewAll=department&page=,£22.50,£22.50/litre,£17.00 Clubcard Price,,/groceries/en-GB/products/257546202,https://digitalcontent.api.tesco.com/v2/media/ghs/91602b1d-57ba-4455-b596-684cb2269aec/456dceb8-e5d8-449d-8d58-4f9e9d3aa32e.jpeg?h=225&w=225,
255247939,The Famous Grouse Scotch Whisky 1 Litre,https://www.tesco.com/groceries/en-GB/shop/drinks/all?department=Spirits&viewAll=department&page=,£21.00,£21.00/litre,£17.00 Clubcard Price,,/groceries/en-GB/products/255247939,https://digitalcontent.api.tesco.com/v2/media/ghs/35dbf044-7c3d-46e8-9d10-1e0a444a8551/378034a4-9939-41cf-8002-bcdc2e032209.jpeg?h=225&w=225,
254105810,Tesco Napoleon Brandy 35Cl Bottle,https://www.tesco.com/groceries/en-GB/shop/drinks/all?department=Spirits&viewAll=department&page=,£6.45,£18.43/litre,,,/groceries/en-GB/products/254105810,https://digitalcontent.api.tesco.com/v2/media/ghs/e2a1ab0f-0303-43f1-8218-dce000c7e89a/3f9ca19f-5c7c-4746-8ae6-86998b253e3b.jpeg?h=225&w=225,
255247156,Tesco Ruby Port 75Cl,https://www.tesco.com/groceries/en-GB/shop/drinks/all?department=Spirits&viewAll=department&page=,£7.25,£7.25/75cl,,,/groceries/en-GB/products/255247156,https://digitalcontent.api.tesco.com/v2/media/ghs/fd6d5e38-1ea3-402d-a432-7d3d80ca738b/822dee0a-0d30-4d88-89e0-29a4459ba213.jpeg?h=225&w=225,
278654860,Malibu Coconut Rum & Pineapple 250Ml Can,https://www.tesco.com/groceries/en-GB/shop/drinks/all?department=Spirits&viewAll=department&page=,£2.00,£8.00/litre,Any 4 for 3 Clubcard Price - Cheapest Product Free - Selected Premix Cans 125ml - 440ml,,/groceries/en-GB/products/278654860,https://digitalcontent.api.tesco.com/v2/media/ghs/d6c969c1-b074-40e5-a921-b419610a1cf8/4cc70570-3b8d-484f-9a9f-7180d3a741d3_1691654928.jpeg?h=225&w=225,
299313980,Malibu Pina Colada 25Cl,https://www.tesco.com/groceries/en-GB/shop/drinks/all?department=Spirits&viewAll=department&page=,£2.00,£8.00/litre,Any 4 for 3 Clubcard Price - Cheapest Product Free - Selected Premix Cans 125ml - 440ml,,/groceries/en-GB/products/299313980,https://digitalcontent.api.tesco.com/v2/media/ghs/afb91ca9-fdc7-475c-ab6e-e01ebbe0cf10/81ecb04d-fa8d-40f5-926a-ae42d76fb268_512844620.jpeg?h=225&w=225,
254106066,Tesco Napoleon Brandy 70Cl Bottle,https://www.tesco.com/groceries/en-GB/shop/drinks/all?department=Spirits&viewAll=department&page=,£11.50,£16.43/litre,,,/groceries/en-GB/products/254106066,https://digitalcontent.api.tesco.com/v2/media/ghs/10f20427-9f1a-4a49-822b-fd26dc186a10/4ace237c-ac82-4550-a6c3-8d802735bdc6.jpeg?h=225&w=225,
255482746,Whyte & Mackay Scotch Whisky 1L,https://www.tesco.com/groceries/en-GB/shop/drinks/all?department=Spirits&viewAll=department&page=,£19.50,£19.50/litre,£16.00 Clubcard Price,,/groceries/en-GB/products/255482746,https://digitalcontent.api.tesco.com/v2/media/ghs/b4981c74-61b2-426a-90e9-ac1128500141/59382968-798e-49ce-a1f2-fe0de34c2bc7.jpeg?h=225&w=225,
291724948,Windsor Castle London Dry Gin 70Cl,https://www.tesco.com/groceries/en-GB/shop/drinks/all?department=Spirits&viewAll=department&page=,£10.49,£14.99/litre,Aldi Price Match,,/groceries/en-GB/products/291724948,https://digitalcontent.api.tesco.com/v2/media/ghs/5491a5e2-4cd0-4891-9d5c-1ba715233e5b/f1b0173f-b35f-4562-a362-376287f6b1fd.jpeg?h=225&w=225,
256585738,Tanqueray London Dry Gin 1L,https://www.tesco.com/groceries/en-GB/shop/drinks/all?department=Spirits&viewAll=department&page=,£25.50,£25.50/litre,£20.00 Clubcard Price,,/groceries/en-GB/products/256585738,https://digitalcontent.api.tesco.com/v2/media/ghs/b93f9ee3-1cba-47fb-b92f-70becc490892/3c7f3d3a-512f-4dd8-b4e7-6826713068f0.jpeg?h=225&w=225,
255248604,Jack Daniel's Tennessee Whiskey 70Cl Bottle,https://www.tesco.com/groceries/en-GB/shop/drinks/all?department=Spirits&viewAll=department&page=,£26.00,£37.15/litre,£17.00 Clubcard Price,,/groceries/en-GB/products/255248604,https://digitalcontent.api.tesco.com/v2/media/ghs/c204789f-ef06-42f4-bae3-ee5802bb9809/c3da84fc-52d5-44c0-a862-34cab5917949.jpeg?h=225&w=225,
291725193,Nikita Imperial Vodka 70Cl,https://www.tesco.com/groceries/en-GB/shop/drinks/all?department=Spirits&viewAll=department&page=,£10.29,£14.70/litre,,,/groceries/en-GB/products/291725193,https://digitalcontent.api.tesco.com/v2/media/ghs/9835b4e5-9735-4f04-ae3b-17a719a4fe1c/d68dbe7d-6cc8-4590-9b7b-cedffd2a00b8.jpeg?h=225&w=225,
259776963,Bell's Original Whisky 1 Litre,https://www.tesco.com/groceries/en-GB/shop/drinks/all?department=Spirits&viewAll=department&page=,£22.50,£22.50/litre,£17.00 Clubcard Price,,/groceries/en-GB/products/259776963,https://digitalcontent.api.tesco.com/v2/media/ghs/67120f9c-eabb-4afa-bae7-7d79eb0c7069/1323c536-5ad1-43b3-8b6a-10068e928f35.jpeg?h=225&w=225,
264417662,Captain Morgan Original Spiced Gold 1 Litre,https://www.tesco.com/groceries/en-GB/shop/drinks/all?department=Spirits&viewAll=department&page=,£22.50,£22.50/litre,£17.00 Clubcard Price,,/groceries/en-GB/products/264417662,https://digitalcontent.api.tesco.com/v2/media/ghs/104a50a6-884e-484b-afef-7f2609273a77/388d932e-7ff9-4911-86a4-cb45e8e2bc60.jpeg?h=225&w=225,
255247605,Tesco Green Ginger Wine 70Cl Bottle,https://www.tesco.com/groceries/en-GB/shop/drinks/all?department=Spirits&viewAll=department&page=,£3.75,£4.02/75cl,,,/groceries/en-GB/products/255247605,https://digitalcontent.api.tesco.com/v2/media/ghs/62fdf12a-591f-4b42-9166-cec7ceb61036/fccd9369-5621-488e-ad96-46a42974ae4e_500987974.jpeg?h=225&w=225,
299964841,Edinburgh Gin Rhubarb Gin & Ginger Ale 250Ml,https://www.tesco.com/groceries/en-GB/shop/drinks/all?department=Spirits&viewAll=department&page=,£2.00,£8.00/litre,Any 4 for 3 Clubcard Price - Cheapest Product Free - Selected Premix Cans 125ml - 440ml,,/groceries/en-GB/products/299964841,https://digitalcontent.api.tesco.com/v2/media/ghs/a1c15916-0591-4adb-8462-3fb970624d6d/213f3d81-8150-4c64-b18d-e7745d5db0f3_1256619743.jpeg?h=225&w=225,
303720456,House Of Cocktails Mojito 250Ml,https://www.tesco.com/groceries/en-GB/shop/drinks/all?department=Spirits&viewAll=department&page=,£0.85,£3.40/litre,Aldi Price Match,,/groceries/en-GB/products/303720456,https://digitalcontent.api.tesco.com/v2/media/ghs/df8d4702-d7b4-4e2f-ad0b-c839f8a3014e/snapshotimagehandler_2096167832.jpeg?h=225&w=225,
255246474,Tesco Medium Dry Sherry 1L,https://www.tesco.com/groceries/en-GB/shop/drinks/all?department=Spirits&viewAll=department&page=,£7.50,£5.63/75cl,,,/groceries/en-GB/products/255246474,https://digitalcontent.api.tesco.com/v2/media/ghs/2bb78ee8-6462-4d87-b6c8-bf2307adf614/3bdb086a-d8c3-4659-b528-109f23a954ae.jpeg?h=225&w=225,
255246445,Tesco Pale Cream Sherry 1L,https://www.tesco.com/groceries/en-GB/shop/drinks/all?department=Spirits&viewAll=department&page=,£7.50,£5.63/75cl,,,/groceries/en-GB/products/255246445,https://digitalcontent.api.tesco.com/v2/media/ghs/3a7e3b49-b1f1-4086-b555-c913605bca13/5b6ddd00-03dd-41ee-8b71-9ae80538089d.jpeg?h=225&w=225,
255246451,Tesco Cream Sherry 1L,https://www.tesco.com/groceries/en-GB/shop/drinks/all?department=Spirits&viewAll=department&page=,£7.50,£5.63/75cl,,,/groceries/en-GB/products/255246451,https://digitalcontent.api.tesco.com/v2/media/ghs/07863c17-9d33-4895-887e-5524c3f0bbfc/20ff5fb8-cf16-4c97-852a-5a226261c4ea.jpeg?h=225&w=225,
304413254,Funkin Nitro Passion Fruit Martini 200Ml,https://www.tesco.com/groceries/en-GB/shop/drinks/all?department=Spirits&viewAll=department&page=,£2.10,£10.50/litre,Any 4 for 3 Clubcard Price - Cheapest Product Free - Selected Premix Cans 125ml - 440ml,,/groceries/en-GB/products/304413254,https://digitalcontent.api.tesco.com/v2/media/ghs/8ba6405b-b972-4bf4-850e-8fedacabfae9/7fc79966-b186-4703-86cd-0cf07328571a_715157049.jpeg?h=225&w=225,
299313944,Gordon's Pink Gin & Tonic Premix 250Ml,https://www.tesco.com/groceries/en-GB/shop/drinks/all?department=Spirits&viewAll=department&page=,£2.25,£9.00/litre,Any 4 for 3 Clubcard Price - Cheapest Product Free - Selected Premix Cans 125ml - 440ml,,/groceries/en-GB/products/299313944,https://digitalcontent.api.tesco.com/v2/media/ghs/21d59785-8cfc-41af-8288-8b0b1bb4f831/1cfe72f1-e159-44db-a304-0adfa581db84_1614182915.jpeg?h=225&w=225,
255249131,Bacardi Carta Blanca Rum 1 Litre,https://www.tesco.com/groceries/en-GB/shop/drinks/all?department=Spirits&viewAll=department&page=,£21.00,£21.00/litre,£17.00 Clubcard Price,,/groceries/en-GB/products/255249131,https://digitalcontent.api.tesco.com/v2/media/ghs/d29c27cf-537f-478a-bc4b-a5d206fa479c/f80f9288-a5ec-43f7-ade8-c5a1f8de8c2c.jpeg?h=225&w=225,
280318657,Jack Daniel's & Cola 330Ml,https://www.tesco.com/groceries/en-GB/shop/drinks/all?department=Spirits&viewAll=department&page=,£2.10,£6.37/litre,Any 4 for 3 Clubcard Price - Cheapest Product Free - Selected Premix Cans 125ml - 440ml,,/groceries/en-GB/products/280318657,https://digitalcontent.api.tesco.com/v2/media/ghs/8d4a7372-4424-4213-82a8-3d3af324e068/fe88c718-7676-46fc-b377-3763a8ab327d_249440780.jpeg?h=225&w=225,
303720491,House Of Cocktails Cosmo 250Ml,https://www.tesco.com/groceries/en-GB/shop/drinks/all?department=Spirits&viewAll=department&page=,£0.85,£3.40/litre,Aldi Price Match,,/groceries/en-GB/products/303720491,https://digitalcontent.api.tesco.com/v2/media/ghs/cbe25795-a45b-4bec-9a81-0452b6e3fb53/snapshotimagehandler_1855205812.jpeg?h=225&w=225,
255249782,Baileys Original Irish Cream Liqueur 1L,https://www.tesco.com/groceries/en-GB/shop/drinks/all?department=Spirits&viewAll=department&page=,£21.00,£21.00/litre,£13.00 Clubcard Price,,/groceries/en-GB/products/255249782,https://digitalcontent.api.tesco.com/v2/media/ghs/8911ef25-52bf-4a4c-bebc-39f42b22bd15/f9c627ab-2cc3-40bf-bb27-8be3572f8bae.jpeg?h=225&w=225,
265616603,Baileys Coffee 1 Litre,https://www.tesco.com/groceries/en-GB/shop/drinks/all?department=Spirits&viewAll=department&page=,£21.00,£21.00/litre,£13.00 Clubcard Price,,/groceries/en-GB/products/265616603,https://digitalcontent.api.tesco.com/v2/media/ghs/757e368e-e6f6-459e-89ff-23371f6292c2/6f8101fc-b73a-433e-9f24-be5001cd79f2.jpeg?h=225&w=225,
300411717,Gordon's Premium Pink Distilled Gin 1 Litre,https://www.tesco.com/groceries/en-GB/shop/drinks/all?department=Spirits&viewAll=department&page=,£25.00,£25.00/litre,,,/groceries/en-GB/products/300411717,https://digitalcontent.api.tesco.com/v2/media/ghs/da97ac4b-c39c-4325-a938-f1e10ff58167/e866df52-1757-4d6c-9ce0-e1ccceab04e3.jpeg?h=225&w=225,
255699070,Courvoisier V.S. Cognac 70Cl,https://www.tesco.com/groceries/en-GB/shop/drinks/all?department=Spirits&viewAll=department&page=,£30.00,£42.86/litre,£25.00 Clubcard Price,,/groceries/en-GB/products/255699070,https://digitalcontent.api.tesco.com/v2/media/ghs/6ea63b61-9285-4d64-8c3a-0ce7e7694f37/877c02e2-a0ce-4f36-9401-9d1c169e48a0_342853212.jpeg?h=225&w=225,
299771971,Tequila Rose Strawberry Liqueur 50Cl,https://www.tesco.com/groceries/en-GB/shop/drinks/all?department=Spirits&viewAll=department&page=,£13.00,£26.00/litre,,,/groceries/en-GB/products/299771971,https://digitalcontent.api.tesco.com/v2/media/ghs/2ffd847b-7d95-4ead-a548-efe1e20e3fab/0207e7ef-226a-4927-b64e-62a5a2099e59_327772303.jpeg?h=225&w=225,
254870847,Malibu White Rum With Coconut 1L,https://www.tesco.com/groceries/en-GB/shop/drinks/all?department=Spirits&viewAll=department&page=,£20.00,£20.00/litre,,,/groceries/en-GB/products/254870847,https://digitalcontent.api.tesco.com/v2/media/ghs/6066de43-8677-4e84-9545-3cc231dab68b/af66a1e8-0184-4fc3-a843-e5d2f514678a.jpeg?h=225&w=225,
268772602,Cointreau Liqueur 50Cl,https://www.tesco.com/groceries/en-GB/shop/drinks/all?department=Spirits&viewAll=department&page=,£16.00,£32.00/litre,,,/groceries/en-GB/products/268772602,https://digitalcontent.api.tesco.com/v2/media/ghs/a8c6d1fc-721f-4610-884e-f86eeb5e736b/b082acbe-a208-46c8-9a5e-9fe17a030555.jpeg?h=225&w=225,
255247726,Stones Original Green Ginger Wine 70Cl,https://www.tesco.com/groceries/en-GB/shop/drinks/all?department=Spirits&viewAll=department&page=,£6.75,£7.24/75cl,,,/groceries/en-GB/products/255247726,https://digitalcontent.api.tesco.com/v2/media/ghs/0ba4edf5-e7a4-4d31-8f30-93747de058ed/089b6c07-b39b-4136-82bc-f64331b83c97.jpeg?h=225&w=225,
256409920,Jameson Irish Whiskey Bottle,https://www.tesco.com/groceries/en-GB/shop/drinks/all?department=Spirits&viewAll=department&page=,£24.00,£34.29/litre,£18.00 Clubcard Price,,/groceries/en-GB/products/256409920,https://digitalcontent.api.tesco.com/v2/media/ghs/d800ff58-3817-46c3-9e34-b8b9f064f652/8361af5b-2fda-4bfd-88e3-1997044e8f18.jpeg?h=225&w=225,
256554862,Smirnoff Red Label Vodka 70Cl Bottle,https://www.tesco.com/groceries/en-GB/shop/drinks/all?department=Spirits&viewAll=department&page=,£16.00,£22.86/litre,£14.00 Clubcard Price,,/groceries/en-GB/products/256554862,https://digitalcontent.api.tesco.com/v2/media/ghs/c1977c10-0b86-4397-a15d-a3721c64aa34/da3f3bd4-65dc-4156-9d0b-5d6b4f136e03.jpeg?h=225&w=225,
308478867,Johnnie Walker Red Label Blended Scotch Whisky 1Ltr,https://www.tesco.com/groceries/en-GB/shop/drinks/all?department=Spirits&viewAll=department&page=,£25.50,£25.50/litre,£18.00 Clubcard Price,,/groceries/en-GB/products/308478867,https://digitalcontent.api.tesco.com/v2/media/ghs/87ff7a03-23f5-43ca-a9ff-e93ac155cfc9/54149b07-9b3f-42cb-b81b-848c3f49d96a_618196304.jpeg?h=225&w=225,
257430575,Greenalls Original London Dry Gin 1L,https://www.tesco.com/groceries/en-GB/shop/drinks/all?department=Spirits&viewAll=department&page=,£19.50,£19.50/litre,£16.00 Clubcard Price,,/groceries/en-GB/products/257430575,https://digitalcontent.api.tesco.com/v2/media/ghs/893afc87-2bce-4d27-a48b-39f7a3c2da86/34f88a24-9da0-48a4-9c13-7ca1f29e25b5.jpeg?h=225&w=225,
257546179,Gordon's Special Dry London Gin 70Cl Bottle,https://www.tesco.com/groceries/en-GB/shop/drinks/all?department=Spirits&viewAll=department&page=,£16.00,£22.86/litre,£14.00 Clubcard Price,,/groceries/en-GB/products/257546179,https://digitalcontent.api.tesco.com/v2/media/ghs/65a1a4cc-1315-437c-945f-e0019509952a/15501341-2ef4-4784-8d33-9af4ab7665fb.jpeg?h=225&w=225,
253472364,Tesco Dry London Gin 70Cl Bottle,https://www.tesco.com/groceries/en-GB/shop/drinks/all?department=Spirits&viewAll=department&page=,£11.75,£16.79/litre,,,/groceries/en-GB/products/253472364,https://digitalcontent.api.tesco.com/v2/media/ghs/87175b94-4b01-459b-90e3-43e674e5a626/a1632bcc-e3a1-4c5f-b47c-da726ac37259.jpeg?h=225&w=225,
257356692,Taylors L.B.V. Port 75Cl,https://www.tesco.com/groceries/en-GB/shop/drinks/all?department=Spirits&viewAll=department&page=,£15.00,£15.00/75cl,£10.00 Clubcard Price,,/groceries/en-GB/products/257356692,https://digitalcontent.api.tesco.com/v2/media/ghs/543e696b-5412-49f8-8097-8ab18b7c8c1c/8ca0d65d-87a0-4338-9790-08cefdf80bc0_677241121.jpeg?h=225&w=225,
255246468,Tesco Fino Sherry 1 Litre,https://www.tesco.com/groceries/en-GB/shop/drinks/all?department=Spirits&viewAll=department&page=,£7.50,£5.63/75cl,,,/groceries/en-GB/products/255246468,https://digitalcontent.api.tesco.com/v2/media/ghs/68148c46-5cfc-4c02-bd20-25e62fc1a290/742da15c-5075-426e-8a76-707c44ce776b.jpeg?h=225&w=225,
303215339,Bacardi Spiced Rum 1L,https://www.tesco.com/groceries/en-GB/shop/drinks/all?department=Spirits&viewAll=department&page=,£21.00,£21.00/litre,£17.00 Clubcard Price,,/groceries/en-GB/products/303215339,https://digitalcontent.api.tesco.com/v2/media/ghs/eef2eb3d-d621-4ca6-b7ee-a82e31fdc3c1/9da01ada-f41f-4e36-8250-bb5abf8cc0eb_1721188529.jpeg?h=225&w=225,
255986830,Tesco Special Reserve Scotch Whisky 70Cl,https://www.tesco.com/groceries/en-GB/shop/drinks/all?department=Spirits&viewAll=department&page=,£12.50,£17.86/litre,,,/groceries/en-GB/products/255986830,https://digitalcontent.api.tesco.com/v2/media/ghs/acb5774d-7ce6-4d1a-a68e-e775a08e2bb3/65cafd3c-8c64-4adb-a76a-a39752bb0f36.jpeg?h=225&w=225,
293073292,Tesco Amaretto Liqueur 50Cl,https://www.tesco.com/groceries/en-GB/shop/drinks/all?department=Spirits&viewAll=department&page=,£8.00,£16.00/litre,,,/groceries/en-GB/products/293073292,https://digitalcontent.api.tesco.com/v2/media/ghs/f5a1e3e3-cc6c-4101-8fd4-3d452657ba31/327833e0-2023-405a-b771-86be77d20516.jpeg?h=225&w=225,
255987230,Tesco Imperial Vodka 35Cl Bottle,https://www.tesco.com/groceries/en-GB/shop/drinks/all?department=Spirits&viewAll=department&page=,£6.15,£17.58/litre,,,/groceries/en-GB/products/255987230,https://digitalcontent.api.tesco.com/v2/media/ghs/4ab06aa0-6b05-427e-a879-3cc764b253ff/7943952b-94ec-4433-83b6-63a7e353e6d0.jpeg?h=225&w=225,
255247784,Tesco Blended Scotch Whisky 1.5 Litre Bottle,https://www.tesco.com/groceries/en-GB/shop/drinks/all?department=Spirits&viewAll=department&page=,£23.95,£15.97/litre,,,/groceries/en-GB/products/255247784,https://digitalcontent.api.tesco.com/v2/media/ghs/0317cb1f-7bfc-49d7-a2da-625228dc0bec/896eae0f-dacd-49cc-85e1-fc10279f1937.jpeg?h=225&w=225,
253778043,Tesco Extra Dry Vermouth 1 Litre,https://www.tesco.com/groceries/en-GB/shop/drinks/all?department=Spirits&viewAll=department&page=,£5.80,£4.35/75cl,,,/groceries/en-GB/products/253778043,https://digitalcontent.api.tesco.com/v2/media/ghs/03a49e15-3037-4760-aecf-d7c6e5be4080/e762bd14-90ca-4672-9655-dd0e0b714bbf.jpeg?h=225&w=225,
255249091,Tesco White Rum 1L,https://www.tesco.com/groceries/en-GB/shop/drinks/all?department=Spirits&viewAll=department&page=,£15.00,£15.00/litre,,,/groceries/en-GB/products/255249091,https://digitalcontent.api.tesco.com/v2/media/ghs/5bd9f395-8c0c-4762-8d1d-c5b3cb352625/d64c5747-b920-4f69-9483-773369c8ed30.jpeg?h=225&w=225,
312582530,Moth Pina Colada 200Ml,https://www.tesco.com/groceries/en-GB/shop/drinks/all?department=Spirits&viewAll=department&page=,£3.90,£19.50/litre,Any 4 for 3 Clubcard Price - Cheapest Product Free - Selected Premix Cans 125ml - 440ml,,/groceries/en-GB/products/312582530,https://digitalcontent.api.tesco.com/v2/media/ghs/6fc60bdb-bf13-4041-a869-9c664e25ef5e/bd2f5cdb-7b1a-4f0a-899b-e69c4d6bc689_796556870.jpeg?h=225&w=225,
252400734,Wkd Blue 4% 700Ml,https://www.tesco.com/groceries/en-GB/shop/drinks/all?department=Spirits&viewAll=department&page=,£3.00,£4.29/litre,,,/groceries/en-GB/products/252400734,https://digitalcontent.api.tesco.com/v2/media/ghs/66bf7a76-3de9-492e-8fb3-2ca1815d1966/ce9725be-cd67-453f-bc9a-9cda52c8dfde.jpeg?h=225&w=225,
255404798,Smirnoff Ice 70Cl,https://www.tesco.com/groceries/en-GB/shop/drinks/all?department=Spirits&viewAll=department&page=,£3.00,£4.29/litre,,,/groceries/en-GB/products/255404798,https://digitalcontent.api.tesco.com/v2/media/ghs/1502d04f-f55e-4aa7-be5b-e8ea5035f1e9/82ab0454-18e3-4cc9-bc36-209ced0aae1e_226910281.jpeg?h=225&w=225,
312700167,Au Vodka Blue Raspberry 330Ml,https://www.tesco.com/groceries/en-GB/shop/drinks/all?department=Spirits&viewAll=department&page=,£3.00,£9.10/litre,Any 4 for 3 Clubcard Price - Cheapest Product Free - Selected Premix Cans 125ml - 440ml,,/groceries/en-GB/products/312700167,https://digitalcontent.api.tesco.com/v2/media/ghs/58edff7a-e5dc-4473-a415-1f63bd08f1df/75c2f6ad-458c-489b-b695-1dc7a760db8c_1139610707.jpeg?h=225&w=225,
312103511,Gordon's Pink Martini Cocktail 250Ml,https://www.tesco.com/groceries/en-GB/shop/drinks/all?department=Spirits&viewAll=department&page=,£2.40,£9.60/litre,Any 4 for 3 Clubcard Price - Cheapest Product Free - Selected Premix Cans 125ml - 440ml,,/groceries/en-GB/products/312103511,https://digitalcontent.api.tesco.com/v2/media/ghs/2fecfdc5-0164-4b98-b609-e90695e10a95/5eaf3c0d-eef5-42fd-85a8-342da98e1bb5_817272293.jpeg?h=225&w=225,
312997108,Au Vodka Black Grape 330Ml,https://www.tesco.com/groceries/en-GB/shop/drinks/all?department=Spirits&viewAll=department&page=,£3.00,£9.10/litre,Any 4 for 3 Clubcard Price - Cheapest Product Free - Selected Premix Cans 125ml - 440ml,,/groceries/en-GB/products/312997108,https://digitalcontent.api.tesco.com/v2/media/ghs/d5b53692-c044-454e-ac5c-8e409063dea9/cb461aa9-64e2-4b6a-b9c1-3d7161485d17_223742932.jpeg?h=225&w=225,
312084463,Smirnoff Passionfruit Martini Cocktail 250Ml,https://www.tesco.com/groceries/en-GB/shop/drinks/all?department=Spirits&viewAll=department&page=,£2.40,£9.60/litre,Any 4 for 3 Clubcard Price - Cheapest Product Free - Selected Premix Cans 125ml - 440ml,,/groceries/en-GB/products/312084463,https://digitalcontent.api.tesco.com/v2/media/ghs/8acf18f5-dd79-4112-a6c6-9bcbb582c754/2332cb4f-9a86-4fcf-94ca-7eece7c58c6f_242665998.jpeg?h=225&w=225,
297510276,Tesco Dry Gin & Low Calorie Tonic 4X250ml,https://www.tesco.com/groceries/en-GB/shop/drinks/all?department=Spirits&viewAll=department&page=,£4.00,£4.00/litre,,,/groceries/en-GB/products/297510276,https://digitalcontent.api.tesco.com/v2/media/ghs/121bbf03-0c27-44cc-99f4-aa2cce2524f7/febb71b1-b0f4-4155-8289-0222aaf4fd2c_1919398456.jpeg?h=225&w=225,
312989366,Dead Man's Fingers Spiced Rum & Cola 330Ml,https://www.tesco.com/groceries/en-GB/shop/drinks/all?department=Spirits&viewAll=department&page=,£2.00,£6.07/litre,Any 4 for 3 Clubcard Price - Cheapest Product Free - Selected Premix Cans 125ml - 440ml,,/groceries/en-GB/products/312989366,https://digitalcontent.api.tesco.com/v2/media/ghs/44d9b5cc-4019-4224-9786-67a8ade01ff2/6a3003ce-1801-4c1b-afa2-f2e9799752fb_1400480275.jpeg?h=225&w=225,
264089830,Pimm's Ready To Drink 250Ml Can,https://www.tesco.com/groceries/en-GB/shop/drinks/all?department=Spirits&viewAll=department&page=,£2.25,£9.00/litre,Any 4 for 3 Clubcard Price - Cheapest Product Free - Selected Premix Cans 125ml - 440ml,,/groceries/en-GB/products/264089830,https://digitalcontent.api.tesco.com/v2/media/ghs/ff70ebe6-719b-4eb2-a7a0-c6932e50cf47/a0e80ada-1f62-4bb8-9b90-2e3b6316d872_325786756.jpeg?h=225&w=225,
305963319,Funkin Nitro Pina Colada Cocktail 200Ml,https://www.tesco.com/groceries/en-GB/shop/drinks/all?department=Spirits&viewAll=department&page=,£2.10,£10.50/litre,Any 4 for 3 Clubcard Price - Cheapest Product Free - Selected Premix Cans 125ml - 440ml,,/groceries/en-GB/products/305963319,https://digitalcontent.api.tesco.com/v2/media/ghs/cf4ad2c5-1dff-4e8f-9583-da47acf0b78b/437b11eb-1b56-4940-8f23-bd2edd585b42_1271033188.jpeg?h=225&w=225,
285490057,Gordon's Gin &Tonic 250Ml Can,https://www.tesco.com/groceries/en-GB/shop/drinks/all?department=Spirits&viewAll=department&page=,£2.25,£9.00/litre,Any 4 for 3 Clubcard Price - Cheapest Product Free - Selected Premix Cans 125ml - 440ml,,/groceries/en-GB/products/285490057,https://digitalcontent.api.tesco.com/v2/media/ghs/b41c7892-52dd-452d-9092-88e2ee44b884/54d2976b-0284-4dce-b2f3-02906abfd087_335805669.jpeg?h=225&w=225,
312237067,Absolut Drinks Raspberry Lemonade 250Ml,https://www.tesco.com/groceries/en-GB/shop/drinks/all?department=Spirits&viewAll=department&page=,£1.95,£7.80/litre,Any 4 for 3 Clubcard Price - Cheapest Product Free - Selected Premix Cans 125ml - 440ml,,/groceries/en-GB/products/312237067,https://digitalcontent.api.tesco.com/v2/media/ghs/515e1e94-4559-4d83-b7bc-bb4fc3fccf1b/0b454639-8304-434a-9df2-4a00e10e4c11_226339732.jpeg?h=225&w=225,
309454306,Tanqueray Flor De Sevilla Orange Gin & Tonic 250Ml,https://www.tesco.com/groceries/en-GB/shop/drinks/all?department=Spirits&viewAll=department&page=,£2.50,£10.00/litre,Any 4 for 3 Clubcard Price - Cheapest Product Free - Selected Premix Cans 125ml - 440ml,,/groceries/en-GB/products/309454306,https://digitalcontent.api.tesco.com/v2/media/ghs/4ff798ef-a042-4093-b719-28d06a00b1c3/3d8c0efb-59aa-4801-aa48-61cda15ec69c_995302926.jpeg?h=225&w=225,
274578121,Jack Daniels Tennessee Honey 70Cl,https://www.tesco.com/groceries/en-GB/shop/drinks/all?department=Spirits&viewAll=department&page=,£26.00,£37.15/litre,£17.00 Clubcard Price,,/groceries/en-GB/products/274578121,https://digitalcontent.api.tesco.com/v2/media/ghs/22c3483b-a426-4ee1-95ed-8eb7939427dc/3da6ea62-9836-4fb6-8de4-7d66a4d7ddfb.jpeg?h=225&w=225,
293735707,Jameson Whiskey Ginger Ale & Lime 250Ml,https://www.tesco.com/groceries/en-GB/shop/drinks/all?department=Spirits&viewAll=department&page=,£2.00,£8.00/litre,Any 4 for 3 Clubcard Price - Cheapest Product Free - Selected Premix Cans 125ml - 440ml,,/groceries/en-GB/products/293735707,https://digitalcontent.api.tesco.com/v2/media/ghs/b9f2ca48-8960-421e-8684-7a3e02fa277e/1a554a45-9d73-487e-bcde-f7f2f448764f_1153648938.jpeg?h=225&w=225,
312836231,Gordon's Premium Pink Gin & Lemonade 250Ml,https://www.tesco.com/groceries/en-GB/shop/drinks/all?department=Spirits&viewAll=department&page=,£2.00,£8.00/litre,Any 4 for 3 Clubcard Price - Cheapest Product Free - Selected Premix Cans 125ml - 440ml,,/groceries/en-GB/products/312836231,https://digitalcontent.api.tesco.com/v2/media/ghs/8f9f88c6-411e-48bd-af1b-591c519af3dc/e80e9fe6-2a0f-489b-b147-3e06b6d54695_869678012.jpeg?h=225&w=225,
285141379,Tesco Gin & Low Calorie Tonic 250Ml,https://www.tesco.com/groceries/en-GB/shop/drinks/all?department=Spirits&viewAll=department&page=,£1.25,£5.00/litre,,,/groceries/en-GB/products/285141379,https://digitalcontent.api.tesco.com/v2/media/ghs/e89728e0-f033-452e-ab92-f18572072d32/ddab7a49-3bdb-4449-97a0-a22a22c60efb_364075951.jpeg?h=225&w=225,
295685780,Captain Morgan Spiced Rum And Cola 330Ml,https://www.tesco.com/groceries/en-GB/shop/drinks/all?department=Spirits&viewAll=department&page=,£2.35,£7.13/litre,Any 4 for 3 Clubcard Price - Cheapest Product Free - Selected Premix Cans 125ml - 440ml,,/groceries/en-GB/products/295685780,https://digitalcontent.api.tesco.com/v2/media/ghs/2e72b2d9-8443-4fdf-8ba4-78ba69785d94/37873e49-88ec-44f2-ac3b-049c606aedf0_1089591004.jpeg?h=225&w=225,
255249160,Tesco Dark Rum 1L,https://www.tesco.com/groceries/en-GB/shop/drinks/all?department=Spirits&viewAll=department&page=,£15.00,£15.00/litre,,,/groceries/en-GB/products/255249160,https://digitalcontent.api.tesco.com/v2/media/ghs/832fa134-da39-4f59-bc89-3dc30ef44ace/951a513a-de28-46cb-8832-bdeffc0e2c3b.jpeg?h=225&w=225,
275014154,Baileys Orange Truffle 1L,https://www.tesco.com/groceries/en-GB/shop/drinks/all?department=Spirits&viewAll=department&page=,£21.00,£21.00/litre,£13.00 Clubcard Price,,/groceries/en-GB/products/275014154,https://digitalcontent.api.tesco.com/v2/media/ghs/31f26560-87be-443f-852d-3511862e4ae6/b677f2c4-20df-4368-846b-2b38fbf9c205.jpeg?h=225&w=225,
267244861,Southern Comfort 1 Litre,https://www.tesco.com/groceries/en-GB/shop/drinks/all?department=Spirits&viewAll=department&page=,£28.00,£28.00/litre,,,/groceries/en-GB/products/267244861,https://digitalcontent.api.tesco.com/v2/media/ghs/10b97fc0-d3ea-4d70-b58a-228793996e05/90de1969-6f9e-4dd3-adf9-e1a2e7e7bd92.jpeg?h=225&w=225,
286114704,Three Barrels Brandy 1 Litre,https://www.tesco.com/groceries/en-GB/shop/drinks/all?department=Spirits&viewAll=department&page=,£24.00,£24.00/litre,,,/groceries/en-GB/products/286114704,https://digitalcontent.api.tesco.com/v2/media/ghs/4a76087f-61f1-4d88-af85-754eb2038dcc/8b01b130-de1c-4698-9a5a-82690bbe242d.jpeg?h=225&w=225,
255927642,Absolut Swedish Vodka 1L,https://www.tesco.com/groceries/en-GB/shop/drinks/all?department=Spirits&viewAll=department&page=,£25.50,£25.50/litre,,,/groceries/en-GB/products/255927642,https://digitalcontent.api.tesco.com/v2/media/ghs/2d116f93-3bdf-4bdd-a216-ed4388844398/5170966c-cb15-498a-8b5c-c9b8e0b1c505.jpeg?h=225&w=225,
309203397,Kahlua Coffee Liqueur 70Cl,https://www.tesco.com/groceries/en-GB/shop/drinks/all?department=Spirits&viewAll=department&page=,£15.50,£22.15/litre,£12.00 Clubcard Price,,/groceries/en-GB/products/309203397,https://digitalcontent.api.tesco.com/v2/media/ghs/3b94a567-9abb-4bfc-a5de-4876892b84ec/2225d22e-ffac-4d5e-8f21-4f7635ad2590_423077797.jpeg?h=225&w=225,
256838452,Absolut Swedish Vodka 70Cl Bottle,https://www.tesco.com/groceries/en-GB/shop/drinks/all?department=Spirits&viewAll=department&page=,£20.00,£28.58/litre,£16.00 Clubcard Price,,/groceries/en-GB/products/256838452,https://digitalcontent.api.tesco.com/v2/media/ghs/5366aac1-a2d6-4140-b340-26e96b96c6d4/8c19c9e6-633c-43a2-8e24-4beaf8e7b4e0.jpeg?h=225&w=225,
255248535,Jim Beam White Bourbon 70Cl Bottle,https://www.tesco.com/groceries/en-GB/shop/drinks/all?department=Spirits&viewAll=department&page=,£18.50,£26.43/litre,,,/groceries/en-GB/products/255248535,https://digitalcontent.api.tesco.com/v2/media/ghs/140665dc-8797-49d8-bb42-78d1cec4a2c7/3567be59-1790-4e93-bde1-f10fb4483212.jpeg?h=225&w=225,
251552722,Glens Vodka 1L,https://www.tesco.com/groceries/en-GB/shop/drinks/all?department=Spirits&viewAll=department&page=,£16.00,£16.00/litre,,,/groceries/en-GB/products/251552722,https://digitalcontent.api.tesco.com/v2/media/ghs/b0f0859a-3a4d-444b-bbee-e7396159d5f6/55e9c072-b5c5-4b95-b5a5-1c589ea12a88.jpeg?h=225&w=225,
256521498,The Famous Grouse Scotch Whisky 70Cl,https://www.tesco.com/groceries/en-GB/shop/drinks/all?department=Spirits&viewAll=department&page=,£16.50,£23.58/litre,,,/groceries/en-GB/products/256521498,https://digitalcontent.api.tesco.com/v2/media/ghs/1c42aa2e-9e97-44de-8816-fd2184d9b1cc/d131e8c5-c82a-499a-a58a-6fdaa980a264.jpeg?h=225&w=225,
268450874,Wkd Blue 10X275ml,https://www.tesco.com/groceries/en-GB/shop/drinks/all?department=Spirits&viewAll=department&page=,£12.00,£4.37/litre,£10.00 Clubcard Price,,/groceries/en-GB/products/268450874,https://digitalcontent.api.tesco.com/v2/media/ghs/0970d1c3-3112-4a81-a359-9f884b633d0b/bbe9678d-d37c-489e-a059-e4e4328d484d.jpeg?h=225&w=225,
268515954,Dow's Master Blend Finest Reserve Port 75Cl,https://www.tesco.com/groceries/en-GB/shop/drinks/all?department=Spirits&viewAll=department&page=,£12.50,£12.50/75cl,£9.50 Clubcard Price,,/groceries/en-GB/products/268515954,https://digitalcontent.api.tesco.com/v2/media/ghs/d7f19310-4d6d-4ed2-a592-68ec750b5209/b7a07d11-da89-4a6e-9aab-77e49c156bed_570192812.jpeg?h=225&w=225,
313002548,Smirnoff Ice Original Vodka Mixed Drink 10X250ml,https://www.tesco.com/groceries/en-GB/shop/drinks/all?department=Spirits&viewAll=department&page=,£12.00,£4.80/litre,,New,/groceries/en-GB/products/313002548,https://digitalcontent.api.tesco.com/v2/media/ghs/f89588b0-2ad7-411f-bba4-6f37d6dee1c8/18e68849-db50-40fd-b95b-661e0a1d3109_907032201.jpeg?h=225&w=225,
256420341,Campari Bitter 70Cl Bottle,https://www.tesco.com/groceries/en-GB/shop/drinks/all?department=Spirits&viewAll=department&page=,£16.00,£22.86/litre,£13.00 Clubcard Price,,/groceries/en-GB/products/256420341,https://digitalcontent.api.tesco.com/v2/media/ghs/e4ccdf0d-473b-4ce6-bc5c-ff78e23f1a68/e41d7513-6162-4479-a5ce-c8de72e7fed2_1248308612.jpeg?h=225&w=225,
297509958,Gordon's Premium Pink Distilled Gin 70Cl,https://www.tesco.com/groceries/en-GB/shop/drinks/all?department=Spirits&viewAll=department&page=,£16.50,£23.58/litre,£15.00 Clubcard Price,,/groceries/en-GB/products/297509958,https://digitalcontent.api.tesco.com/v2/media/ghs/13e2034c-7ad2-4b59-b683-fe276a4c7c17/b6a288ab-d6a0-4337-b800-1fbe29cf35bb_1172968029.jpeg?h=225&w=225,
302142018,Greenalls Gin Wild Berry 37.5% 1 Litre,https://www.tesco.com/groceries/en-GB/shop/drinks/all?department=Spirits&viewAll=department&page=,£19.50,£19.50/litre,£16.00 Clubcard Price,,/groceries/en-GB/products/302142018,https://digitalcontent.api.tesco.com/v2/media/ghs/fb74064f-eb5f-4670-b0fc-d56b7e11c68a/4a1e3e11-acf1-49ed-bd67-2f3bf4924b1b_1300453342.jpeg?h=225&w=225,
259708072,Bombay Sapphire Gin 70Cl,https://www.tesco.com/groceries/en-GB/shop/drinks/all?department=Spirits&viewAll=department&page=,£21.00,£30.00/litre,£17.00 Clubcard Price,,/groceries/en-GB/products/259708072,https://digitalcontent.api.tesco.com/v2/media/ghs/a3e02266-17f7-4f1a-a29c-dea99749cf03/a3e6b773-af2e-4b06-9e73-d02bc1340b8f.jpeg?h=225&w=225,
257467883,Harveys Bristol Cream Sherry 75Cl Bottle,https://www.tesco.com/groceries/en-GB/shop/drinks/all?department=Spirits&viewAll=department&page=,£11.00,£11.00/75cl,,,/groceries/en-GB/products/257467883,https://digitalcontent.api.tesco.com/v2/media/ghs/e7c2cf08-e1cb-4669-89a0-aab7699527a8/0a9e4996-aa0c-4b67-99dd-32d37ec09198_1012118906.jpeg?h=225&w=225,
298413482,Tesco Low Alcohol Reduced Calorie G & Tesco 4 X 250Ml,https://www.tesco.com/groceries/en-GB/shop/drinks/all?department=Spirits&viewAll=department&page=,£3.60,£3.60/litre,,,/groceries/en-GB/products/298413482,https://digitalcontent.api.tesco.com/v2/media/ghs/50596c12-975b-49da-8f49-fa742f48d1df/037eba66-6a71-46df-a0fb-f52eac65f2f3_752473874.jpeg?h=225&w=225,
252249320,Malibu White Rum With Coconut 70Cl,https://www.tesco.com/groceries/en-GB/shop/drinks/all?department=Spirits&viewAll=department&page=,£15.00,£21.43/litre,£12.00 Clubcard Price,,/groceries/en-GB/products/252249320,https://digitalcontent.api.tesco.com/v2/media/ghs/4d0f9439-0884-49ee-a160-b95c8a77c90f/0f7f727f-e7b6-42dd-b99b-9b23d41b23ae.jpeg?h=225&w=225,
280033613,Baileys Chocolat Luxe 50Cl,https://www.tesco.com/groceries/en-GB/shop/drinks/all?department=Spirits&viewAll=department&page=,£19.00,£38.00/litre,£12.00 Clubcard Price,,/groceries/en-GB/products/280033613,https://digitalcontent.api.tesco.com/v2/media/ghs/efc3ee76-7706-4329-ba9b-dc83870177bb/5aef4a27-615e-4485-ba26-b1c083c46a31.jpeg?h=225&w=225,
255506328,Martini Vermouth Dry 75Cl,https://www.tesco.com/groceries/en-GB/shop/drinks/all?department=Spirits&viewAll=department&page=,£9.45,£9.45/75cl,£7.50 Clubcard Price,,/groceries/en-GB/products/255506328,https://digitalcontent.api.tesco.com/v2/media/ghs/0436322c-202d-4bff-82d2-1af3bda63669/09f0c637-4f15-4568-876c-62e0af48e7d8_1072428183.jpeg?h=225&w=225,
303837900,Martini Rosso Vermouth 75Cl,https://www.tesco.com/groceries/en-GB/shop/drinks/all?department=Spirits&viewAll=department&page=,£9.45,£9.45/75cl,£7.50 Clubcard Price,,/groceries/en-GB/products/303837900,https://digitalcontent.api.tesco.com/v2/media/ghs/c4c143e0-5d2a-433b-abb6-0d1add3602c8/52ad2a52-83ba-4868-8dd2-47d7c40c2695_1152089015.jpeg?h=225&w=225,
275625329,Drambuie Honeyed Scotch Whisky Liqueur 50Cl,https://www.tesco.com/groceries/en-GB/shop/drinks/all?department=Spirits&viewAll=department&page=,£19.00,£38.00/litre,£14.00 Clubcard Price,,/groceries/en-GB/products/275625329,https://digitalcontent.api.tesco.com/v2/media/ghs/d0f0b36c-6fa7-4d98-9c2e-451ce548faa1/7b2a35d4-07ed-4965-a78a-5b8edf429ad9_1565422217.jpeg?h=225&w=225,
251985123,Southern Comfort 70Cl,https://www.tesco.com/groceries/en-GB/shop/drinks/all?department=Spirits&viewAll=department&page=,£21.00,£30.00/litre,£14.00 Clubcard Price,,/groceries/en-GB/products/251985123,https://digitalcontent.api.tesco.com/v2/media/ghs/f14ddb3e-dd1c-48c9-8cd9-34cbd3c05ea2/58856c4b-090d-415b-8a8d-0ca6027b3abf_2051253932.jpeg?h=225&w=225,
253786465,Tesco Vermouth Rosso 1L,https://www.tesco.com/groceries/en-GB/shop/drinks/all?department=Spirits&viewAll=department&page=,£5.80,£4.35/75cl,,,/groceries/en-GB/products/253786465,https://digitalcontent.api.tesco.com/v2/media/ghs/af2d4c69-3d14-4c84-b94e-4644659576b1/5760ec99-92fd-4153-932a-5ca833fd0413.jpeg?h=225&w=225,
306493143,Fundador Spanish Brandy 1Litre,https://www.tesco.com/groceries/en-GB/shop/drinks/all?department=Spirits&viewAll=department&page=,£19.00,£19.00/litre,£16.00 Clubcard Price,,/groceries/en-GB/products/306493143,https://digitalcontent.api.tesco.com/v2/media/ghs/53ff8320-8647-4b3d-90e3-c721f483dc6f/c8d25972-376c-4a12-baf0-ec4c57aed5e6_1241573339.jpeg?h=225&w=225,
253785685,Tesco Vermouth Bianco 1 Litre,https://www.tesco.com/groceries/en-GB/shop/drinks/all?department=Spirits&viewAll=department&page=,£5.80,£4.35/75cl,,,/groceries/en-GB/products/253785685,https://digitalcontent.api.tesco.com/v2/media/ghs/8fce60f8-416b-416d-9312-b71d86b5ef48/b155eb9f-8db1-4f15-8291-43faebe9d8f7.jpeg?h=225&w=225,
255247012,Tesco Full Cream Fortified British Wine 1L.,https://www.tesco.com/groceries/en-GB/shop/drinks/all?department=Spirits&viewAll=department&page=,£5.55,£4.17/75cl,,,/groceries/en-GB/products/255247012,https://digitalcontent.api.tesco.com/v2/media/ghs/146550ed-1bd9-455f-ae8c-960c4c885b3d/7ecc6a40-79df-4775-9c77-a3ffb5a7a61e_2106389977.jpeg?h=225&w=225,
304413536,Courriere Brandy 70Cl,https://www.tesco.com/groceries/en-GB/shop/drinks/all?department=Spirits&viewAll=department&page=,£10.80,£15.43/litre,,,/groceries/en-GB/products/304413536,https://digitalcontent.api.tesco.com/v2/media/ghs/805e0dab-db90-4655-ae7a-874ddf65c894/6e150bb7-2886-4591-be10-da0cfd0c6257_913401581.jpeg?h=225&w=225,
255247058,Tesco Pale Cream Fortified British Wine 1L.,https://www.tesco.com/groceries/en-GB/shop/drinks/all?department=Spirits&viewAll=department&page=,£5.55,£4.17/75cl,,,/groceries/en-GB/products/255247058,https://digitalcontent.api.tesco.com/v2/media/ghs/7d1076d8-b3a6-4f12-9f03-579e49eb80c9/7ad56643-45ca-4750-89c5-7cf541fc7ba5_1017889692.jpeg?h=225&w=225,
305732259,Bombay Sapphire Gin & Tonic 250Ml,https://www.tesco.com/groceries/en-GB/shop/drinks/all?department=Spirits&viewAll=department&page=,£2.50,£10.00/litre,Any 4 for 3 Clubcard Price - Cheapest Product Free - Selected Premix Cans 125ml - 440ml,,/groceries/en-GB/products/305732259,https://digitalcontent.api.tesco.com/v2/media/ghs/00b06978-b8dc-4f81-b2dd-330547276d69/8808980f-9892-4ec1-b39d-c08eab552bb6_1434066603.jpeg?h=225&w=225,
306809329,All Shook Up Passion Fruit Martini 250Ml,https://www.tesco.com/groceries/en-GB/shop/drinks/all?department=Spirits&viewAll=department&page=,£1.85,£7.40/litre,Any 4 for 3 Clubcard Price - Cheapest Product Free - Selected Premix Cans 125ml - 440ml,,/groceries/en-GB/products/306809329,https://digitalcontent.api.tesco.com/v2/media/ghs/87b2e1b8-7e42-4097-819c-3f8b12fa9bf8/a22a8ff5-bfcc-44fc-b68d-bda3d4c97191_999828245.jpeg?h=225&w=225,
306808699,All Shook Up Strawberry Daiquiri 250Ml,https://www.tesco.com/groceries/en-GB/shop/drinks/all?department=Spirits&viewAll=department&page=,£1.85,£7.40/litre,Any 4 for 3 Clubcard Price - Cheapest Product Free - Selected Premix Cans 125ml - 440ml,,/groceries/en-GB/products/306808699,https://digitalcontent.api.tesco.com/v2/media/ghs/953cb985-1d0b-498f-a491-536ac775589a/4709d0dc-5215-47e0-a291-5612318461f7_1829118770.jpeg?h=225&w=225,
271613897,Malibu & Cola 250Ml,https://www.tesco.com/groceries/en-GB/shop/drinks/all?department=Spirits&viewAll=department&page=,£2.00,£8.00/litre,Any 4 for 3 Clubcard Price - Cheapest Product Free - Selected Premix Cans 125ml - 440ml,,/groceries/en-GB/products/271613897,https://digitalcontent.api.tesco.com/v2/media/ghs/2621d762-85c1-4fe8-842b-6a1e13eed7ef/e3c13c13-7139-4c25-b236-2c1ba9edea35_2135516431.jpeg?h=225&w=225,
302320453,Edinburgh Gin Raspberry Gin Fizz 250Ml,https://www.tesco.com/groceries/en-GB/shop/drinks/all?department=Spirits&viewAll=department&page=,£2.00,£8.00/litre,Any 4 for 3 Clubcard Price - Cheapest Product Free - Selected Premix Cans 125ml - 440ml,,/groceries/en-GB/products/302320453,https://digitalcontent.api.tesco.com/v2/media/ghs/1da12114-cd2b-47e7-b42f-32b91576b3de/3157975a-dc4c-4e5b-b562-9703ef19929a_675642875.jpeg?h=225&w=225,
304410689,Funkin Nitro Espresso Martini Cocktail 200Ml,https://www.tesco.com/groceries/en-GB/shop/drinks/all?department=Spirits&viewAll=department&page=,£2.10,£10.50/litre,Any 4 for 3 Clubcard Price - Cheapest Product Free - Selected Premix Cans 125ml - 440ml,,/groceries/en-GB/products/304410689,https://digitalcontent.api.tesco.com/v2/media/ghs/42cc086b-4d1a-4707-ba46-f6919597e868/e10008a3-24d7-4ed1-8b00-4577ddd2fd61_1814005963.jpeg?h=225&w=225,
311225875,Smirnoff Raspberry Crush Flavoured Vodka & Lemonade 250Ml,https://www.tesco.com/groceries/en-GB/shop/drinks/all?department=Spirits&viewAll=department&page=,£2.00,£8.00/litre,Any 4 for 3 Clubcard Price - Cheapest Product Free - Selected Premix Cans 125ml - 440ml,,/groceries/en-GB/products/311225875,https://digitalcontent.api.tesco.com/v2/media/ghs/a7df36a8-6bad-445b-974e-c81a325acec5/7421e6b7-583c-4418-b1a3-4c93543ea650_23335790.jpeg?h=225&w=225,
288090451,Smirnoff & Diet Cola 250Ml,https://www.tesco.com/groceries/en-GB/shop/drinks/all?department=Spirits&viewAll=department&page=,£2.00,£8.00/litre,Any 4 for 3 Clubcard Price - Cheapest Product Free - Selected Premix Cans 125ml - 440ml,,/groceries/en-GB/products/288090451,https://digitalcontent.api.tesco.com/v2/media/ghs/4ccc3b9e-185f-4731-aebe-d636d5420f0f/1a1d18a6-75e1-4da6-b03f-8a2c70146769_869606863.jpeg?h=225&w=225,
285751521,Smirnoff & Cranberry Can 250Ml,https://www.tesco.com/groceries/en-GB/shop/drinks/all?department=Spirits&viewAll=department&page=,£2.00,£8.00/litre,Any 4 for 3 Clubcard Price - Cheapest Product Free - Selected Premix Cans 125ml - 440ml,,/groceries/en-GB/products/285751521,https://digitalcontent.api.tesco.com/v2/media/ghs/e06fa777-b7a0-41e7-a711-a29473d2d009/9b86e64f-0430-4a3e-a107-d17974ce3d57_545907979.jpeg?h=225&w=225,
271060974,Archers And Lemonade 250Ml,https://www.tesco.com/groceries/en-GB/shop/drinks/all?department=Spirits&viewAll=department&page=,£2.00,£8.00/litre,Any 4 for 3 Clubcard Price - Cheapest Product Free - Selected Premix Cans 125ml - 440ml,,/groceries/en-GB/products/271060974,https://digitalcontent.api.tesco.com/v2/media/ghs/d71e07ee-3d5e-4fd5-9c85-89d3303af93f/fe800296-1f7d-4440-b709-994cae723acc_1108032100.jpeg?h=225&w=225,
292239104,Jack Daniels & No Sugar Cola 330Ml,https://www.tesco.com/groceries/en-GB/shop/drinks/all?department=Spirits&viewAll=department&page=,£2.10,£6.37/litre,Any 4 for 3 Clubcard Price - Cheapest Product Free - Selected Premix Cans 125ml - 440ml,,/groceries/en-GB/products/292239104,https://digitalcontent.api.tesco.com/v2/media/ghs/8511c2e0-fef3-445c-95c3-9fb05128d142/a14d504a-fe3d-4564-b33e-a9d0c4456fe2_1328815015.jpeg?h=225&w=225,
285173859,Tesco Gin & Tonic 250Ml,https://www.tesco.com/groceries/en-GB/shop/drinks/all?department=Spirits&viewAll=department&page=,£1.25,£5.00/litre,,,/groceries/en-GB/products/285173859,https://digitalcontent.api.tesco.com/v2/media/ghs/98e0ab1f-d9dc-4405-8006-0824c68b3237/25f8ad33-8023-43f7-9bfb-705ad284c9c3_832221956.jpeg?h=225&w=225,
265390344,Chambord Raspberry Liqueur 20Cl,https://www.tesco.com/groceries/en-GB/shop/drinks/all?department=Spirits&viewAll=department&page=,£8.00,£40.00/litre,£6.00 Clubcard Price,,/groceries/en-GB/products/265390344,https://digitalcontent.api.tesco.com/v2/media/ghs/8c6e71f1-2e7c-4037-9569-8be4c7dfd199/9d422ff6-ce55-46ff-805a-77840ef5b130.jpeg?h=225&w=225,
255248190,Grants Triple Wood Blended Scotch Whisky 1L,https://www.tesco.com/groceries/en-GB/shop/drinks/all?department=Spirits&viewAll=department&page=,£19.50,£19.50/litre,£16.00 Clubcard Price,,/groceries/en-GB/products/255248190,https://digitalcontent.api.tesco.com/v2/media/ghs/ff4d93c1-76d7-47c4-bb7f-55a8c5bb0de5/e005d672-8e73-4a28-a999-072808e2843d.jpeg?h=225&w=225,
285694951,Cardhu Gold Reserve Single Malt Whisky 70Cl,https://www.tesco.com/groceries/en-GB/shop/drinks/all?department=Spirits&viewAll=department&page=,£42.00,£60.00/litre,,,/groceries/en-GB/products/285694951,https://digitalcontent.api.tesco.com/v2/media/ghs/e1ba1043-dd55-43c1-8bd0-a66f15867cef/171b19bb-9876-458c-baf4-717391565895.jpeg?h=225&w=225,
303299499,Aperol 100Cl .,https://www.tesco.com/groceries/en-GB/shop/drinks/all?department=Spirits&viewAll=department&page=,£20.00,£20.00/litre,,,/groceries/en-GB/products/303299499,https://digitalcontent.api.tesco.com/v2/media/ghs/ab58f169-628d-49f4-8146-337434c4eb0c/b0cc2929-254e-4169-8715-412c821af2c4_850353982.jpeg?h=225&w=225,
250835977,Jameson Irish Whiskey 1L,https://www.tesco.com/groceries/en-GB/shop/drinks/all?department=Spirits&viewAll=department&page=,£30.00,£30.00/litre,,,/groceries/en-GB/products/250835977,https://digitalcontent.api.tesco.com/v2/media/ghs/8dc8d012-5996-4228-8f02-c0894f05f574/f548f5cb-e10d-4501-931e-c6e153d4f567.jpeg?h=225&w=225,
253146098,Sourz Apple 70Cl,https://www.tesco.com/groceries/en-GB/shop/drinks/all?department=Spirits&viewAll=department&page=,£11.00,£15.72/litre,,,/groceries/en-GB/products/253146098,https://digitalcontent.api.tesco.com/v2/media/ghs/97458ed6-329e-4397-a676-a86248c9b47c/a04627b1-ffa8-4b95-886a-37cfddb94d2f.jpeg?h=225&w=225,
308082033,Gordons Alcohol Free Spirit 70Cl,https://www.tesco.com/groceries/en-GB/shop/drinks/all?department=Spirits&viewAll=department&page=,£14.00,£20.00/litre,£12.00 Clubcard Price,,/groceries/en-GB/products/308082033,https://digitalcontent.api.tesco.com/v2/media/ghs/95a42fe4-2820-4f37-a8f9-1c28aa0301a7/83d4da3c-446c-48bd-a4af-2953d47c94c5_1993007750.jpeg?h=225&w=225,
301744114,Gordon's Pink Gin & Tonic 10X250ml,https://www.tesco.com/groceries/en-GB/shop/drinks/all?department=Spirits&viewAll=department&page=,£16.00,£6.40/litre,,,/groceries/en-GB/products/301744114,https://digitalcontent.api.tesco.com/v2/media/ghs/905154a2-b6fb-490c-ab28-7c2a56369f2b/d85b1590-4bd3-4532-b98a-b0915f3764ff_844430177.jpeg?h=225&w=225,
258428243,Absolut Vanilla Vodka 70Cl,https://www.tesco.com/groceries/en-GB/shop/drinks/all?department=Spirits&viewAll=department&page=,£20.00,£28.58/litre,£16.00 Clubcard Price,,/groceries/en-GB/products/258428243,https://digitalcontent.api.tesco.com/v2/media/ghs/0d748b23-b252-4945-a349-826da17c6bee/b0a8446e-ddd5-4fd7-b507-14b75dd8d0b0_405432569.jpeg?h=225&w=225,
255486673,Whyte & Mackay Scotch Whisky 70Cl,https://www.tesco.com/groceries/en-GB/shop/drinks/all?department=Spirits&viewAll=department&page=,£15.00,£21.43/litre,,,/groceries/en-GB/products/255486673,https://digitalcontent.api.tesco.com/v2/media/ghs/46a12790-498b-4e0e-951b-3c43ee872ee0/c8c7b1fb-d867-4cec-96ca-14036a439963.jpeg?h=225&w=225,
260479006,Hendrick's Gin 70Cl,https://www.tesco.com/groceries/en-GB/shop/drinks/all?department=Spirits&viewAll=department&page=,£29.00,£41.43/litre,£25.00 Clubcard Price,,/groceries/en-GB/products/260479006,https://digitalcontent.api.tesco.com/v2/media/ghs/d23ad88a-64d0-4c03-9a2b-6f736124db81/958e8bfd-073d-4166-95dc-1265db278118.jpeg?h=225&w=225,
295430425,Gordon's Gin & Slimline Tonic 250Ml 10 Pack,https://www.tesco.com/groceries/en-GB/shop/drinks/all?department=Spirits&viewAll=department&page=,£16.00,£6.40/litre,,,/groceries/en-GB/products/295430425,https://digitalcontent.api.tesco.com/v2/media/ghs/d7093837-e178-4dbe-805f-be5320750bff/fd7b72f6-8fe0-4033-bc58-684125102492.jpeg?h=225&w=225,
251552699,Glens Vodka 70Cl,https://www.tesco.com/groceries/en-GB/shop/drinks/all?department=Spirits&viewAll=department&page=,£13.00,£18.58/litre,,,/groceries/en-GB/products/251552699,https://digitalcontent.api.tesco.com/v2/media/ghs/84bf139c-96bd-4dbc-bf14-685ad89097cc/6486b955-ab04-4d82-839e-56054915e659.jpeg?h=225&w=225,
309470217,Tesco Finest Irish Cream Liqueur Lebkuchen Spiced Gingerbread 70Cl,https://www.tesco.com/groceries/en-GB/shop/drinks/all?department=Spirits&viewAll=department&page=,£8.82,£12.60/litre,Reduced to Clear Was £12.60 Now £8.82,,/groceries/en-GB/products/309470217,https://digitalcontent.api.tesco.com/v2/media/ghs/b4498536-3923-4a38-b077-1e0e3c4b4f19/22289336-9630-4f69-818d-7c6ec190df55_380607823.jpeg?h=225&w=225,
303732874,Beefeater Blood Orange Gin 70Cl,https://www.tesco.com/groceries/en-GB/shop/drinks/all?department=Spirits&viewAll=department&page=,£16.50,£23.58/litre,,,/groceries/en-GB/products/303732874,https://digitalcontent.api.tesco.com/v2/media/ghs/2236f7ca-6160-430d-9823-64aabbecb15f/b30417a9-ddb7-48f2-9bf1-99e2ca5bd861_1108844311.jpeg?h=225&w=225,
255249298,Captain Morgan Dark Rum 1L,https://www.tesco.com/groceries/en-GB/shop/drinks/all?department=Spirits&viewAll=department&page=,£22.00,£22.00/litre,,,/groceries/en-GB/products/255249298,https://digitalcontent.api.tesco.com/v2/media/ghs/36ec4386-7959-4c58-82d7-ec130a6755b4/d888ea63-0c91-4442-b737-51f1e7a8f58c.jpeg?h=225&w=225,
261104017,Jagermeister 70Cl,https://www.tesco.com/groceries/en-GB/shop/drinks/all?department=Spirits&viewAll=department&page=,£19.00,£27.15/litre,,,/groceries/en-GB/products/261104017,https://digitalcontent.api.tesco.com/v2/media/ghs/9d80455c-7031-43ec-b6ff-ad11d1e0cbe1/1d3b60e4-f8d9-4672-a24e-b77c3b6cc44a.jpeg?h=225&w=225,
293818783,Haig Club Clubman Whisky 70Cl,https://www.tesco.com/groceries/en-GB/shop/drinks/all?department=Spirits&viewAll=department&page=,£28.00,£40.00/litre,£17.00 Clubcard Price,,/groceries/en-GB/products/293818783,https://digitalcontent.api.tesco.com/v2/media/ghs/2e13b9b5-9f76-4ea1-9a7f-a2e09dd98ea9/7ec573b1-d6d6-4870-a1db-4a13a297179c_208400339.jpeg?h=225&w=225,
257479356,Cockburns Special Reserve Port 75Cl,https://www.tesco.com/groceries/en-GB/shop/drinks/all?department=Spirits&viewAll=department&page=,£12.00,£12.00/75cl,,,/groceries/en-GB/products/257479356,https://digitalcontent.api.tesco.com/v2/media/ghs/e2c7f531-02f7-490e-bb2d-940f745fd27a/f369b4cd-6b1b-4180-a92f-1abb3f972c29_695611954.jpeg?h=225&w=225,
305519617,Snowball 4 X 200Ml,https://www.tesco.com/groceries/en-GB/shop/drinks/all?department=Spirits&viewAll=department&page=,£6.00,£7.50/litre,,,/groceries/en-GB/products/305519617,https://digitalcontent.api.tesco.com/v2/media/ghs/7777a089-d9cd-4b9b-af2b-76715b894459/dfa8a990-ac79-4b6f-88ab-4c1600e03cae_1137707535.jpeg?h=225&w=225,
250413394,De Kuyper Cherry Brandy Liqueur 50Cl,https://www.tesco.com/groceries/en-GB/shop/drinks/all?department=Spirits&viewAll=department&page=,£12.00,£24.00/litre,£10.00 Clubcard Price,,/groceries/en-GB/products/250413394,https://digitalcontent.api.tesco.com/v2/media/ghs/a76bd711-dfcd-4c91-9198-831c316f4ff9/c4517109-8e9b-4e91-aa7b-b76e8dc8cc5a.jpeg?h=225&w=225,
293073735,Tesco Peach Schnapps 70Cl,https://www.tesco.com/groceries/en-GB/shop/drinks/all?department=Spirits&viewAll=department&page=,£8.00,£11.43/litre,,,/groceries/en-GB/products/293073735,https://digitalcontent.api.tesco.com/v2/media/ghs/edd59a15-0d02-4685-822e-055906093bf0/0cd9ffa5-d8f2-40d0-bfde-6bc763e59078.jpeg?h=225&w=225,
301689732,Gordon's Premium Pink Gin & Tonic Premix 4 X 250Ml,https://www.tesco.com/groceries/en-GB/shop/drinks/all?department=Spirits&viewAll=department&page=,£6.00,£6.00/litre,,,/groceries/en-GB/products/301689732,https://digitalcontent.api.tesco.com/v2/media/ghs/936a5bf4-622f-4eae-b257-6e2e1f0ab21c/7895c4ee-29d1-4348-8b2f-a3ae7ab2d668_160633541.jpeg?h=225&w=225,
252638240,Wkd Blue 4X275ml 4%,https://www.tesco.com/groceries/en-GB/shop/drinks/all?department=Spirits&viewAll=department&page=,£5.00,£4.55/litre,,,/groceries/en-GB/products/252638240,https://digitalcontent.api.tesco.com/v2/media/ghs/592d5519-ad63-4818-bfd5-e31ebe54d517/31d8ae89-f519-4f89-85a8-e08dd0d78bc2_878790840.jpeg?h=225&w=225,
264416916,Captain Morgan Original Spiced Gold 70Cl,https://www.tesco.com/groceries/en-GB/shop/drinks/all?department=Spirits&viewAll=department&page=,£16.50,£23.58/litre,£14.00 Clubcard Price,,/groceries/en-GB/products/264416916,https://digitalcontent.api.tesco.com/v2/media/ghs/f7d88295-12da-46f0-a5fb-8dbab90e59d1/fc93fecc-00c8-4cf6-89e7-3dbe82d1b48f.jpeg?h=225&w=225,
255506305,Martini Vermouth Bianco 75Cl Bottle,https://www.tesco.com/groceries/en-GB/shop/drinks/all?department=Spirits&viewAll=department&page=,£9.45,£9.45/75cl,£7.50 Clubcard Price,,/groceries/en-GB/products/255506305,https://digitalcontent.api.tesco.com/v2/media/ghs/76e9cc2a-e240-4211-8f8a-7aba2ccccbed/598c58bd-003a-4b25-a4b1-d00e567d2727_286562998.jpeg?h=225&w=225,
295431879,Vk Mix Pack 10 X 275Ml,https://www.tesco.com/groceries/en-GB/shop/drinks/all?department=Spirits&viewAll=department&page=,£10.00,£3.64/litre,£8.50 Clubcard Price,,/groceries/en-GB/products/295431879,https://digitalcontent.api.tesco.com/v2/media/ghs/ed6d8449-9582-4dba-b354-932ce91915b0/7c765603-899c-4ba1-a356-6f436c88bd60.jpeg?h=225&w=225,
255986761,Tesco Special Reserve Scotch Whisky 35Cl,https://www.tesco.com/groceries/en-GB/shop/drinks/all?department=Spirits&viewAll=department&page=,£6.45,£18.43/litre,,,/groceries/en-GB/products/255986761,https://digitalcontent.api.tesco.com/v2/media/ghs/076609b2-c0fe-40f6-8a82-7f0cbeb13a0b/e4d72b66-d937-4573-ae00-186055342959.jpeg?h=225&w=225,
255247035,Tesco Medium Dry Fortified British Wine 1L.,https://www.tesco.com/groceries/en-GB/shop/drinks/all?department=Spirits&viewAll=department&page=,£5.55,£4.17/75cl,,,/groceries/en-GB/products/255247035,https://digitalcontent.api.tesco.com/v2/media/ghs/0e1b9c73-1a44-43cb-8c3b-79d34257a7da/4257d8ad-4f4a-46ba-a337-4c961ca144ad_1921240869.jpeg?h=225&w=225,
313002107,Smirnoff Ice Original Vodka Mixed Drink 4X250ml,https://www.tesco.com/groceries/en-GB/shop/drinks/all?department=Spirits&viewAll=department&page=,£5.00,£5.00/litre,£4.00 Clubcard Price,,/groceries/en-GB/products/313002107,https://digitalcontent.api.tesco.com/v2/media/ghs/da3c3657-9b95-4354-a5eb-91a7661eb1a2/93ee93f8-18d0-4848-945c-f6b7973805c5_1477978573.jpeg?h=225&w=225,
311690697,Moth Margarita 125Ml,https://www.tesco.com/groceries/en-GB/shop/drinks/all?department=Spirits&viewAll=department&page=,£3.90,£31.20/litre,Any 4 for 3 Clubcard Price - Cheapest Product Free - Selected Premix Cans 125ml - 440ml,,/groceries/en-GB/products/311690697,https://digitalcontent.api.tesco.com/v2/media/ghs/f7e1ef42-9830-45a5-9f34-e9c8f0370548/snapshotimagehandler_1724778009.jpeg?h=225&w=225,
255247191,Tesco Tawny Port 75Cl Bottle,https://www.tesco.com/groceries/en-GB/shop/drinks/all?department=Spirits&viewAll=department&page=,£7.25,£7.25/75cl,,,/groceries/en-GB/products/255247191,https://digitalcontent.api.tesco.com/v2/media/ghs/d5c54223-d946-4aee-9aab-50f3b6a1d253/ab9c0d20-bb98-42db-b82d-d5421ec57884_1170791910.jpeg?h=225&w=225,
304378197,Kopparberg Strawberry & Liime Gin&Lemonad250ml,https://www.tesco.com/groceries/en-GB/shop/drinks/all?department=Spirits&viewAll=department&page=,£1.95,£7.80/litre,Any 4 for 3 Clubcard Price - Cheapest Product Free - Selected Premix Cans 125ml - 440ml,,/groceries/en-GB/products/304378197,https://digitalcontent.api.tesco.com/v2/media/ghs/87f5b6e6-fc6f-4c34-a94e-67a26e6d0213/3687b15a-a07f-4c91-9b2f-f83c87ce23ad_1772752667.jpeg?h=225&w=225,
306823883,Opihr Gin & Tonic With Twist Orange 250Ml,https://www.tesco.com/groceries/en-GB/shop/drinks/all?department=Spirits&viewAll=department&page=,£2.20,£8.80/litre,Any 4 for 3 Clubcard Price - Cheapest Product Free - Selected Premix Cans 125ml - 440ml,,/groceries/en-GB/products/306823883,https://digitalcontent.api.tesco.com/v2/media/ghs/c74231b7-542b-425c-935a-92bb3ed9a2fe/f81b266c-3fba-4538-bccf-aa79e3fdc06a_1316195497.jpeg?h=225&w=225,
310174348,Funkin Cocktails Long Island Iced Tea 250Ml,https://www.tesco.com/groceries/en-GB/shop/drinks/all?department=Spirits&viewAll=department&page=,£2.10,£8.40/litre,Any 4 for 3 Clubcard Price - Cheapest Product Free - Selected Premix Cans 125ml - 440ml,,/groceries/en-GB/products/310174348,https://digitalcontent.api.tesco.com/v2/media/ghs/430668f1-3eff-4961-b186-dc3554367c54/f7fa106b-da9c-4e79-b4d6-b1ab725e74b5_63515555.jpeg?h=225&w=225,
305971662,Mike's Alcoholic Hard Seltzer Black Cherry 330Ml,https://www.tesco.com/groceries/en-GB/shop/drinks/all?department=Spirits&viewAll=department&page=,£2.00,£6.07/litre,Any 4 for 3 Clubcard Price - Cheapest Product Free - Selected Premix Cans 125ml - 440ml,,/groceries/en-GB/products/305971662,https://digitalcontent.api.tesco.com/v2/media/ghs/d5671cea-888f-4d0a-b70c-cdcc42fe089f/snapshotimagehandler_875506334.jpeg?h=225&w=225,
305990679,All Shook Up Spritz Peach & Lychee 250Ml,https://www.tesco.com/groceries/en-GB/shop/drinks/all?department=Spirits&viewAll=department&page=,£1.75,£5.25/75cl,Any 4 for 3 Clubcard Price - Cheapest Product Free - Selected Premix Cans 125ml - 440ml,,/groceries/en-GB/products/305990679,https://digitalcontent.api.tesco.com/v2/media/ghs/df95614c-4ce0-4403-bbd2-b0bd9b928253/89b6c783-b33c-472f-8e53-9eae72ca5160_809200393.jpeg?h=225&w=225,
290051680,Hooch Alcoholic Lemon Brew 440Ml,https://www.tesco.com/groceries/en-GB/shop/drinks/all?department=Spirits&viewAll=department&page=,£1.90,£4.32/litre,Any 4 for 3 Clubcard Price - Cheapest Product Free - Selected Premix Cans 125ml - 440ml,,/groceries/en-GB/products/290051680,https://digitalcontent.api.tesco.com/v2/media/ghs/dd358f31-819c-4208-ac61-849d88c6a3e8/b824aad5-2bd1-4385-93dd-5292ae2b01a0_74876785.jpeg?h=225&w=225,
308090000,All Shook Up Mixed Sharing Cocktail Cans 10X250ml,https://www.tesco.com/groceries/en-GB/shop/drinks/all?department=Spirits&viewAll=department&page=,£13.00,£5.20/litre,£10.00 Clubcard Price,,/groceries/en-GB/products/308090000,https://digitalcontent.api.tesco.com/v2/media/ghs/fb68592f-fa80-4699-8677-3bd068645974/03abaa61-125e-4719-9735-2d30e8e7d9f5_2013889994.jpeg?h=225&w=225,
309192615,Funkin Nitro Cocktail Strawberry Daiquiri 200Ml,https://www.tesco.com/groceries/en-GB/shop/drinks/all?department=Spirits&viewAll=department&page=,£2.10,£10.50/litre,Any 4 for 3 Clubcard Price - Cheapest Product Free - Selected Premix Cans 125ml - 440ml,,/groceries/en-GB/products/309192615,https://digitalcontent.api.tesco.com/v2/media/ghs/2223cfee-d014-4350-98cf-6329407131ae/e6c93632-b73d-4ef9-ad1a-98b84fa8edd4_990447180.jpeg?h=225&w=225,
285498475,Gordons & Slimline Tonic 250Ml,https://www.tesco.com/groceries/en-GB/shop/drinks/all?department=Spirits&viewAll=department&page=,£2.25,£9.00/litre,Any 4 for 3 Clubcard Price - Cheapest Product Free - Selected Premix Cans 125ml - 440ml,,/groceries/en-GB/products/285498475,https://digitalcontent.api.tesco.com/v2/media/ghs/afc2cb9c-837a-4b85-aa0a-2c953de12c51/b50a6354-0ab8-487e-b652-a1db885f5a6f_1511081320.jpeg?h=225&w=225,
261051126,Tesco Dark Rum 35Cl,https://www.tesco.com/groceries/en-GB/shop/drinks/all?department=Spirits&viewAll=department&page=,£5.75,£16.43/litre,,,/groceries/en-GB/products/261051126,https://digitalcontent.api.tesco.com/v2/media/ghs/087dd822-28fb-4705-8d96-d387adcb4c38/a9e78535-5c2c-479b-976b-2edff2c13aca.jpeg?h=225&w=225,
308482648,Bosun's Bay Dark Rum 70Cl,https://www.tesco.com/groceries/en-GB/shop/drinks/all?department=Spirits&viewAll=department&page=,£10.00,£14.29/litre,,,/groceries/en-GB/products/308482648,https://digitalcontent.api.tesco.com/v2/media/ghs/606b8083-ce4f-4fef-a1aa-5a6b990964fd/8482b58c-3bc3-49e5-9cc4-6da5588f06bb_1280745917.jpeg?h=225&w=225,
300952939,Haig Club Clubman Whisky 1L,https://www.tesco.com/groceries/en-GB/shop/drinks/all?department=Spirits&viewAll=department&page=,£32.00,£32.00/litre,,,/groceries/en-GB/products/300952939,https://digitalcontent.api.tesco.com/v2/media/ghs/0ec7504f-992b-49e1-a494-e297d212c97b/02b43a9e-44b1-45d6-93a5-76fec3f4700d.jpeg?h=225&w=225,
287424762,Talisker Skye Single Malt Scotch 70Cl - Smoky,https://www.tesco.com/groceries/en-GB/shop/drinks/all?department=Spirits&viewAll=department&page=,£40.00,£57.15/litre,,,/groceries/en-GB/products/287424762,https://digitalcontent.api.tesco.com/v2/media/ghs/155b5a7f-b608-4866-93e1-9cf7d2862955/6a226a56-ec80-46e9-8b01-e3d78818913e.jpeg?h=225&w=225,
305835663,Bombay Bramble Gin Blackberry & Raspberry 700Ml,https://www.tesco.com/groceries/en-GB/shop/drinks/all?department=Spirits&viewAll=department&page=,£23.00,£32.86/litre,,,/groceries/en-GB/products/305835663,https://digitalcontent.api.tesco.com/v2/media/ghs/06482a79-4e63-4733-8f28-43f70096daef/3b1f9e13-22e7-43f6-b065-3da46097c226_1850684955.jpeg?h=225&w=225,
255250186,Glayva Liqueur 50Cl Bottle,https://www.tesco.com/groceries/en-GB/shop/drinks/all?department=Spirits&viewAll=department&page=,£18.00,£36.00/litre,,,/groceries/en-GB/products/255250186,https://digitalcontent.api.tesco.com/v2/media/ghs/12a7ee2d-9e9d-49e8-956f-7f35b70bddd2/12127f7c-028d-4974-a113-8c96a83f2842.jpeg?h=225&w=225,
258144288,Havana Club Anejo Especial Rum 70Cl,https://www.tesco.com/groceries/en-GB/shop/drinks/all?department=Spirits&viewAll=department&page=,£20.50,£29.29/litre,,,/groceries/en-GB/products/258144288,https://digitalcontent.api.tesco.com/v2/media/ghs/3530970d-af4f-4e16-9902-d7a87a59f8b0/fb0326d0-64fc-4fe3-8f3e-eee44538f545.jpeg?h=225&w=225,
256570099,Johnnie Walker Black Label 12YO Whisky 70cl,https://www.tesco.com/groceries/en-GB/shop/drinks/all?department=Spirits&viewAll=department&page=,£30.00,£42.86/litre,,,/groceries/en-GB/products/256570099,https://digitalcontent.api.tesco.com/v2/media/ghs/7709c2cc-0104-4fa3-827d-fa2d46649d97/0d9b65cf-3270-4990-bdaa-f717bcf04c79.jpeg?h=225&w=225,
290097239,Pallini Limoncello 50Cl,https://www.tesco.com/groceries/en-GB/shop/drinks/all?department=Spirits&viewAll=department&page=,£14.50,£29.00/litre,£12.50 Clubcard Price,,/groceries/en-GB/products/290097239,https://digitalcontent.api.tesco.com/v2/media/ghs/f2fde04e-c6b1-46de-a6c5-174f9242b613/96f32b4d-1d4f-4d94-b6e4-267eba52e30d.jpeg?h=225&w=225,
285694317,Tesco Finest Xo Brandy 70Cl,https://www.tesco.com/groceries/en-GB/shop/drinks/all?department=Spirits&viewAll=department&page=,£16.50,£23.58/litre,,,/groceries/en-GB/products/285694317,https://digitalcontent.api.tesco.com/v2/media/ghs/6629fb92-6df1-46dd-b4e1-9a05df9a2abc/60932df5-b7de-4a60-8208-cf0f07c8435e.jpeg?h=225&w=225,
295703450,Edinburgh Gin's Rhubarb & Ginger Liqueur 50Cl,https://www.tesco.com/groceries/en-GB/shop/drinks/all?department=Spirits&viewAll=department&page=,£16.50,£33.00/litre,£12.00 Clubcard Price,,/groceries/en-GB/products/295703450,https://digitalcontent.api.tesco.com/v2/media/ghs/e41f9b99-f414-44c9-a01a-31c7e6e05a69/ac8b8c0c-36f4-427e-8dd2-ea8ae533b65a_1498145609.jpeg?h=225&w=225,
308862769,Tanqueray Alcohol Free 0% Spirit 70Cl,https://www.tesco.com/groceries/en-GB/shop/drinks/all?department=Spirits&viewAll=department&page=,£16.00,£22.86/litre,£14.00 Clubcard Price,,/groceries/en-GB/products/308862769,https://digitalcontent.api.tesco.com/v2/media/ghs/137b5a4d-2bda-4c70-9dfb-48661e6cd374/f0fbd5d3-c638-4943-97c1-e884a46a93f0_2023836749.jpeg?h=225&w=225,
292645880,Gordon's Gin & Tonic 10 X 250Ml,https://www.tesco.com/groceries/en-GB/shop/drinks/all?department=Spirits&viewAll=department&page=,£15.50,£6.20/litre,,,/groceries/en-GB/products/292645880,https://digitalcontent.api.tesco.com/v2/media/ghs/db4b3b0f-8e42-4e23-9b8f-507886d62787/4206a0c7-577c-4371-90fc-70d84accc375.jpeg?h=225&w=225,
257467791,Gonzalez Tio Pepe Sherry 75Cl,https://www.tesco.com/groceries/en-GB/shop/drinks/all?department=Spirits&viewAll=department&page=,£11.00,£11.00/75cl,,,/groceries/en-GB/products/257467791,https://digitalcontent.api.tesco.com/v2/media/ghs/8e7758a4-2dd5-4e97-ba2d-8239a42d3021/d0e0155e-b90e-4f5d-ad79-ddecce97dd46_182704452.jpeg?h=225&w=225,
290873041,Dalwhinnie Winter Gold Wky 70Cl - Spicy,https://www.tesco.com/groceries/en-GB/shop/drinks/all?department=Spirits&viewAll=department&page=,£42.00,£60.00/litre,£25.00 Clubcard Price,,/groceries/en-GB/products/290873041,https://digitalcontent.api.tesco.com/v2/media/ghs/8abb9076-b0bf-4c05-b0b3-9df9598c190e/88ba6c88-c74a-4e1f-9d12-1e632331945f.jpeg?h=225&w=225,
312575971,Baileys Tiramisu Cocktail Irish Cream Liqueur 700Ml,https://www.tesco.com/groceries/en-GB/shop/drinks/all?department=Spirits&viewAll=department&page=,£17.00,£24.29/litre,,,/groceries/en-GB/products/312575971,https://digitalcontent.api.tesco.com/v2/media/ghs/38df94e5-5d8a-4ad1-ab43-a24f3d9c13f4/5958a416-d811-438d-ba04-d7ca118bab0f_696905382.jpeg?h=225&w=225,
299638767,Beefeater Pink Gin 70Cl,https://www.tesco.com/groceries/en-GB/shop/drinks/all?department=Spirits&viewAll=department&page=,£16.50,£23.58/litre,,,/groceries/en-GB/products/299638767,https://digitalcontent.api.tesco.com/v2/media/ghs/9d8753bd-4bdb-47d1-baa2-908983867570/48cd405b-b6bf-413e-a7f3-474bcce20f10.jpeg?h=225&w=225,
305832643,Disaronno Velvet Liqueur 500Ml,https://www.tesco.com/groceries/en-GB/shop/drinks/all?department=Spirits&viewAll=department&page=,£16.50,£33.00/litre,£12.00 Clubcard Price,,/groceries/en-GB/products/305832643,https://digitalcontent.api.tesco.com/v2/media/ghs/45979863-7f81-4914-9862-d2a0fa6dcc67/ad8afdeb-acc4-468a-9bd2-29871fc50f30_285817320.jpeg?h=225&w=225,
305973510,Gordon's Sicilian Lemon Gin 70Cl,https://www.tesco.com/groceries/en-GB/shop/drinks/all?department=Spirits&viewAll=department&page=,£16.50,£23.58/litre,£15.00 Clubcard Price,,/groceries/en-GB/products/305973510,https://digitalcontent.api.tesco.com/v2/media/ghs/c06d4d65-b473-44b4-a852-763923179fae/9043debf-862f-4d8e-afbc-10aa6e23e0e3_34456754.jpeg?h=225&w=225,
250714435,Amarula Original Cream Liqueur 70Cl,https://www.tesco.com/groceries/en-GB/shop/drinks/all?department=Spirits&viewAll=department&page=,£12.50,£17.86/litre,£10.00 Clubcard Price,,/groceries/en-GB/products/250714435,https://digitalcontent.api.tesco.com/v2/media/ghs/e0deb390-a5a8-466a-94b5-fed943166e09/4dc1f322-0503-418f-8c24-c8b47ea90002.jpeg?h=225&w=225,
293506645,Tesco Spiced Gold 70Cl,https://www.tesco.com/groceries/en-GB/shop/drinks/all?department=Spirits&viewAll=department&page=,£11.87,£16.96/litre,,,/groceries/en-GB/products/293506645,https://digitalcontent.api.tesco.com/v2/media/ghs/0fa423b7-c4bd-4e85-90c7-9a67d2ccd290/2b9fbccc-574b-400a-a759-9db1cce0c1b4.jpeg?h=225&w=225,
255249350,Tesco V.S. Cognac 70Cl,https://www.tesco.com/groceries/en-GB/shop/drinks/all?department=Spirits&viewAll=department&page=,£17.50,£25.00/litre,,,/groceries/en-GB/products/255249350,https://digitalcontent.api.tesco.com/v2/media/ghs/42821db7-c116-41e7-aeda-5203b887e3cc/4040e0bc-5fcb-48b4-b9ce-afd830a98d93.jpeg?h=225&w=225,
250199617,Tanqueray London Dry Gin 70Cl,https://www.tesco.com/groceries/en-GB/shop/drinks/all?department=Spirits&viewAll=department&page=,£19.50,£27.86/litre,£17.00 Clubcard Price,,/groceries/en-GB/products/250199617,https://digitalcontent.api.tesco.com/v2/media/ghs/a85d5f48-d81b-4619-8157-0d646bb45eb9/4c1f27fd-598f-4c00-aec5-708d56b18249.jpeg?h=225&w=225,
302418389,"Baileys Mini, Glass And Chocolate Truffle Gift Box",https://www.tesco.com/groceries/en-GB/shop/drinks/all?department=Spirits&viewAll=department&page=,£5.00,£5.00/each,,,/groceries/en-GB/products/302418389,https://digitalcontent.api.tesco.com/v2/media/ghs/b2e030e9-86c0-4a95-8696-e4a27a95d96d/f8b209df-2901-436d-8cdb-761178c65537_2121143613.jpeg?h=225&w=225,
306664955,V-Kat Dry Schnapps 1 Litre,https://www.tesco.com/groceries/en-GB/shop/drinks/all?department=Spirits&viewAll=department&page=,£8.50,£8.50/litre,,,/groceries/en-GB/products/306664955,https://digitalcontent.api.tesco.com/v2/media/ghs/d2e6f2fc-fb6c-4ef8-8593-2201b8df6347/07d062fe-b999-40e6-9e3a-2a801d68e28e_2028443490.jpeg?h=225&w=225,
312577456,Flavorz Passion Fruit Cocktail Syrup 25Cl,https://www.tesco.com/groceries/en-GB/shop/drinks/all?department=Spirits&viewAll=department&page=,£2.50,£10.00/litre,,New,/groceries/en-GB/products/312577456,https://digitalcontent.api.tesco.com/v2/media/ghs/0e95a7cb-22b6-4f10-b7ae-348f61fb2885/9013c266-8df4-47bf-b8ad-31e8cac74d32_993754293.jpeg?h=225&w=225,
311685836,Moth Espresso Martini 125Ml,https://www.tesco.com/groceries/en-GB/shop/drinks/all?department=Spirits&viewAll=department&page=,£3.90,£31.20/litre,Any 4 for 3 Clubcard Price - Cheapest Product Free - Selected Premix Cans 125ml - 440ml,,/groceries/en-GB/products/311685836,https://digitalcontent.api.tesco.com/v2/media/ghs/8a73a05a-29ec-4353-883e-f2537fcd6014/snapshotimagehandler_578053697.jpeg?h=225&w=225,
293073430,Tesco Coconut Liqueur 70Cl,https://www.tesco.com/groceries/en-GB/shop/drinks/all?department=Spirits&viewAll=department&page=,£8.00,£11.43/litre,,,/groceries/en-GB/products/293073430,https://digitalcontent.api.tesco.com/v2/media/ghs/93473513-f5f3-4d53-8818-3b77e28d0e94/11cf8521-e1f9-4174-84cb-3effb5bcb9d9.jpeg?h=225&w=225,
311445015,Moth Mojito 200Ml,https://www.tesco.com/groceries/en-GB/shop/drinks/all?department=Spirits&viewAll=department&page=,£3.90,£19.50/litre,Any 4 for 3 Clubcard Price - Cheapest Product Free - Selected Premix Cans 125ml - 440ml,,/groceries/en-GB/products/311445015,https://digitalcontent.api.tesco.com/v2/media/ghs/c7b48622-58e0-4977-890c-f60471a3f1c7/c0802e66-ed04-47e1-b7a4-b714c7cad60f_1329177312.jpeg?h=225&w=225,
251326518,Blandy's Duke Of Clarence Madeira 75Cl,https://www.tesco.com/groceries/en-GB/shop/drinks/all?department=Spirits&viewAll=department&page=,£12.50,£12.50/75cl,£9.00 Clubcard Price,,/groceries/en-GB/products/251326518,https://digitalcontent.api.tesco.com/v2/media/ghs/e2965069-6003-4514-8d4c-af90c3baa4be/79d6d517-bf5b-47df-a2fd-eaa3e3d1ec7e_1070746480.jpeg?h=225&w=225,
291725567,Scots Club Blended Scotch Whisky 70Cl,https://www.tesco.com/groceries/en-GB/shop/drinks/all?department=Spirits&viewAll=department&page=,£11.49,£16.42/litre,Aldi Price Match,,/groceries/en-GB/products/291725567,https://digitalcontent.api.tesco.com/v2/media/ghs/6d6022a3-f100-4d14-a89c-eb1133307bbb/1fa0fd83-4741-4769-82ad-bd7caab3b4a4.jpeg?h=225&w=225,
306826177,White Claw Hard Seltzer Black Cherry 330Ml,https://www.tesco.com/groceries/en-GB/shop/drinks/all?department=Spirits&viewAll=department&page=,£2.50,£7.58/litre,Any 4 for 3 Clubcard Price - Cheapest Product Free - Selected Premix Cans 125ml - 440ml,,/groceries/en-GB/products/306826177,https://digitalcontent.api.tesco.com/v2/media/ghs/e76c4935-02f5-4ef7-b463-d0ef14a7a72b/f615a26c-95ce-4b77-99aa-a6dec116afeb_1575022737.jpeg?h=225&w=225,
312854007,Flavorz Simple Cocktail Syrup 25Cl,https://www.tesco.com/groceries/en-GB/shop/drinks/all?department=Spirits&viewAll=department&page=,£2.50,£10.00/litre,,New,/groceries/en-GB/products/312854007,https://digitalcontent.api.tesco.com/v2/media/ghs/7dbed58b-32dc-4aaa-896e-f159e7f7c3d7/aba7dc29-c045-4933-8a17-86d94c1d82b4_1601245477.jpeg?h=225&w=225,
313178558,Flavorz Grenadine Cocktail Syrup 25Cl,https://www.tesco.com/groceries/en-GB/shop/drinks/all?department=Spirits&viewAll=department&page=,£2.50,£10.00/litre,,New,/groceries/en-GB/products/313178558,https://digitalcontent.api.tesco.com/v2/media/ghs/413e5865-c797-4524-a299-593abe9c3776/3d849d44-bd4d-4916-bfa6-7de444535c6d_1206688749.jpeg?h=225&w=225,
298764273,Southern Comfort Lemonade & Lime Can 330Ml,https://www.tesco.com/groceries/en-GB/shop/drinks/all?department=Spirits&viewAll=department&page=,£2.15,£6.52/litre,Any 4 for 3 Clubcard Price - Cheapest Product Free - Selected Premix Cans 125ml - 440ml,,/groceries/en-GB/products/298764273,https://digitalcontent.api.tesco.com/v2/media/ghs/8ad9f481-a2cf-424d-bb4d-cd27583f6e78/1c8bf695-edb6-4050-9b15-534598757730_505037671.jpeg?h=225&w=225,
306815743,Vk Orange & Passion Fruit 70Cl,https://www.tesco.com/groceries/en-GB/shop/drinks/all?department=Spirits&viewAll=department&page=,£2.10,£3.00/litre,,,/groceries/en-GB/products/306815743,https://digitalcontent.api.tesco.com/v2/media/ghs/d25ac5cb-1404-4d76-a65c-499b5f41d97e/dc291183-5b9d-4e0d-85c9-28cef7b30a4d_655646515.jpeg?h=225&w=225,
308089072,Mikes Hard Seltzer Raspberry Drink 330Ml,https://www.tesco.com/groceries/en-GB/shop/drinks/all?department=Spirits&viewAll=department&page=,£2.00,£6.07/litre,Any 4 for 3 Clubcard Price - Cheapest Product Free - Selected Premix Cans 125ml - 440ml,,/groceries/en-GB/products/308089072,https://digitalcontent.api.tesco.com/v2/media/ghs/6454abd5-413a-4d0c-968b-5b0e3298771c/dabf61ee-64fc-46df-a6b7-029967f6e767_1217803035.jpeg?h=225&w=225,
310665447,Absolut Passion Fruit Martini Cocktail Sparkling 250Ml,https://www.tesco.com/groceries/en-GB/shop/drinks/all?department=Spirits&viewAll=department&page=,£2.10,£8.40/litre,Any 4 for 3 Clubcard Price - Cheapest Product Free - Selected Premix Cans 125ml - 440ml,,/groceries/en-GB/products/310665447,https://digitalcontent.api.tesco.com/v2/media/ghs/6e941579-1f32-40c8-9da9-fc89b6fec6ae/00f96b7c-cde0-4753-a0e0-cc2969fd5228_255162573.jpeg?h=225&w=225,
306939913,& Soda Mexican Lime Vodka Soda 330Ml,https://www.tesco.com/groceries/en-GB/shop/drinks/all?department=Spirits&viewAll=department&page=,£2.25,£6.82/litre,Any 4 for 3 Clubcard Price - Cheapest Product Free - Selected Premix Cans 125ml - 440ml,,/groceries/en-GB/products/306939913,https://digitalcontent.api.tesco.com/v2/media/ghs/f79f1bcb-9c41-4d6f-bc5c-749a27509c0c/4fda6832-34e3-4717-905b-fa5eb1e09cb2_1754228025.jpeg?h=225&w=225,
306951448,& Soda British Raspberry Vodka Soda 330Ml,https://www.tesco.com/groceries/en-GB/shop/drinks/all?department=Spirits&viewAll=department&page=,£2.25,£6.82/litre,Any 4 for 3 Clubcard Price - Cheapest Product Free - Selected Premix Cans 125ml - 440ml,,/groceries/en-GB/products/306951448,https://digitalcontent.api.tesco.com/v2/media/ghs/5a77aee5-a7ce-4ed3-975b-9156c620bd20/294031f0-c14d-4423-824b-7ac0c7513e08_302426246.jpeg?h=225&w=225,
305834376,Kopparberg Gin Passion Fruit Orange & Lemonade 250Ml,https://www.tesco.com/groceries/en-GB/shop/drinks/all?department=Spirits&viewAll=department&page=,£1.95,£7.80/litre,Any 4 for 3 Clubcard Price - Cheapest Product Free - Selected Premix Cans 125ml - 440ml,,/groceries/en-GB/products/305834376,https://digitalcontent.api.tesco.com/v2/media/ghs/6aabe2fa-77ab-4a3b-a131-af04c74b99a3/97a47f86-9216-4e1e-9ed4-1cf235f0c6c9_2017214989.jpeg?h=225&w=225,
303390315,Sipsmith Gin And Tonic Light 250Ml,https://www.tesco.com/groceries/en-GB/shop/drinks/all?department=Spirits&viewAll=department&page=,£2.60,£10.40/litre,Any 4 for 3 Clubcard Price - Cheapest Product Free - Selected Premix Cans 125ml - 440ml,,/groceries/en-GB/products/303390315,https://digitalcontent.api.tesco.com/v2/media/ghs/a8a38f2c-9dea-46e8-a9ca-8f65c0270a8e/31de4e24-9d8b-494f-ba72-8c66ef4f5929_1988289922.jpeg?h=225&w=225,
308496649,Jack Daniels Tennessee Honey & Lemonade 250Ml,https://www.tesco.com/groceries/en-GB/shop/drinks/all?department=Spirits&viewAll=department&page=,£1.90,£7.60/litre,Any 4 for 3 Clubcard Price - Cheapest Product Free - Selected Premix Cans 125ml - 440ml,,/groceries/en-GB/products/308496649,https://digitalcontent.api.tesco.com/v2/media/ghs/ab3daa87-2a82-41bc-8592-636cb372a28c/b4b3bc87-47b7-42c8-b9e7-b7499512e9e2_1971063581.jpeg?h=225&w=225,
303390298,Sipsmith Gin And Tonic 250Ml,https://www.tesco.com/groceries/en-GB/shop/drinks/all?department=Spirits&viewAll=department&page=,£2.60,£10.40/litre,Any 4 for 3 Clubcard Price - Cheapest Product Free - Selected Premix Cans 125ml - 440ml,,/groceries/en-GB/products/303390298,https://digitalcontent.api.tesco.com/v2/media/ghs/f7f3887e-639c-4ca8-807a-07721f3c3d31/64e8d047-9b50-4099-af3c-24c517c68428_119162211.jpeg?h=225&w=225,
288953554,Jack Daniels Tennessee Fire 70Cl,https://www.tesco.com/groceries/en-GB/shop/drinks/all?department=Spirits&viewAll=department&page=,£26.00,£37.15/litre,£17.00 Clubcard Price,,/groceries/en-GB/products/288953554,https://digitalcontent.api.tesco.com/v2/media/ghs/56c81b80-6066-44d9-85f3-fcc8de58e302/c01315f5-0def-4f56-98dd-ef81f23122e4.jpeg?h=225&w=225,
308468384,Bosun's Bay White Rum 70Ml,https://www.tesco.com/groceries/en-GB/shop/drinks/all?department=Spirits&viewAll=department&page=,£10.00,£14.29/litre,,,/groceries/en-GB/products/308468384,https://digitalcontent.api.tesco.com/v2/media/ghs/e4ba282e-4060-48ec-a359-02881bce1f18/357deee5-a612-4a18-b715-85482dc8929f_1752232399.jpeg?h=225&w=225,
303390959,Dead Man's Fingers Spiced Rum 37.5% 70Cl,https://www.tesco.com/groceries/en-GB/shop/drinks/all?department=Spirits&viewAll=department&page=,£22.00,£31.43/litre,,,/groceries/en-GB/products/303390959,https://digitalcontent.api.tesco.com/v2/media/ghs/0e5b11aa-ddb3-466b-9ec6-d05f37cc5109/4b640081-ff13-49a8-845c-e46100f4a7f8_1101172705.jpeg?h=225&w=225,
299638780,Tanqueray Sevilla Gin 70Cl,https://www.tesco.com/groceries/en-GB/shop/drinks/all?department=Spirits&viewAll=department&page=,£26.50,£37.86/litre,,,/groceries/en-GB/products/299638780,https://digitalcontent.api.tesco.com/v2/media/ghs/7a11501e-b24d-4844-8016-b803e2fa3256/22ec8670-e3c1-471b-a0b7-efba5b969372.jpeg?h=225&w=225,
296975504,Gin Mare 70Cl,https://www.tesco.com/groceries/en-GB/shop/drinks/all?department=Spirits&viewAll=department&page=,£27.60,£29.58/75cl,Reduced to Clear Was £40.00 Now £27.60,,/groceries/en-GB/products/296975504,https://digitalcontent.api.tesco.com/v2/media/ghs/e8be4941-b70e-4f82-b1e5-c8af50810c1b/6952ea58-7e0f-4c0c-af09-b9d998911948_832569277.jpeg?h=225&w=225,
279795881,Antica Classic Sambuca 70Cl,https://www.tesco.com/groceries/en-GB/shop/drinks/all?department=Spirits&viewAll=department&page=,£16.50,£23.58/litre,,,/groceries/en-GB/products/279795881,https://digitalcontent.api.tesco.com/v2/media/ghs/d7e6b556-a3e7-43de-b7c1-b27729fdb291/e65eb681-f9fc-4dc2-8d1e-7ac2644bc934.jpeg?h=225&w=225,
251773944,Bushmill Original 700Ml Irish Whiskey,https://www.tesco.com/groceries/en-GB/shop/drinks/all?department=Spirits&viewAll=department&page=,£20.00,£28.58/litre,,,/groceries/en-GB/products/251773944,https://digitalcontent.api.tesco.com/v2/media/ghs/f0adaaf1-9034-4972-a0d0-d54d5fa73e25/5a04afc0-cb9c-4246-9738-a1e53aed9643_514832290.jpeg?h=225&w=225,
278480235,Aperol 70Cl,https://www.tesco.com/groceries/en-GB/shop/drinks/all?department=Spirits&viewAll=department&page=,£16.00,£22.86/litre,£13.00 Clubcard Price,,/groceries/en-GB/products/278480235,https://digitalcontent.api.tesco.com/v2/media/ghs/e43b1c13-b926-4454-9762-885525fa009b/09f46244-4b5e-40c9-954e-d313f89d6cf3.jpeg?h=225&w=225,
260568932,Sourz Cherry 70Cl,https://www.tesco.com/groceries/en-GB/shop/drinks/all?department=Spirits&viewAll=department&page=,£11.00,£15.72/litre,,,/groceries/en-GB/products/260568932,https://digitalcontent.api.tesco.com/v2/media/ghs/cafbe12d-0f00-4380-aeb1-42af6a341232/44cc136b-7edc-4194-a577-d814788e5e08.jpeg?h=225&w=225,
306653968,Jj Whitley Artisanal Vodka 1 Litre,https://www.tesco.com/groceries/en-GB/shop/drinks/all?department=Spirits&viewAll=department&page=,£21.00,£21.00/litre,,,/groceries/en-GB/products/306653968,https://digitalcontent.api.tesco.com/v2/media/ghs/5cdd57b3-8352-45cf-84fa-a5fc44eabf3a/e2eac26f-b550-461c-9e68-088d0a1ae179_410244911.jpeg?h=225&w=225,
256505345,Glenfiddich 12Yo Malt 70Cl - Fruity,https://www.tesco.com/groceries/en-GB/shop/drinks/all?department=Spirits&viewAll=department&page=,£38.00,£54.29/litre,£28.00 Clubcard Price,,/groceries/en-GB/products/256505345,https://digitalcontent.api.tesco.com/v2/media/ghs/fcc5cdac-2878-4393-b573-650076f7b9b6/8d12fa7c-9d9c-496e-ab0a-3e07de540fab.jpeg?h=225&w=225,
271215625,Passoa 70Cl,https://www.tesco.com/groceries/en-GB/shop/drinks/all?department=Spirits&viewAll=department&page=,£12.50,£17.86/litre,,,/groceries/en-GB/products/271215625,https://digitalcontent.api.tesco.com/v2/media/ghs/0164b37d-a53c-42ed-a76e-ecac2ae9f25f/f06110f2-912c-435c-a9e3-ed17e336afd2.jpeg?h=225&w=225,
255097768,Absolut Raspberri Vodka 70Cl,https://www.tesco.com/groceries/en-GB/shop/drinks/all?department=Spirits&viewAll=department&page=,£20.00,£28.58/litre,£16.00 Clubcard Price,,/groceries/en-GB/products/255097768,https://digitalcontent.api.tesco.com/v2/media/ghs/cc892500-6d79-44a6-9068-f7ff1ae36de3/b54756e1-44f6-4bd1-91fe-306a41ebac75_2117511420.jpeg?h=225&w=225,
268439480,Havana Club 7 Year Old Dark Rum 70Cl,https://www.tesco.com/groceries/en-GB/shop/drinks/all?department=Spirits&viewAll=department&page=,£26.00,£37.15/litre,£20.00 Clubcard Price,,/groceries/en-GB/products/268439480,https://digitalcontent.api.tesco.com/v2/media/ghs/4cdc3d89-1cd0-4192-a158-d91bd4376fd2/f4be9341-9702-4b6c-9c34-c581c2bb7153.jpeg?h=225&w=225,
271233614,Lambs Navy Rum 1L,https://www.tesco.com/groceries/en-GB/shop/drinks/all?department=Spirits&viewAll=department&page=,£21.00,£21.00/litre,,,/groceries/en-GB/products/271233614,https://digitalcontent.api.tesco.com/v2/media/ghs/c70f9c8c-e2ee-4fd6-b5f5-a720cb87cb16/fb5a24e6-7df4-4708-ba24-7be0b45fe641.jpeg?h=225&w=225,
309167197,Smirnoff Raspberry Crush Flavoured Vodka 70Cl,https://www.tesco.com/groceries/en-GB/shop/drinks/all?department=Spirits&viewAll=department&page=,£16.50,£23.58/litre,,,/groceries/en-GB/products/309167197,https://digitalcontent.api.tesco.com/v2/media/ghs/959a6df8-b371-4b17-ab65-782786c378c5/86033dfd-a2d2-43cf-9632-f22d73bef635_1208452361.jpeg?h=225&w=225,
305982666,Gordons Gin Mediterranean Orange 70Cl,https://www.tesco.com/groceries/en-GB/shop/drinks/all?department=Spirits&viewAll=department&page=,£16.50,£23.58/litre,£15.00 Clubcard Price,,/groceries/en-GB/products/305982666,https://digitalcontent.api.tesco.com/v2/media/ghs/05a61db5-8d9c-4e60-bb29-6cb2a3854f57/09754c9c-ddc8-4035-a23d-7d223ab58f51_137187582.jpeg?h=225&w=225,
304780296,Limehouse Rhubarb & Ginger Gin 70Cl,https://www.tesco.com/groceries/en-GB/shop/drinks/all?department=Spirits&viewAll=department&page=,£14.99,£21.42/litre,Aldi Price Match,,/groceries/en-GB/products/304780296,https://digitalcontent.api.tesco.com/v2/media/ghs/75d018a1-b577-4744-bf44-b801e41a982a/42165305-ba7c-4cd3-934d-909c8d59ff44_172838187.jpeg?h=225&w=225,
299803802,Tesco Finest Cream Sherry 37.5Cl,https://www.tesco.com/groceries/en-GB/shop/drinks/all?department=Spirits&viewAll=department&page=,£6.50,£13.00/75cl,,,/groceries/en-GB/products/299803802,https://digitalcontent.api.tesco.com/v2/media/ghs/624c4e7c-4e40-49f5-b03b-aa4b5184cec5/a63da8be-eddf-4fbc-b886-e302e9d9a0ed_1344456097.jpeg?h=225&w=225,
299817705,Tesco Finest Pedro Ximenez 37.5Cl,https://www.tesco.com/groceries/en-GB/shop/drinks/all?department=Spirits&viewAll=department&page=,£6.50,£13.00/75cl,,,/groceries/en-GB/products/299817705,https://digitalcontent.api.tesco.com/v2/media/ghs/cbc72cee-1a32-4855-8a16-3696c2c58a27/2c8f50e2-65bb-4f6e-a5ef-91e37a22d1a7.jpeg?h=225&w=225,
286131695,Three Barrels Brandy 35Cl,https://www.tesco.com/groceries/en-GB/shop/drinks/all?department=Spirits&viewAll=department&page=,£9.50,£27.15/litre,,,/groceries/en-GB/products/286131695,https://digitalcontent.api.tesco.com/v2/media/ghs/37521179-17ef-4a75-af17-cc66bf5c9bd8/92936a57-cb4f-48f5-959e-cad3e871188c.jpeg?h=225&w=225,
295411857,Gordon's Gin & Slimline Tonic 250Ml 4 Pack,https://www.tesco.com/groceries/en-GB/shop/drinks/all?department=Spirits&viewAll=department&page=,£6.00,£6.00/litre,,,/groceries/en-GB/products/295411857,https://digitalcontent.api.tesco.com/v2/media/ghs/66c0d575-817a-4940-b668-5eecfc5763f8/0ebee73a-4b8c-4b5b-82f8-c07d48113818_621117624.jpeg?h=225&w=225,
251180136,Tesco Special Reserve Port 75Cl,https://www.tesco.com/groceries/en-GB/shop/drinks/all?department=Spirits&viewAll=department&page=,£8.50,£8.50/75cl,,,/groceries/en-GB/products/251180136,https://digitalcontent.api.tesco.com/v2/media/ghs/61af278d-500a-4b94-b3ca-f483848bca82/d6f2c587-afa2-457d-8f4f-34070a5a7d76_1151195602.jpeg?h=225&w=225,
253472329,Tesco Dry London Gin 35Cl Bottle,https://www.tesco.com/groceries/en-GB/shop/drinks/all?department=Spirits&viewAll=department&page=,£6.15,£17.58/litre,,,/groceries/en-GB/products/253472329,https://digitalcontent.api.tesco.com/v2/media/ghs/d9ceb98a-d27f-4667-a25c-60a6953cb35b/0204714b-45ef-45f3-9326-ac3381e821c9.jpeg?h=225&w=225,
256563839,Bacardi Carta Blanca 70Cl,https://www.tesco.com/groceries/en-GB/shop/drinks/all?department=Spirits&viewAll=department&page=,£16.50,£23.58/litre,,,/groceries/en-GB/products/256563839,https://digitalcontent.api.tesco.com/v2/media/ghs/bfbb0604-f1c6-4a45-85f8-ad24f82fabab/c2017326-ee9b-4da5-9fef-5ac2085f20f9.jpeg?h=225&w=225,
290351146,The Famous Grouse Smoky Black Whisky 70Cl,https://www.tesco.com/groceries/en-GB/shop/drinks/all?department=Spirits&viewAll=department&page=,£19.95,£28.50/litre,£14.00 Clubcard Price,,/groceries/en-GB/products/290351146,https://digitalcontent.api.tesco.com/v2/media/ghs/7895fbf2-9b09-4665-bee8-b3e9dd8109d7/ba9ecc0d-344c-4eb9-b66e-d11257cbd844.jpeg?h=225&w=225,
297510253,"Tesco Vodka, Lime & Lemonade 4X250ml",https://www.tesco.com/groceries/en-GB/shop/drinks/all?department=Spirits&viewAll=department&page=,£4.00,£4.00/litre,,,/groceries/en-GB/products/297510253,https://digitalcontent.api.tesco.com/v2/media/ghs/776d39b0-5c4b-4362-af8b-d0073fce7ff7/5763fbb1-25aa-42c5-8873-97fd35e71c83_169247909.jpeg?h=225&w=225,
306815121,White Claw Hard Seltzer Raspberry 330Ml,https://www.tesco.com/groceries/en-GB/shop/drinks/all?department=Spirits&viewAll=department&page=,£2.50,£7.58/litre,Any 4 for 3 Clubcard Price - Cheapest Product Free - Selected Premix Cans 125ml - 440ml,,/groceries/en-GB/products/306815121,https://digitalcontent.api.tesco.com/v2/media/ghs/4bc46511-eac2-4a5b-b1d6-c8af9132b13f/ebb2123f-b560-450a-ab9b-7e9d7a820aec_551614166.jpeg?h=225&w=225,
306815121,White Claw Hard Seltzer Raspberry 330Ml,https://www.tesco.com/groceries/en-GB/shop/drinks/all?department=Spirits&viewAll=department&page=,£2.50,£7.58/litre,Any 4 for 3 Clubcard Price - Cheapest Product Free - Selected Premix Cans 125ml - 440ml,,/groceries/en-GB/products/306815121,https://digitalcontent.api.tesco.com/v2/media/ghs/4bc46511-eac2-4a5b-b1d6-c8af9132b13f/ebb2123f-b560-450a-ab9b-7e9d7a820aec_551614166.jpeg?h=225&w=225,
311260642,Funkin Nitro Cocktails Peach On Beach 200Ml,https://www.tesco.com/groceries/en-GB/shop/drinks/all?department=Spirits&viewAll=department&page=,£2.10,£10.50/litre,Any 4 for 3 Clubcard Price - Cheapest Product Free - Selected Premix Cans 125ml - 440ml,,/groceries/en-GB/products/311260642,https://digitalcontent.api.tesco.com/v2/media/ghs/a2575ac1-dd36-461f-b049-10c2dab215a6/e59f9245-194d-41d9-8a46-7e6e1ced4c59_658920103.jpeg?h=225&w=225,
311426292,Funkin Nitro Spiced Rum Zombie Cocktail 200Ml,https://www.tesco.com/groceries/en-GB/shop/drinks/all?department=Spirits&viewAll=department&page=,£2.10,£10.50/litre,Any 4 for 3 Clubcard Price - Cheapest Product Free - Selected Premix Cans 125ml - 440ml,,/groceries/en-GB/products/311426292,https://digitalcontent.api.tesco.com/v2/media/ghs/49ab5bd3-d57a-48ac-afbf-761d92f7c012/513cfac6-3447-4c77-b410-dc2ad18aa0b3_1111531924.jpeg?h=225&w=225,
306949348,Vk Watermelon With Alcohol & Fruit Juice 70Cl,https://www.tesco.com/groceries/en-GB/shop/drinks/all?department=Spirits&viewAll=department&page=,£2.10,£3.00/litre,,,/groceries/en-GB/products/306949348,https://digitalcontent.api.tesco.com/v2/media/ghs/7fb8a606-f170-4f07-8792-032af5eb41d3/234e0252-16b3-46e0-8e9b-572f5560afb4_283418963.jpeg?h=225&w=225,
308101185,All Shook Up Mixed Berry Mojito 250Ml,https://www.tesco.com/groceries/en-GB/shop/drinks/all?department=Spirits&viewAll=department&page=,£1.85,£7.40/litre,Any 4 for 3 Clubcard Price - Cheapest Product Free - Selected Premix Cans 125ml - 440ml,,/groceries/en-GB/products/308101185,https://digitalcontent.api.tesco.com/v2/media/ghs/13d2619b-63f9-44c8-9bde-2cea68bf3270/cdef71c0-8e6e-4f8b-b9dc-e3d176ebfd91_222966573.jpeg?h=225&w=225,
308450940,Malibu Watermelon Lemonade 250Ml,https://www.tesco.com/groceries/en-GB/shop/drinks/all?department=Spirits&viewAll=department&page=,£2.00,£8.00/litre,Any 4 for 3 Clubcard Price - Cheapest Product Free - Selected Premix Cans 125ml - 440ml,,/groceries/en-GB/products/308450940,https://digitalcontent.api.tesco.com/v2/media/ghs/91fc5183-6bb8-477c-9336-0197b459aebd/a1a798e4-a214-4af1-b1b7-357b3913d624_24011947.jpeg?h=225&w=225,
311692764,All Shook Up Mango Margarita Ready To Drink Cocktail 250Ml,https://www.tesco.com/groceries/en-GB/shop/drinks/all?department=Spirits&viewAll=department&page=,£1.85,£7.40/litre,Any 4 for 3 Clubcard Price - Cheapest Product Free - Selected Premix Cans 125ml - 440ml,,/groceries/en-GB/products/311692764,https://digitalcontent.api.tesco.com/v2/media/ghs/cadc8256-7df0-40ce-b76d-29cfa3fd85ca/dd7bcaa3-9bd5-482f-a4b1-cef0fc8c4198_663567779.jpeg?h=225&w=225,
308483751,Tanqueray London Dry Gin & Tonic 250Ml,https://www.tesco.com/groceries/en-GB/shop/drinks/all?department=Spirits&viewAll=department&page=,£2.50,£10.00/litre,Any 4 for 3 Clubcard Price - Cheapest Product Free - Selected Premix Cans 125ml - 440ml,,/groceries/en-GB/products/308483751,https://digitalcontent.api.tesco.com/v2/media/ghs/51f86c9c-9072-47ad-921f-df331a86188c/e739f818-fe34-4ce2-9a06-93e27af7f286_91860690.jpeg?h=225&w=225,
305734539,Jack Daniels Tennessee Apple Liqueur 70Cl,https://www.tesco.com/groceries/en-GB/shop/drinks/all?department=Spirits&viewAll=department&page=,£26.00,£37.15/litre,£17.00 Clubcard Price,,/groceries/en-GB/products/305734539,https://digitalcontent.api.tesco.com/v2/media/ghs/8cac3d75-bb9f-4df5-8ebf-43456b9dfbfd/0a39bee0-11f7-492a-89b2-708e54e1dc02_327561066.jpeg?h=225&w=225,
312361141,Lambs Spiced Rum 100Cl,https://www.tesco.com/groceries/en-GB/shop/drinks/all?department=Spirits&viewAll=department&page=,£21.00,£21.00/litre,£16.00 Clubcard Price,,/groceries/en-GB/products/312361141,https://digitalcontent.api.tesco.com/v2/media/ghs/c521da70-a93d-4cc4-abf5-b319e6637857/a61e147e-3731-4cf5-8df9-302c174f2e4d_245605063.jpeg?h=225&w=225,
285970774,Sipsmith London Dry Gin 70Cl,https://www.tesco.com/groceries/en-GB/shop/drinks/all?department=Spirits&viewAll=department&page=,£28.50,£40.72/litre,,,/groceries/en-GB/products/285970774,https://digitalcontent.api.tesco.com/v2/media/ghs/a7bf1054-dbcf-4b83-a725-3841d1cacf34/01432957-5427-4fe1-b000-59dd956513b0.jpeg?h=225&w=225,
285353514,Opihr Oriental Spiced Gin 70Cl,https://www.tesco.com/groceries/en-GB/shop/drinks/all?department=Spirits&viewAll=department&page=,£23.00,£32.86/litre,,,/groceries/en-GB/products/285353514,https://digitalcontent.api.tesco.com/v2/media/ghs/57de920a-8532-4658-8c1f-6d502aa11297/4b5017f5-2e65-4414-990e-8191b527937f.jpeg?h=225&w=225,
256081096,Remy Martin V.S.O.P. Cognac 70Cl Bottle,https://www.tesco.com/groceries/en-GB/shop/drinks/all?department=Spirits&viewAll=department&page=,£40.00,£57.15/litre,£33.00 Clubcard Price,,/groceries/en-GB/products/256081096,https://digitalcontent.api.tesco.com/v2/media/ghs/501d185b-25c5-48da-8fd2-d49430e4d0be/77d070d7-c163-4fc2-b77c-c59b13524974.jpeg?h=225&w=225,
259678371,Appleton Estate Jamaica Rum 70Cl,https://www.tesco.com/groceries/en-GB/shop/drinks/all?department=Spirits&viewAll=department&page=,£25.00,£35.72/litre,,,/groceries/en-GB/products/259678371,https://digitalcontent.api.tesco.com/v2/media/ghs/87221493-c84d-46d7-9012-f8842b89674f/5861b3e4-230f-4880-ba6d-5ca52f571e74.jpeg?h=225&w=225,
302296279,Bunnahabhain Islay Single Malt Scotch Whisky 70Cl,https://www.tesco.com/groceries/en-GB/shop/drinks/all?department=Spirits&viewAll=department&page=,£32.00,£45.72/litre,£25.00 Clubcard Price,,/groceries/en-GB/products/302296279,https://digitalcontent.api.tesco.com/v2/media/ghs/5befa003-38d0-493b-87bb-80f1a7c3ef5a/b8281be6-904e-45dd-a46f-1ab590b7a5df_1972026030.jpeg?h=225&w=225,
264788740,Jack Daniel's Tennessee Whiskey 1L,https://www.tesco.com/groceries/en-GB/shop/drinks/all?department=Spirits&viewAll=department&page=,£33.00,£33.00/litre,,,/groceries/en-GB/products/264788740,https://digitalcontent.api.tesco.com/v2/media/ghs/9df8481c-2a0f-4a4b-b329-f1f79bba857b/97abdf67-4c62-4874-93a8-df85d12b3052.jpeg?h=225&w=225,
273925686,The Kraken Black Spiced Rum 70Cl,https://www.tesco.com/groceries/en-GB/shop/drinks/all?department=Spirits&viewAll=department&page=,£23.50,£33.58/litre,,,/groceries/en-GB/products/273925686,https://digitalcontent.api.tesco.com/v2/media/ghs/77f9eef2-2e7e-4866-b80e-bbca899fed61/9a3740d1-6307-4cdc-8612-25139b77c828.jpeg?h=225&w=225,
256565653,Chivas Regal 12 Year Old Blended Whisky 70Cl,https://www.tesco.com/groceries/en-GB/shop/drinks/all?department=Spirits&viewAll=department&page=,£28.00,£40.00/litre,,,/groceries/en-GB/products/256565653,https://digitalcontent.api.tesco.com/v2/media/ghs/3fa5a70c-42d7-4b9b-b68d-9554ac25dc8c/9eb5d4d3-657f-470c-b839-8065a9bf618a.jpeg?h=225&w=225,
256914391,Stolichnaya Premium Vodka 70Cl,https://www.tesco.com/groceries/en-GB/shop/drinks/all?department=Spirits&viewAll=department&page=,£20.00,£28.58/litre,,,/groceries/en-GB/products/256914391,https://digitalcontent.api.tesco.com/v2/media/ghs/b7567c25-cdd3-4112-9512-6dbaf6948bea/aeeb48b5-7ab4-46e0-baa7-e917bd341689.jpeg?h=225&w=225,
313173926,Brewdog Bad Beer Vodka Vanilla & Marshmallow 70Cl,https://www.tesco.com/groceries/en-GB/shop/drinks/all?department=Spirits&viewAll=department&page=,£20.00,£28.58/litre,,New,/groceries/en-GB/products/313173926,https://digitalcontent.api.tesco.com/v2/media/ghs/120d87ee-303e-4479-adfd-b893b5a5b1ef/210f27f3-4979-4767-bc70-35d3f7dc23c3_1195193234.jpeg?h=225&w=225,
256569770,Glenmorangie Original Sle Mlt Wky 70Cl - Fruity,https://www.tesco.com/groceries/en-GB/shop/drinks/all?department=Spirits&viewAll=department&page=,£37.00,£52.86/litre,£26.00 Clubcard Price,,/groceries/en-GB/products/256569770,https://digitalcontent.api.tesco.com/v2/media/ghs/f3aed502-e0c7-4b54-8a6f-bce3ca503342/b21d81b1-ca66-48a9-84bf-c21ad55b4d08.jpeg?h=225&w=225,
251486299,Glen Moray Single Malt 70Cl - Floral,https://www.tesco.com/groceries/en-GB/shop/drinks/all?department=Spirits&viewAll=department&page=,£22.00,£31.43/litre,£18.50 Clubcard Price,,/groceries/en-GB/products/251486299,https://digitalcontent.api.tesco.com/v2/media/ghs/4624bac1-77c9-4821-bf8b-ceb75d9a3c30/be85e7ee-cb3d-4d92-b17f-78202ebfc5fe.jpeg?h=225&w=225,
266398576,Singleton Of Dufftown 12 Year Old 70Cl,https://www.tesco.com/groceries/en-GB/shop/drinks/all?department=Spirits&viewAll=department&page=,£38.00,£54.29/litre,£25.00 Clubcard Price,,/groceries/en-GB/products/266398576,https://digitalcontent.api.tesco.com/v2/media/ghs/3b79595e-c3a0-4586-8384-607df9dce6dc/7db7930e-4aaa-42e8-940c-530b12d17a33.jpeg?h=225&w=225,
251783327,Absolut Citron Vodka 70Cl,https://www.tesco.com/groceries/en-GB/shop/drinks/all?department=Spirits&viewAll=department&page=,£20.00,£28.58/litre,,New,/groceries/en-GB/products/251783327,https://digitalcontent.api.tesco.com/v2/media/ghs/439d58d1-589e-4304-8365-1fab471fa08b/2f2a906f-5b8b-4de3-852c-e8428249cdcb.jpeg?h=225&w=225,
311959337,Peroni Nastro Azzurro 0.0% Beer 12 X 330Ml,https://www.tesco.com/groceries/en-GB/shop/drinks/all?department=Alcohol%20Free%20%26%20Low%20Alcohol%20Drinks&viewAll=department&page=,£11.00,£2.78/litre,,,/groceries/en-GB/products/311959337,https://digitalcontent.api.tesco.com/v2/media/ghs/fa18b02d-9d38-4d6c-853f-e95dac5c4da7/fedfd1bb-f583-41d8-a954-7b0d97ac871b_109801968.jpeg?h=225&w=225,
308082033,Gordons Alcohol Free Spirit 70Cl,https://www.tesco.com/groceries/en-GB/shop/drinks/all?department=Alcohol%20Free%20%26%20Low%20Alcohol%20Drinks&viewAll=department&page=,£14.00,£20.00/litre,£12.00 Clubcard Price,,/groceries/en-GB/products/308082033,https://digitalcontent.api.tesco.com/v2/media/ghs/95a42fe4-2820-4f37-a8f9-1c28aa0301a7/83d4da3c-446c-48bd-a4af-2953d47c94c5_1993007750.jpeg?h=225&w=225,
305832574,Heineken Alcohol Free Beer 12 X 330Ml,https://www.tesco.com/groceries/en-GB/shop/drinks/all?department=Alcohol%20Free%20%26%20Low%20Alcohol%20Drinks&viewAll=department&page=,£9.60,£2.43/litre,,,/groceries/en-GB/products/305832574,https://digitalcontent.api.tesco.com/v2/media/ghs/ed5c21ac-2033-4361-9cef-d9f4ea0a5446/b80ca90a-fde5-41c9-8a9d-b1d5b0857f2a_434036916.jpeg?h=225&w=225,
293673434,Bavaria 0.0% Beer 8 X 330Ml,https://www.tesco.com/groceries/en-GB/shop/drinks/all?department=Alcohol%20Free%20%26%20Low%20Alcohol%20Drinks&viewAll=department&page=,£5.00,£1.90/litre,,,/groceries/en-GB/products/293673434,https://digitalcontent.api.tesco.com/v2/media/ghs/4052f252-d9a7-4be0-8bc6-e265ac3658a4/2faebcd4-5328-418c-a5cd-03417bb556c3.jpeg?h=225&w=225,
312560061,Kylie Minogue Alcohol Free Sparkling Rose 75Cl,https://www.tesco.com/groceries/en-GB/shop/drinks/all?department=Alcohol%20Free%20%26%20Low%20Alcohol%20Drinks&viewAll=department&page=,£7.00,£7.00/75cl,Buy 6 or more Save 25% Clubcard Price - Save 25% On Selected Wines When You Buy 6 + Bottles,,/groceries/en-GB/products/312560061,https://digitalcontent.api.tesco.com/v2/media/ghs/7be1450a-374d-4f1f-9b1a-5af68828e3d8/600caaf7-9901-4230-b1c5-47dbd9c05b89_54225264.jpeg?h=225&w=225,
303775552,Nozeco 750Ml,https://www.tesco.com/groceries/en-GB/shop/drinks/all?department=Alcohol%20Free%20%26%20Low%20Alcohol%20Drinks&viewAll=department&page=,£3.25,£3.25/75cl,,,/groceries/en-GB/products/303775552,https://digitalcontent.api.tesco.com/v2/media/ghs/1557ce61-7294-4e92-a98b-6af84da6bd81/400283a5-1ea1-4a0e-a03b-5998d8d18685_266575896.jpeg?h=225&w=225,
311441716,Peroni Nastro Azzurro 0.0% Beer 4 X 330Ml,https://www.tesco.com/groceries/en-GB/shop/drinks/all?department=Alcohol%20Free%20%26%20Low%20Alcohol%20Drinks&viewAll=department&page=,£4.50,£3.41/litre,,,/groceries/en-GB/products/311441716,https://digitalcontent.api.tesco.com/v2/media/ghs/2c1bc28d-9cbd-4939-8fee-46f999c42883/3f1158ef-18b0-4895-a8f6-f4f1dd13dddd_153531523.jpeg?h=225&w=225,
305990489,Kopparberg Cider Plus Strawberry & Lime Alcohol Free 4X330ml,https://www.tesco.com/groceries/en-GB/shop/drinks/all?department=Alcohol%20Free%20%26%20Low%20Alcohol%20Drinks&viewAll=department&page=,£3.50,£2.66/litre,,,/groceries/en-GB/products/305990489,https://digitalcontent.api.tesco.com/v2/media/ghs/c7fa0d8b-f316-4790-9dbb-b7e96dbe3835/943a7851-af34-4e19-980e-6db1b0209b54_1477674465.jpeg?h=225&w=225,
306492668,Mcguigan Zero Shiraz 75Cl,https://www.tesco.com/groceries/en-GB/shop/drinks/all?department=Alcohol%20Free%20%26%20Low%20Alcohol%20Drinks&viewAll=department&page=,£4.00,£4.00/75cl,,,/groceries/en-GB/products/306492668,https://digitalcontent.api.tesco.com/v2/media/ghs/13e5360e-dd31-4b06-b135-85043294fe5a/4c58a985-8c1d-463b-9cf8-01c4a90b6e22_1331413427.jpeg?h=225&w=225,
308092879,Birra Moretti Zero Alcohol Free Beer 4X330ml,https://www.tesco.com/groceries/en-GB/shop/drinks/all?department=Alcohol%20Free%20%26%20Low%20Alcohol%20Drinks&viewAll=department&page=,£4.80,£3.64/litre,,,/groceries/en-GB/products/308092879,https://digitalcontent.api.tesco.com/v2/media/ghs/6c652fad-8f44-4aac-967a-5060e21e2974/71553ed7-5f4f-478c-94c2-d503316b449a_407892318.jpeg?h=225&w=225,
305973815,Kopparberg Premium Cider Mixed Fruit Alcohol Free 4X330ml,https://www.tesco.com/groceries/en-GB/shop/drinks/all?department=Alcohol%20Free%20%26%20Low%20Alcohol%20Drinks&viewAll=department&page=,£3.50,£2.66/litre,,,/groceries/en-GB/products/305973815,https://digitalcontent.api.tesco.com/v2/media/ghs/717bf6a4-0872-4400-965c-8027645b6272/cb5ce2ed-4895-40a5-a98e-bd5218e35183_117135907.jpeg?h=225&w=225,
295188435,Freixenet 0.0% Alcohol Free Sparkling 75Cl,https://www.tesco.com/groceries/en-GB/shop/drinks/all?department=Alcohol%20Free%20%26%20Low%20Alcohol%20Drinks&viewAll=department&page=,£4.50,£4.50/75cl,,,/groceries/en-GB/products/295188435,https://digitalcontent.api.tesco.com/v2/media/ghs/a1dba7a4-9979-477f-9e2e-5c4bcacb3932/fd6282ac-f935-4e75-b78e-086ee704fda0_1038155426.jpeg?h=225&w=225,
310168805,Corona Cero Alcohol Free Beer 4 X 330Ml,https://www.tesco.com/groceries/en-GB/shop/drinks/all?department=Alcohol%20Free%20%26%20Low%20Alcohol%20Drinks&viewAll=department&page=,£4.00,£3.04/litre,,,/groceries/en-GB/products/310168805,https://digitalcontent.api.tesco.com/v2/media/ghs/80a54c30-965d-4110-bf2e-4c9120f3b7ac/f8e899ec-2fd5-412e-9d3c-dc8b343df6df_446601701.jpeg?h=225&w=225,
263042455,Erdinger Alkoholfrei 0.5% 500Ml,https://www.tesco.com/groceries/en-GB/shop/drinks/all?department=Alcohol%20Free%20%26%20Low%20Alcohol%20Drinks&viewAll=department&page=,£1.50,£3.00/litre,,,/groceries/en-GB/products/263042455,https://digitalcontent.api.tesco.com/v2/media/ghs/3eecdfb5-4b16-449f-aa63-081660268638/42a71a80-570a-4a6a-b9cf-7b6017585571_827410789.jpeg?h=225&w=225,
287572211,San Miguel 0.0% Alcohol 4X330ml,https://www.tesco.com/groceries/en-GB/shop/drinks/all?department=Alcohol%20Free%20%26%20Low%20Alcohol%20Drinks&viewAll=department&page=,£3.70,£2.81/litre,,,/groceries/en-GB/products/287572211,https://digitalcontent.api.tesco.com/v2/media/ghs/e126d150-eff5-42da-a0b5-0dadf2e44177/0a89a001-b8b3-4b37-adc6-96c83395e3a5.jpeg?h=225&w=225,
307136122,Leffe Blonde 0% Alcohol Free Beer 6X250ml,https://www.tesco.com/groceries/en-GB/shop/drinks/all?department=Alcohol%20Free%20%26%20Low%20Alcohol%20Drinks&viewAll=department&page=,£4.50,£3.00/litre,,,/groceries/en-GB/products/307136122,https://digitalcontent.api.tesco.com/v2/media/ghs/a7cc0d64-abef-4b8b-b9b3-d38f6ca8a393/a147796a-9b74-426a-a2ec-1c769853aac0_401207953.jpeg?h=225&w=225,
302153679,Free Damm Lager 4X330ml,https://www.tesco.com/groceries/en-GB/shop/drinks/all?department=Alcohol%20Free%20%26%20Low%20Alcohol%20Drinks&viewAll=department&page=,£4.00,£3.04/litre,,,/groceries/en-GB/products/302153679,https://digitalcontent.api.tesco.com/v2/media/ghs/2bf06462-3d6c-4bb2-bf2d-5cc8292873d0/ddf8cb22-8236-4096-bda4-16fad0a20182.jpeg?h=225&w=225,
298413482,Tesco Low Alcohol Reduced Calorie G & Tesco 4 X 250Ml,https://www.tesco.com/groceries/en-GB/shop/drinks/all?department=Alcohol%20Free%20%26%20Low%20Alcohol%20Drinks&viewAll=department&page=,£3.60,£3.60/litre,,,/groceries/en-GB/products/298413482,https://digitalcontent.api.tesco.com/v2/media/ghs/50596c12-975b-49da-8f49-fa742f48d1df/037eba66-6a71-46df-a0fb-f52eac65f2f3_752473874.jpeg?h=225&w=225,
303775615,Nozeco Rose 750Ml,https://www.tesco.com/groceries/en-GB/shop/drinks/all?department=Alcohol%20Free%20%26%20Low%20Alcohol%20Drinks&viewAll=department&page=,£3.25,£3.25/75cl,,,/groceries/en-GB/products/303775615,https://digitalcontent.api.tesco.com/v2/media/ghs/27459db8-f955-4d55-a1f2-0949e02f4f35/229a7347-a93f-4ded-91cc-5a24ff8f92d7_527512558.jpeg?h=225&w=225,
305972269,Eisberg Merlot Alcohol Free Wine 75Cl,https://www.tesco.com/groceries/en-GB/shop/drinks/all?department=Alcohol%20Free%20%26%20Low%20Alcohol%20Drinks&viewAll=department&page=,£3.25,£3.25/75cl,,,/groceries/en-GB/products/305972269,https://digitalcontent.api.tesco.com/v2/media/ghs/2696c579-0882-4b0d-99de-9bc63d43daa4/a00259b0-5106-4721-a499-d838cb876c6f_1375885190.jpeg?h=225&w=225,
303390338,Hardys Alcohol Free Chardonnay 75Cl,https://www.tesco.com/groceries/en-GB/shop/drinks/all?department=Alcohol%20Free%20%26%20Low%20Alcohol%20Drinks&viewAll=department&page=,£4.00,£4.00/75cl,,,/groceries/en-GB/products/303390338,https://digitalcontent.api.tesco.com/v2/media/ghs/1d40132a-bdd2-4d6b-af17-acefbe45aec4/1453d9f7-f51d-4ae4-ad5c-9bba203d695b_1007685752.jpeg?h=225&w=225,
296671437,Tesco Low Alcohol Garnacha Rose 75Cl,https://www.tesco.com/groceries/en-GB/shop/drinks/all?department=Alcohol%20Free%20%26%20Low%20Alcohol%20Drinks&viewAll=department&page=,£3.15,£3.15/75cl,,,/groceries/en-GB/products/296671437,https://digitalcontent.api.tesco.com/v2/media/ghs/b93a4f52-b0f5-4586-a65c-486e8e492ab1/3cbf4467-5d45-4c74-8bcb-5125899a27bd_1531518266.jpeg?h=225&w=225,
304722896,Brewdog Punk Af 4X330ml,https://www.tesco.com/groceries/en-GB/shop/drinks/all?department=Alcohol%20Free%20%26%20Low%20Alcohol%20Drinks&viewAll=department&page=,£4.50,£3.41/litre,,,/groceries/en-GB/products/304722896,https://digitalcontent.api.tesco.com/v2/media/ghs/0a6cfd97-4f83-4805-98f3-5f0e3b2bdf8e/000091f3-2d4f-490b-b1f0-c6c05780f19e_1334635128.jpeg?h=225&w=225,
296671593,Tesco Low Alcohol Cabernet Tempranillo 75Cl,https://www.tesco.com/groceries/en-GB/shop/drinks/all?department=Alcohol%20Free%20%26%20Low%20Alcohol%20Drinks&viewAll=department&page=,£3.15,£3.15/75cl,,,/groceries/en-GB/products/296671593,https://digitalcontent.api.tesco.com/v2/media/ghs/2eef06a1-a7f4-4868-8efa-6d637f5a66af/2d2c3cc9-c200-4ccc-bc05-355b02dfec7f_1740951875.jpeg?h=225&w=225,
296671070,Tesco Low Alcohol Sauvignon Blanc 75Cl,https://www.tesco.com/groceries/en-GB/shop/drinks/all?department=Alcohol%20Free%20%26%20Low%20Alcohol%20Drinks&viewAll=department&page=,£3.15,£3.15/75cl,,,/groceries/en-GB/products/296671070,https://digitalcontent.api.tesco.com/v2/media/ghs/717ff2d9-8667-4a38-9a8e-17011d191b12/6a5b5a0d-eead-4c80-9c1a-b16411203dc2_812252023.jpeg?h=225&w=225,
271487584,Becks Blue Alcohol Free 15X275ml,https://www.tesco.com/groceries/en-GB/shop/drinks/all?department=Alcohol%20Free%20%26%20Low%20Alcohol%20Drinks&viewAll=department&page=,£7.99,£1.94/litre,Aldi Price Match,,/groceries/en-GB/products/271487584,https://digitalcontent.api.tesco.com/v2/media/ghs/fb9e0057-c640-47ef-bb2b-23e87a3bf8f5/f6900d3d-9492-4ced-94a2-3b78afb220b2.jpeg?h=225&w=225,
307745115,Brooklyn Alcohol Free Hoppy Lager 4 X 330Ml,https://www.tesco.com/groceries/en-GB/shop/drinks/all?department=Alcohol%20Free%20%26%20Low%20Alcohol%20Drinks&viewAll=department&page=,£4.00,£3.04/litre,,,/groceries/en-GB/products/307745115,https://digitalcontent.api.tesco.com/v2/media/ghs/7b62a21d-95cd-491e-82b3-88c41df1aca8/29617931-034d-42f0-b39f-15fba54bc9d9_158312852.jpeg?h=225&w=225,
301885125,Adnams Ghost Ship Bottle Beer 0.5% 500Ml,https://www.tesco.com/groceries/en-GB/shop/drinks/all?department=Alcohol%20Free%20%26%20Low%20Alcohol%20Drinks&viewAll=department&page=,£1.30,£2.60/litre,,,/groceries/en-GB/products/301885125,https://digitalcontent.api.tesco.com/v2/media/ghs/820ebde4-372c-450c-a693-6e366c657264/b8081666-3ff5-4d9e-aeff-74b2305b24c8_1791497491.jpeg?h=225&w=225,
295710175,Heineken 0.0 Alcohol Free Lager 6X330ml,https://www.tesco.com/groceries/en-GB/shop/drinks/all?department=Alcohol%20Free%20%26%20Low%20Alcohol%20Drinks&viewAll=department&page=,£4.25,£2.15/litre,,,/groceries/en-GB/products/295710175,https://digitalcontent.api.tesco.com/v2/media/ghs/10f28f01-2fbd-4f0f-b8d6-1a68d8702ab4/0b0dc97a-eb4a-40b2-8c0f-0e8155913b94.jpeg?h=225&w=225,
268265483,Kopparberg Mixed Fruit Alcohol Free 500Ml,https://www.tesco.com/groceries/en-GB/shop/drinks/all?department=Alcohol%20Free%20%26%20Low%20Alcohol%20Drinks&viewAll=department&page=,£1.30,£2.60/litre,,,/groceries/en-GB/products/268265483,https://digitalcontent.api.tesco.com/v2/media/ghs/c9cbad96-6eaa-447b-988c-23675f73a847/9f5a3bb1-fd21-4f56-9f7f-bcf51f6d71bc_1167112542.jpeg?h=225&w=225,
262589306,Kopparberg Alcohol Free Pear Cider 500Ml,https://www.tesco.com/groceries/en-GB/shop/drinks/all?department=Alcohol%20Free%20%26%20Low%20Alcohol%20Drinks&viewAll=department&page=,£1.30,£2.60/litre,,,/groceries/en-GB/products/262589306,https://digitalcontent.api.tesco.com/v2/media/ghs/94074abd-152d-4357-a8a4-1efcca0a502e/c06efe10-c485-4cb2-b352-ac83f733b057_478148822.jpeg?h=225&w=225,
285779045,Kopparberg Strawberry & Lime Alcohol Free 500Ml,https://www.tesco.com/groceries/en-GB/shop/drinks/all?department=Alcohol%20Free%20%26%20Low%20Alcohol%20Drinks&viewAll=department&page=,£1.30,£2.60/litre,,,/groceries/en-GB/products/285779045,https://digitalcontent.api.tesco.com/v2/media/ghs/689b2503-6d28-45fe-a6b4-2821006d191f/badf1a85-e6fc-43dd-9fa4-955ab4189a94_1843580006.jpeg?h=225&w=225,
257849380,Eisberg Rose 75Cl Alcohol Free,https://www.tesco.com/groceries/en-GB/shop/drinks/all?department=Alcohol%20Free%20%26%20Low%20Alcohol%20Drinks&viewAll=department&page=,£3.25,£3.25/75cl,,,/groceries/en-GB/products/257849380,https://digitalcontent.api.tesco.com/v2/media/ghs/6306ecb4-feec-4281-818c-1e8c3c63bbec/5bca1289-dd9f-4b92-8834-dfd67dc3e815_1538579268.jpeg?h=225&w=225,
305954003,Stella Artois Premium Alcohol Free Lager Beer 4X330ml,https://www.tesco.com/groceries/en-GB/shop/drinks/all?department=Alcohol%20Free%20%26%20Low%20Alcohol%20Drinks&viewAll=department&page=,£3.50,£2.66/litre,£3.00 Clubcard Price,,/groceries/en-GB/products/305954003,https://digitalcontent.api.tesco.com/v2/media/ghs/aad5cf0c-d082-4931-975c-af62624af904/d3fbfb98-cb2a-49a7-a27f-9fb441957b6a_44004634.jpeg?h=225&w=225,
295208183,Eisberg Sauvignon 75Cl Alcohol Free,https://www.tesco.com/groceries/en-GB/shop/drinks/all?department=Alcohol%20Free%20%26%20Low%20Alcohol%20Drinks&viewAll=department&page=,£3.25,£3.25/75cl,,,/groceries/en-GB/products/295208183,https://digitalcontent.api.tesco.com/v2/media/ghs/722d98bf-0663-40fc-b5f2-7f75f474a203/8c050818-bdbc-4537-a5de-94d456d946da_2101094188.jpeg?h=225&w=225,
311272069,Thatchers Zero Somerset Cider 500Ml,https://www.tesco.com/groceries/en-GB/shop/drinks/all?department=Alcohol%20Free%20%26%20Low%20Alcohol%20Drinks&viewAll=department&page=,£1.80,£3.60/litre,,,/groceries/en-GB/products/311272069,https://digitalcontent.api.tesco.com/v2/media/ghs/69859cb4-92f3-480e-99a3-4974621b364b/f7613491-867d-4636-b4ec-d7890f9d125b_718441633.jpeg?h=225&w=225,
312559173,Eisberg Mulled Alcohol Free Wine 75Cl,https://www.tesco.com/groceries/en-GB/shop/drinks/all?department=Alcohol%20Free%20%26%20Low%20Alcohol%20Drinks&viewAll=department&page=,£3.00,£3.00/75cl,£2.50 Clubcard Price,,/groceries/en-GB/products/312559173,https://digitalcontent.api.tesco.com/v2/media/ghs/6c09ebff-a0b4-45b1-b88d-08204c94da1b/56c8dc5e-5118-4430-8b42-809fa044fdc7_809277393.jpeg?h=225&w=225,
302274075,Shipyard Low Tide Pale Ale 500Ml,https://www.tesco.com/groceries/en-GB/shop/drinks/all?department=Alcohol%20Free%20%26%20Low%20Alcohol%20Drinks&viewAll=department&page=,£1.30,£2.60/litre,£1.00 Clubcard Price,,/groceries/en-GB/products/302274075,https://digitalcontent.api.tesco.com/v2/media/ghs/cfd8f939-5ab6-4663-b804-a33889c880fd/e61a68f4-8daa-4ce3-aa56-32b1b9018936_773899147.jpeg?h=225&w=225,
298040346,Tesco Low Alcohol Sparkling White Wine 75Cl,https://www.tesco.com/groceries/en-GB/shop/drinks/all?department=Alcohol%20Free%20%26%20Low%20Alcohol%20Drinks&viewAll=department&page=,£3.15,£3.15/75cl,,,/groceries/en-GB/products/298040346,https://digitalcontent.api.tesco.com/v2/media/ghs/0696a6a9-2c86-4ef5-8975-d33e113779ae/f0842340-5ef7-4ee1-816e-8e5ddc47684a_1691422201.jpeg?h=225&w=225,
306930053,Lucky Saint Unfiltered Lager 330Ml,https://www.tesco.com/groceries/en-GB/shop/drinks/all?department=Alcohol%20Free%20%26%20Low%20Alcohol%20Drinks&viewAll=department&page=,£1.80,£5.46/litre,,,/groceries/en-GB/products/306930053,https://digitalcontent.api.tesco.com/v2/media/ghs/16042921-0ea8-4f6b-9d3a-f919a0f77038/01b5955e-f96d-458c-813b-362fe180eb4e_747562446.jpeg?h=225&w=225,
305729144,Doom Bar Zero Amber Ale 500Ml,https://www.tesco.com/groceries/en-GB/shop/drinks/all?department=Alcohol%20Free%20%26%20Low%20Alcohol%20Drinks&viewAll=department&page=,£1.50,£3.00/litre,,,/groceries/en-GB/products/305729144,https://digitalcontent.api.tesco.com/v2/media/ghs/f2c2c6ce-0fe3-40e2-8edf-43e62b241e8c/31c9458c-2dcc-4227-b619-dfd1c9a03b9e_757435996.jpeg?h=225&w=225,
305990119,Strykk Not R*M Distilled Non Alch Spirit 70Cl,https://www.tesco.com/groceries/en-GB/shop/drinks/all?department=Alcohol%20Free%20%26%20Low%20Alcohol%20Drinks&viewAll=department&page=,£15.75,£22.50/litre,,,/groceries/en-GB/products/305990119,https://digitalcontent.api.tesco.com/v2/media/ghs/e0cdc804-85f1-477d-8827-aa8e39781a48/38460766-614f-46cb-84e3-32630a5bb9b3_124026876.jpeg?h=225&w=225,
310111308,Cleanco Clean G Pink No Alcohol Crisp Fruity Spirit 70Cl,https://www.tesco.com/groceries/en-GB/shop/drinks/all?department=Alcohol%20Free%20%26%20Low%20Alcohol%20Drinks&viewAll=department&page=,£16.00,£22.86/litre,,,/groceries/en-GB/products/310111308,https://digitalcontent.api.tesco.com/v2/media/ghs/e41a7fc9-e8fc-45ac-beed-8f76750a127d/32174293-71c9-48c8-885f-bd66761bf8ea_16431518.jpeg?h=225&w=225,
305975082,Ceder's Pink Rose Non Alcohol Gin 500Ml,https://www.tesco.com/groceries/en-GB/shop/drinks/all?department=Alcohol%20Free%20%26%20Low%20Alcohol%20Drinks&viewAll=department&page=,£18.00,£36.00/litre,,,/groceries/en-GB/products/305975082,https://digitalcontent.api.tesco.com/v2/media/ghs/425cfabb-7a92-4826-b45a-d8355e626523/2db8a17f-d9e4-4324-b763-301ce88e3f84_1714314572.jpeg?h=225&w=225,
310142726,Cleanco Clean G Crisp Dry Non Acl Spirit 70Cl,https://www.tesco.com/groceries/en-GB/shop/drinks/all?department=Alcohol%20Free%20%26%20Low%20Alcohol%20Drinks&viewAll=department&page=,£16.00,£22.86/litre,,,/groceries/en-GB/products/310142726,https://digitalcontent.api.tesco.com/v2/media/ghs/25c69b6c-1838-439b-bf65-128dd8981e8c/cf0978a9-d087-4cc0-a030-fd8113e349f3_762359630.jpeg?h=225&w=225,
308096604,Martini Vibrante Non-Alcoholic Aperitif 750Ml,https://www.tesco.com/groceries/en-GB/shop/drinks/all?department=Alcohol%20Free%20%26%20Low%20Alcohol%20Drinks&viewAll=department&page=,£10.00,£13.34/litre,,,/groceries/en-GB/products/308096604,https://digitalcontent.api.tesco.com/v2/media/ghs/4463c630-65a7-4d4e-bf5c-ec05c4dc748b/99f068fd-88a9-4315-9bcf-3c0c62fced1e_528053533.jpeg?h=225&w=225,
305967839,Strykk Not G*N Distilled Non Alcohol Spirit 70Cl,https://www.tesco.com/groceries/en-GB/shop/drinks/all?department=Alcohol%20Free%20%26%20Low%20Alcohol%20Drinks&viewAll=department&page=,£15.75,£22.50/litre,,,/groceries/en-GB/products/305967839,https://digitalcontent.api.tesco.com/v2/media/ghs/8340ef86-4a21-47c0-b50c-bd578ae0a393/0c9c03e7-18ef-4c0c-9c54-a1ff65654dc2_1626972340.jpeg?h=225&w=225,
308862769,Tanqueray Alcohol Free 0% Spirit 70Cl,https://www.tesco.com/groceries/en-GB/shop/drinks/all?department=Alcohol%20Free%20%26%20Low%20Alcohol%20Drinks&viewAll=department&page=,£16.00,£22.86/litre,£14.00 Clubcard Price,,/groceries/en-GB/products/308862769,https://digitalcontent.api.tesco.com/v2/media/ghs/137b5a4d-2bda-4c70-9dfb-48661e6cd374/f0fbd5d3-c638-4943-97c1-e884a46a93f0_2023836749.jpeg?h=225&w=225,
311220195,Gordon's Alcohol Free Premium Pink Spirit 70Cl,https://www.tesco.com/groceries/en-GB/shop/drinks/all?department=Alcohol%20Free%20%26%20Low%20Alcohol%20Drinks&viewAll=department&page=,£15.50,£22.15/litre,£13.00 Clubcard Price,,/groceries/en-GB/products/311220195,https://digitalcontent.api.tesco.com/v2/media/ghs/8144ea4a-ee22-4324-9ebf-c585de78b701/09317f87-8dfa-45d2-9d83-0705bc7cfc2f_128729805.jpeg?h=225&w=225,
311448058,Lucky Saint 0.5% Alcohol By Volume Unfiltered Lager 4X330ml,https://www.tesco.com/groceries/en-GB/shop/drinks/all?department=Alcohol%20Free%20%26%20Low%20Alcohol%20Drinks&viewAll=department&page=,£6.00,£4.55/litre,,,/groceries/en-GB/products/311448058,https://digitalcontent.api.tesco.com/v2/media/ghs/79411ea6-34ce-4c98-8e1e-54ee93b26859/5e139298-a87a-4a36-979d-fdcc44327db9_102274292.jpeg?h=225&w=225,
295568487,Torres Natureo White 75Cl 0.0% Alcohol,https://www.tesco.com/groceries/en-GB/shop/drinks/all?department=Alcohol%20Free%20%26%20Low%20Alcohol%20Drinks&viewAll=department&page=,£6.00,£6.00/75cl,Buy 6 or more Save 25% Clubcard Price - Save 25% On Selected Wines When You Buy 6 + Bottles,,/groceries/en-GB/products/295568487,https://digitalcontent.api.tesco.com/v2/media/ghs/384f0c16-5da5-427a-b3a8-019bec949db1/b8b16443-6c12-40b3-9a1b-168313d8aba0_2065263565.jpeg?h=225&w=225,
295237136,Torres Natureo Rose 75Cl 0.0% Alcohol,https://www.tesco.com/groceries/en-GB/shop/drinks/all?department=Alcohol%20Free%20%26%20Low%20Alcohol%20Drinks&viewAll=department&page=,£6.00,£6.00/75cl,Buy 6 or more Save 25% Clubcard Price - Save 25% On Selected Wines When You Buy 6 + Bottles,,/groceries/en-GB/products/295237136,https://digitalcontent.api.tesco.com/v2/media/ghs/c44036f1-55ab-4e25-beb6-c494d2f1a539/85440087-a9fb-4695-8cad-e334dc4cb0f0_207773839.jpeg?h=225&w=225,
309767420,Kopparberg Mixed Fruit Tropical Alcohol Free 4X330ml,https://www.tesco.com/groceries/en-GB/shop/drinks/all?department=Alcohol%20Free%20%26%20Low%20Alcohol%20Drinks&viewAll=department&page=,£3.50,£2.66/litre,,,/groceries/en-GB/products/309767420,https://digitalcontent.api.tesco.com/v2/media/ghs/3ebbd6ef-f6e6-4954-9cce-d6102831fbf5/0abb42a9-b782-4a08-9dff-59d87ad89d77_860839186.jpeg?h=225&w=225,
310144062,Erdinger Alkoholfrei Grapefruit 4X330ml,https://www.tesco.com/groceries/en-GB/shop/drinks/all?department=Alcohol%20Free%20%26%20Low%20Alcohol%20Drinks&viewAll=department&page=,£4.50,£3.41/litre,,,/groceries/en-GB/products/310144062,https://digitalcontent.api.tesco.com/v2/media/ghs/7f3abcac-0950-4b64-91dc-f6ff25b7a6ce/38451399-1b19-48bc-8c2c-fb7e0e25178a_971946313.jpeg?h=225&w=225,
311680283,Big Drop Brewing Paradiso Citra Ipa 4 X 330Ml,https://www.tesco.com/groceries/en-GB/shop/drinks/all?department=Alcohol%20Free%20%26%20Low%20Alcohol%20Drinks&viewAll=department&page=,£5.00,£3.79/litre,,,/groceries/en-GB/products/311680283,https://digitalcontent.api.tesco.com/v2/media/ghs/6443c596-81fa-4614-8a70-6373e9a62687/94867ae4-4c46-4563-89b3-5f76583f8909_952924099.jpeg?h=225&w=225,
309452130,Gordon's Alcohol Free &Tonic With Lime 4X250ml,https://www.tesco.com/groceries/en-GB/shop/drinks/all?department=Alcohol%20Free%20%26%20Low%20Alcohol%20Drinks&viewAll=department&page=,£5.50,£5.50/litre,£4.00 Clubcard Price,,/groceries/en-GB/products/309452130,https://digitalcontent.api.tesco.com/v2/media/ghs/28886e12-3fee-42e0-b855-a0a33a7f904a/03e7c6d6-2c12-43a6-b8ed-35819cae4596_575240711.jpeg?h=225&w=225,
295411385,St. Peter's Ale Alcohol Free 500Ml,https://www.tesco.com/groceries/en-GB/shop/drinks/all?department=Alcohol%20Free%20%26%20Low%20Alcohol%20Drinks&viewAll=department&page=,£1.35,£2.70/litre,,,/groceries/en-GB/products/295411385,https://digitalcontent.api.tesco.com/v2/media/ghs/f27bb45e-9413-41be-85bb-267f6c95bbfe/5bcc4f4f-dc28-46af-9aa8-e71932665594_1816241002.jpeg?h=225&w=225,
309786057,British Ales Selection Gift Set 3 X 500Ml,https://www.tesco.com/groceries/en-GB/shop/drinks/all?department=Alcohol%20Gift%20Sets&viewAll=department&page=,£5.00,£3.34/litre,,,/groceries/en-GB/products/309786057,https://digitalcontent.api.tesco.com/v2/media/ghs/28de84ac-abdd-4e41-831f-3069cf8124a9/f0f456b5-82cd-419b-bea9-01faed215c00_2008965034.jpeg?h=225&w=225,
309477947,Hotel Chocolat Chocolate Cream Liqueur Collection 3X5cl,https://www.tesco.com/groceries/en-GB/shop/drinks/all?department=Alcohol%20Gift%20Sets&viewAll=department&page=,£10.00,£66.67/litre,,,/groceries/en-GB/products/309477947,https://digitalcontent.api.tesco.com/v2/media/ghs/61c2bc2f-41a6-48e9-b230-c4f7cdb5c36b/9548324f-4bac-4a59-bb6c-a06e11180b09_798326902.jpeg?h=225&w=225,
310123467,Freixenet Prosecco Pamper Set,https://www.tesco.com/groceries/en-GB/shop/drinks/all?department=Alcohol%20Gift%20Sets&viewAll=department&page=,£12.00,£12.00/each,,,/groceries/en-GB/products/310123467,https://digitalcontent.api.tesco.com/v2/media/ghs/4a5e68de-9f9f-4f05-adde-f702e647306b/f7799a2c-77ea-4e7f-a737-d4d63820c2f3_313641144.jpeg?h=225&w=225,
309787966,Baileys Flavours Trio And Tumbler Gift Set,https://www.tesco.com/groceries/en-GB/shop/drinks/all?department=Alcohol%20Gift%20Sets&viewAll=department&page=,£10.00,£10.00/each,,,/groceries/en-GB/products/309787966,https://digitalcontent.api.tesco.com/v2/media/ghs/d01e9804-97be-4bff-8c1c-920c87095c76/0664f8b3-9e3a-48aa-9eb7-c3c967380e49_1086763941.jpeg?h=225&w=225,
312719140,Absolut Vodka 50Ml Cocktail Shaker Set,https://www.tesco.com/groceries/en-GB/shop/drinks/all?department=Alcohol%20Gift%20Sets&viewAll=department&page=,£10.00,£10.00/each,£8.00 Clubcard Price,,/groceries/en-GB/products/312719140,https://digitalcontent.api.tesco.com/v2/media/ghs/6b02ff20-8e60-4462-9285-3fff57d0d57b/0bb207be-d638-4f2c-8ced-26cfd83b2622_222551425.jpeg?h=225&w=225,
312716229,Guinness Duo And Pint Glass,https://www.tesco.com/groceries/en-GB/shop/drinks/all?department=Alcohol%20Gift%20Sets&viewAll=department&page=,£9.00,£9.00/each,,New,/groceries/en-GB/products/312716229,https://digitalcontent.api.tesco.com/v2/media/ghs/51ba665f-655e-41b0-954a-96e64228a8a9/0b290735-9ec0-4144-abe1-cedb57dc7a39_1829998847.jpeg?h=225&w=225,
312566135,Whisky Selection Gift Set 3X5cl,https://www.tesco.com/groceries/en-GB/shop/drinks/all?department=Alcohol%20Gift%20Sets&viewAll=department&page=,£7.00,£46.67/litre,,,/groceries/en-GB/products/312566135,https://digitalcontent.api.tesco.com/v2/media/ghs/935444a4-cf27-42e4-b0cd-defcf8bd43b0/c5e91b38-d1e3-42a0-bc49-b3e79c257b1c_1402080704.jpeg?h=225&w=225,
312701926,Canti Rose Prosecco Flute & Shimmer Gift Set,https://www.tesco.com/groceries/en-GB/shop/drinks/all?department=Alcohol%20Gift%20Sets&viewAll=department&page=,£8.00,£8.00/each,£6.00 Clubcard Price,,/groceries/en-GB/products/312701926,https://digitalcontent.api.tesco.com/v2/media/ghs/54cbcabe-a75e-48ef-b62e-49c9ced4d79a/d94008ab-ddb6-4541-83ec-356a3fa9164d_545691649.jpeg?h=225&w=225,
312235464,Bottega Gold Prosecco 200Ml & 4 Chocolates Gift Set,https://www.tesco.com/groceries/en-GB/shop/drinks/all?department=Alcohol%20Gift%20Sets&viewAll=department&page=,£8.00,£8.00/each,,,/groceries/en-GB/products/312235464,https://digitalcontent.api.tesco.com/v2/media/ghs/5d10f613-174c-4099-9600-ee17dfcff2a0/63d791e3-492e-4014-ac43-de09ac24fdb3_1166858782.jpeg?h=225&w=225,
312576169,Baileys Orange Hot Chocolate Mug Gift Set,https://www.tesco.com/groceries/en-GB/shop/drinks/all?department=Alcohol%20Gift%20Sets&viewAll=department&page=,£8.00,£8.00/each,£6.00 Clubcard Price,,/groceries/en-GB/products/312576169,https://digitalcontent.api.tesco.com/v2/media/ghs/6a7f2db2-57e9-4c4a-999b-800bb221b0fe/d94fbcb6-e6a7-4ddc-be5b-dcac5ab9f929_1604587060.jpeg?h=225&w=225,
306809371,Freixenet Prosecco & Scented Candle Gift Set,https://www.tesco.com/groceries/en-GB/shop/drinks/all?department=Alcohol%20Gift%20Sets&viewAll=department&page=,£7.50,£7.50/each,,,/groceries/en-GB/products/306809371,https://digitalcontent.api.tesco.com/v2/media/ghs/bff298b3-ee82-41e2-9cd5-60ac94c9c28c/e76db533-685b-44b1-87d2-bcbf299dcfcb_1560947551.jpeg?h=225&w=225,
306953262,Edinburgh Gin Selection Gift Set,https://www.tesco.com/groceries/en-GB/shop/drinks/all?department=Alcohol%20Gift%20Sets&viewAll=department&page=,£8.00,£53.34/litre,,,/groceries/en-GB/products/306953262,https://digitalcontent.api.tesco.com/v2/media/ghs/5c1bfa09-b319-449e-a507-af98134da3e5/a04c2b49-64e2-43de-af7f-b2e17f5f8e76_1804631877.jpeg?h=225&w=225,
312845560,Thatchers Katy & Gold Duo & Pint Glass Gift Set,https://www.tesco.com/groceries/en-GB/shop/drinks/all?department=Alcohol%20Gift%20Sets&viewAll=department&page=,£8.00,£8.00/each,,New,/groceries/en-GB/products/312845560,https://digitalcontent.api.tesco.com/v2/media/ghs/13402968-fdac-4261-a021-9532fd39095e/85a1563b-7fdc-4077-a7be-1681f849cb6f_853771713.jpeg?h=225&w=225,
297490845,Cockburns Port Trio Gift Set,https://www.tesco.com/groceries/en-GB/shop/drinks/all?department=Alcohol%20Gift%20Sets&viewAll=department&page=,£5.00,£25.00/75cl,,,/groceries/en-GB/products/297490845,https://digitalcontent.api.tesco.com/v2/media/ghs/947aeb6c-5565-4297-933a-fe023f4eda2c/ebb20fa9-5a7a-47b7-9b72-a60937dd55b2_1319190834.jpeg?h=225&w=225,
312997828,Drinks By The Dram Craft Gin Tasting 3X30ml,https://www.tesco.com/groceries/en-GB/shop/drinks/all?department=Alcohol%20Gift%20Sets&viewAll=department&page=,£8.00,£88.89/litre,,New,/groceries/en-GB/products/312997828,https://digitalcontent.api.tesco.com/v2/media/ghs/7e55d1ed-eb2e-460a-ae2f-af020471113d/77b881c4-c13b-48b0-8123-deffccff01e5_382134411.jpeg?h=225&w=225,
309764302,Retro Flavours The Gin Emporium Gift Set,https://www.tesco.com/groceries/en-GB/shop/drinks/all?department=Alcohol%20Gift%20Sets&viewAll=department&page=,£6.00,£40.00/litre,£5.00 Clubcard Price,,/groceries/en-GB/products/309764302,https://digitalcontent.api.tesco.com/v2/media/ghs/903f92fe-ee55-462b-b460-fcd1bc1d5a4e/3a5804d6-efe9-4d11-8afe-8a0c0f03b30e_1881058539.jpeg?h=225&w=225,
312715979,Famous Grouse Duo And Fudge,https://www.tesco.com/groceries/en-GB/shop/drinks/all?department=Alcohol%20Gift%20Sets&viewAll=department&page=,£8.00,£8.00/each,£6.00 Clubcard Price,,/groceries/en-GB/products/312715979,https://digitalcontent.api.tesco.com/v2/media/ghs/f76eeb68-9cfa-4e98-a4b6-728f7b572839/8daf6254-ef6d-40ef-bccb-ba9ac0199b41_1897702069.jpeg?h=225&w=225,
297492889,Jack Daniels Hip Flask Gift Set,https://www.tesco.com/groceries/en-GB/shop/drinks/all?department=Alcohol%20Gift%20Sets&viewAll=department&page=,£8.00,£8.00/each,£6.00 Clubcard Price,,/groceries/en-GB/products/297492889,https://digitalcontent.api.tesco.com/v2/media/ghs/50432f53-bc27-43e2-84a5-b457f701f3a1/36f7d4d0-03b1-47c3-8009-ba7e9abc20cd_2075085977.jpeg?h=225&w=225,
295746410,Glenfiddich Mix Pack 3X5cl,https://www.tesco.com/groceries/en-GB/shop/drinks/all?department=Alcohol%20Gift%20Sets&viewAll=department&page=,£12.00,£80.00/litre,,,/groceries/en-GB/products/295746410,https://digitalcontent.api.tesco.com/v2/media/ghs/6ddfa6cd-413c-4ddc-805d-76a9269723ed/42f51b0c-e867-4fd6-af71-3a5ac1963504_1334413240.jpeg?h=225&w=225,
302418389,"Baileys Mini, Glass And Chocolate Truffle Gift Box",https://www.tesco.com/groceries/en-GB/shop/drinks/all?department=Alcohol%20Gift%20Sets&viewAll=department&page=,£5.00,£5.00/each,,,/groceries/en-GB/products/302418389,https://digitalcontent.api.tesco.com/v2/media/ghs/b2e030e9-86c0-4a95-8696-e4a27a95d96d/f8b209df-2901-436d-8cdb-761178c65537_2121143613.jpeg?h=225&w=225,
309467049,Disaronno Velvet Miniature Tumbler & Truffles Giftset,https://www.tesco.com/groceries/en-GB/shop/drinks/all?department=Alcohol%20Gift%20Sets&viewAll=department&page=,£5.00,£5.00/each,,,/groceries/en-GB/products/309467049,https://digitalcontent.api.tesco.com/v2/media/ghs/91fba390-13cc-4233-87f6-0d63805c6467/eb6388b1-78f7-4194-b425-e0c25f4bcf40_1828232221.jpeg?h=225&w=225,
312711350,Rum Themed Mixology Gift Set,https://www.tesco.com/groceries/en-GB/shop/drinks/all?department=Alcohol%20Gift%20Sets&viewAll=department&page=,£6.00,£120.00/litre,£5.00 Clubcard Price,,/groceries/en-GB/products/312711350,https://digitalcontent.api.tesco.com/v2/media/ghs/957a72c0-5807-4eb0-9b30-6f523fd70f77/a407e964-cb6a-4ead-a034-4eea5302b21f_467069811.jpeg?h=225&w=225,
302419268,Jagermeister & 2 Shot Glasses Gift Set,https://www.tesco.com/groceries/en-GB/shop/drinks/all?department=Alcohol%20Gift%20Sets&viewAll=department&page=,£6.00,£6.00/each,£5.00 Clubcard Price,,/groceries/en-GB/products/302419268,https://digitalcontent.api.tesco.com/v2/media/ghs/b48a1047-355c-47b6-b73f-42490403c2ea/18c48db0-eadc-44e1-bb45-50cc85143517_1540873749.jpeg?h=225&w=225,
273706617,Marstons Classic Ales 6X500ml,https://www.tesco.com/groceries/en-GB/shop/drinks/all?department=Alcohol%20Gift%20Sets&viewAll=department&page=,£9.00,£3.00/litre,£8.00 Clubcard Price,,/groceries/en-GB/products/273706617,https://digitalcontent.api.tesco.com/v2/media/ghs/9f4cbaf3-7e7f-40d8-9fa2-15d209878b70/3c4409f4-3ec0-4efe-bdeb-73b45b1d270e.jpeg?h=225&w=225,
311690956,The Duppy Share Rum 5Cl & Mixer Cracker,https://www.tesco.com/groceries/en-GB/shop/drinks/all?department=Alcohol%20Gift%20Sets&viewAll=department&page=,£5.50,£5.50/each,£4.00 Clubcard Price,,/groceries/en-GB/products/311690956,https://digitalcontent.api.tesco.com/v2/media/ghs/92fbe480-e155-4f4e-85e1-82444ccd0940/fbb3d425-cd4c-4927-876b-07b586c83a4f_674036573.jpeg?h=225&w=225,
312569685,Premium Vodka Selection Gift Set 3X5cl,https://www.tesco.com/groceries/en-GB/shop/drinks/all?department=Alcohol%20Gift%20Sets&viewAll=department&page=,£7.00,£46.67/litre,£6.00 Clubcard Price,,/groceries/en-GB/products/312569685,https://digitalcontent.api.tesco.com/v2/media/ghs/9af199b3-39e3-4ad0-9a53-30469c41dda3/c96e1a09-f2e8-4c95-84ea-846beb2471d8_1122036150.jpeg?h=225&w=225,
312103649,Corona 330Ml Bottle Duo And Pint Glass,https://www.tesco.com/groceries/en-GB/shop/drinks/all?department=Alcohol%20Gift%20Sets&viewAll=department&page=,£8.00,£8.00/each,£7.00 Clubcard Price,,/groceries/en-GB/products/312103649,https://digitalcontent.api.tesco.com/v2/media/ghs/e4fec138-9dd0-45e3-baba-92bc0302eafc/79fab133-cbda-4f88-9d42-3d3038b57346_134503164.jpeg?h=225&w=225,
312210234,Budwieser Beer 300Ml Glass & Popcorn Giftset,https://www.tesco.com/groceries/en-GB/shop/drinks/all?department=Alcohol%20Gift%20Sets&viewAll=department&page=,£8.00,£8.00/each,£7.00 Clubcard Price,,/groceries/en-GB/products/312210234,https://digitalcontent.api.tesco.com/v2/media/ghs/f85b7aa8-a30f-44d2-b8e2-80b968cf570c/ba219d22-26eb-417b-8f17-4fc38835598d_109282232.jpeg?h=225&w=225,
312712274,Only Fools And Horses Beer And Tumbling Blocks,https://www.tesco.com/groceries/en-GB/shop/drinks/all?department=Alcohol%20Gift%20Sets&viewAll=department&page=,£7.00,£7.00/each,£5.00 Clubcard Price,,/groceries/en-GB/products/312712274,https://digitalcontent.api.tesco.com/v2/media/ghs/3a31bd6b-2858-443b-8070-495b0c3d50f6/925fdd79-6844-4cb8-bb4a-60d9036a5ceb_998400756.jpeg?h=225&w=225,
312579759,Famous Grouse 5Cl And Mixer Cracker,https://www.tesco.com/groceries/en-GB/shop/drinks/all?department=Alcohol%20Gift%20Sets&viewAll=department&page=,£5.00,£5.00/each,£4.00 Clubcard Price,,/groceries/en-GB/products/312579759,https://digitalcontent.api.tesco.com/v2/media/ghs/3c8cdc7f-e072-4796-9913-80bb56abf510/a57b960c-f9d6-47ba-922c-021c53f108e3_1000096865.jpeg?h=225&w=225,
312707908,Gordon's Pink Gin & Mixer Cracker,https://www.tesco.com/groceries/en-GB/shop/drinks/all?department=Alcohol%20Gift%20Sets&viewAll=department&page=,£5.00,£5.00/each,£4.00 Clubcard Price,,/groceries/en-GB/products/312707908,https://digitalcontent.api.tesco.com/v2/media/ghs/12349f65-ee2c-47cd-8ddf-473bb24aee8f/693d53bd-5dbf-4fe9-9a6d-1a2d13a23e68_159227349.jpeg?h=225&w=225,
302418223,Stella Artois Bottle & Chalice Gift Pack,https://www.tesco.com/groceries/en-GB/shop/drinks/all?department=Alcohol%20Gift%20Sets&viewAll=department&page=,£5.00,£5.00/each,,,/groceries/en-GB/products/302418223,https://digitalcontent.api.tesco.com/v2/media/ghs/56b2b2ad-cd0b-4f67-8cc4-ae412cf9c886/f12e4822-9df4-4e9f-87d7-522608135ffe_1725584504.jpeg?h=225&w=225,
312361544,Canti Prosecco Rose 200Ml & Milk Prseco Truffles 38G,https://www.tesco.com/groceries/en-GB/shop/drinks/all?department=Alcohol%20Gift%20Sets&viewAll=department&page=,£5.50,£5.50/each,,,/groceries/en-GB/products/312361544,https://digitalcontent.api.tesco.com/v2/media/ghs/65daa1ff-2542-412d-a77f-d50041cf9c59/af190e03-b86e-4acb-8c4a-44f910e878a0_2007383034.jpeg?h=225&w=225,
312699916,Edingburgh Raspberry Gin Liqueur & Scented Candle Set,https://www.tesco.com/groceries/en-GB/shop/drinks/all?department=Alcohol%20Gift%20Sets&viewAll=department&page=,£6.00,£6.00/each,£4.00 Clubcard Price,,/groceries/en-GB/products/312699916,https://digitalcontent.api.tesco.com/v2/media/ghs/2a809213-7fc9-49e4-88bc-cb58207c1e15/ab7a908f-aa4d-4a35-b405-901b482122f6_806965540.jpeg?h=225&w=225,
312999452,I Heart Rose 187Ml & Truffles Cracker,https://www.tesco.com/groceries/en-GB/shop/drinks/all?department=Alcohol%20Gift%20Sets&viewAll=department&page=,£5.00,£5.00/each,£4.00 Clubcard Price,,/groceries/en-GB/products/312999452,https://digitalcontent.api.tesco.com/v2/media/ghs/c4a955de-17e4-4d3a-b1b6-b6a9c0f2ab09/f8d7c3cf-e33b-4bc9-a589-f37b4ffed0d2_1117429477.jpeg?h=225&w=225,
309455547,Pink Gin Trio Selection Gift Set 3 X 5Cl,https://www.tesco.com/groceries/en-GB/shop/drinks/all?department=Alcohol%20Gift%20Sets&viewAll=department&page=,£6.00,£40.00/litre,,,/groceries/en-GB/products/309455547,https://digitalcontent.api.tesco.com/v2/media/ghs/e35ba27b-e9df-4bc7-86a2-ba857d0d620e/b7d084be-4993-4613-ad25-82cb9182395a_1810036370.jpeg?h=225&w=225,
312566285,"Smirnoff Raspberry Crush, Mini Glass & Chocolates",https://www.tesco.com/groceries/en-GB/shop/drinks/all?department=Alcohol%20Gift%20Sets&viewAll=department&page=,£5.00,£5.00/each,,New,/groceries/en-GB/products/312566285,https://digitalcontent.api.tesco.com/v2/media/ghs/42cb65db-f5c9-457a-bf7b-a758de8d73ad/7a46fae1-5184-465b-aa90-0b3da20f024a_1715514805.jpeg?h=225&w=225,
311801118,Gin Liqueur Baubles 3 X 5Cl,https://www.tesco.com/groceries/en-GB/shop/drinks/all?department=Alcohol%20Gift%20Sets&viewAll=department&page=,£5.00,£33.34/litre,£4.00 Clubcard Price,,/groceries/en-GB/products/311801118,https://digitalcontent.api.tesco.com/v2/media/ghs/3e7da230-1fe7-433b-aacd-19720f8b4eb5/d95cfa71-5d35-4ff6-8aaf-cdc54259a552_348123845.jpeg?h=225&w=225,
312369213,Pink Gin 5Cl & Scented Candle Gift Set,https://www.tesco.com/groceries/en-GB/shop/drinks/all?department=Alcohol%20Gift%20Sets&viewAll=department&page=,£5.00,£5.00/each,,,/groceries/en-GB/products/312369213,https://digitalcontent.api.tesco.com/v2/media/ghs/1fb232bb-6953-4e64-a2ee-7396b1e1438a/96813991-2aac-43f2-a34e-850ad433af93_1764170166.jpeg?h=225&w=225,
312215799,"Gordon's Pink Gin 5Cl, Glass & Shimmer Gift Set",https://www.tesco.com/groceries/en-GB/shop/drinks/all?department=Alcohol%20Gift%20Sets&viewAll=department&page=,£8.00,£8.00/each,£6.00 Clubcard Price,,/groceries/en-GB/products/312215799,https://digitalcontent.api.tesco.com/v2/media/ghs/f64e0757-dac1-4a98-85a8-e2ead67ffd4a/8c83baf5-cc13-40d8-85af-501166767bae_696710995.jpeg?h=225&w=225,
309763279,Tipple & Treat Snowball & Chocolate Truffles Giftset,https://www.tesco.com/groceries/en-GB/shop/drinks/all?department=Alcohol%20Gift%20Sets&viewAll=department&page=,£3.00,£3.00/each,,,/groceries/en-GB/products/309763279,https://digitalcontent.api.tesco.com/v2/media/ghs/ba523b3f-6f9f-4182-a1a6-f52145600be9/28747d26-7d60-49e6-9019-b38d3e885cfe_1269675750.jpeg?h=225&w=225,
277991012,Marstons Golden Beers Mixed Ale Gift Pack 6X500ml,https://www.tesco.com/groceries/en-GB/shop/drinks/all?department=Alcohol%20Gift%20Sets&viewAll=department&page=,£9.00,£3.00/litre,£7.50 Clubcard Price,,/groceries/en-GB/products/277991012,https://digitalcontent.api.tesco.com/v2/media/ghs/2492cfc2-3713-4fa1-a397-072de4c54e60/f6b06eec-9424-4d12-a296-2fe8f1882551.jpeg?h=225&w=225,
285958162,Greene King Great British Ales 6X500ml,https://www.tesco.com/groceries/en-GB/shop/drinks/all?department=Alcohol%20Gift%20Sets&viewAll=department&page=,£9.00,£3.00/litre,£8.00 Clubcard Price,,/groceries/en-GB/products/285958162,https://digitalcontent.api.tesco.com/v2/media/ghs/58e73679-e67c-4cd2-81c9-7ced5405f304/57361598-9fe4-4224-8ee5-4a9f2cfad868.jpeg?h=225&w=225,
309749429,Christmas Ale Gift Tube 330Ml,https://www.tesco.com/groceries/en-GB/shop/drinks/all?department=Alcohol%20Gift%20Sets&viewAll=department&page=,£2.50,£7.58/litre,,,/groceries/en-GB/products/309749429,https://digitalcontent.api.tesco.com/v2/media/ghs/514466a6-5e15-40e9-976f-404810b3110b/866db51f-6a90-4d3d-87fc-0fa7331995a5_1900684028.jpeg?h=225&w=225,
312347781,Babycham 20Cl And Truffles Gift Set,https://www.tesco.com/groceries/en-GB/shop/drinks/all?department=Alcohol%20Gift%20Sets&viewAll=department&page=,£3.00,£3.00/each,,New,/groceries/en-GB/products/312347781,https://digitalcontent.api.tesco.com/v2/media/ghs/94ef980f-f527-4bdd-8665-c79881163ce8/8b61e825-2eb8-42a9-902c-9496c665f4fe_1820904481.jpeg?h=225&w=225,
312722481,Guinness 330Ml And Fudge,https://www.tesco.com/groceries/en-GB/shop/drinks/all?department=Alcohol%20Gift%20Sets&viewAll=department&page=,£4.00,£4.00/each,£3.00 Clubcard Price,,/groceries/en-GB/products/312722481,https://digitalcontent.api.tesco.com/v2/media/ghs/b5449cd8-eb91-4e2c-a711-c0834bf444d1/97cfa7a2-d62d-49f0-bad1-cc4ec59db659_491967610.jpeg?h=225&w=225,
267271315,Jack Daniel's Family 3X5cl Set,https://www.tesco.com/groceries/en-GB/shop/drinks/all?department=Alcohol%20Gift%20Sets&viewAll=department&page=,£12.00,£80.00/litre,£10.00 Clubcard Price,,/groceries/en-GB/products/267271315,https://digitalcontent.api.tesco.com/v2/media/ghs/1d4eac70-e356-4cb5-ad39-52fefc323a02/531f375b-d71b-4a0f-95ab-2383f6de1f4a_521373598.jpeg?h=225&w=225,
310137497,Distillers Select Pink Gin Selection Giftset 4X5cl,https://www.tesco.com/groceries/en-GB/shop/drinks/all?department=Alcohol%20Gift%20Sets&viewAll=department&page=,£12.00,£240.00/litre,,,/groceries/en-GB/products/310137497,https://digitalcontent.api.tesco.com/v2/media/ghs/22d342e6-f004-4e28-a1ba-73e3029a7c71/94c73c36-76ae-4780-8db7-b9a2a8c84beb_1148007763.jpeg?h=225&w=225,
304409778,Grey Goose La Collection 4X5cl,https://www.tesco.com/groceries/en-GB/shop/drinks/all?department=Alcohol%20Gift%20Sets&viewAll=department&page=,£15.75,£78.75/litre,,,/groceries/en-GB/products/304409778,https://digitalcontent.api.tesco.com/v2/media/ghs/c28e51bd-cf3c-4e5e-8de4-6c0201937a5e/5760ba78-63e7-42b7-b5c2-e031a86379b1_2044164279.jpeg?h=225&w=225,
310157628,Bottega For Two Giftset,https://www.tesco.com/groceries/en-GB/shop/drinks/all?department=Alcohol%20Gift%20Sets&viewAll=department&page=,£16.00,£16.00/each,,,/groceries/en-GB/products/310157628,https://digitalcontent.api.tesco.com/v2/media/ghs/a9755871-dd5e-4dcd-9a9d-f2e1590e574c/43241df1-bb58-4e7e-9eb9-395c8dda4057_1401142561.jpeg?h=225&w=225,
310675084,Distillers Select Flavoured Gin Tasting Select Pack 4X5cl,https://www.tesco.com/groceries/en-GB/shop/drinks/all?department=Alcohol%20Gift%20Sets&viewAll=department&page=,£12.00,£240.00/litre,,,/groceries/en-GB/products/310675084,https://digitalcontent.api.tesco.com/v2/media/ghs/5974cde9-2660-4e5f-a3ec-9e93f5fd2765/e57dcff7-4b44-4f55-9039-2f42313bc574_105407847.jpeg?h=225&w=225,
302134541,Ciroc Vodka 20Cl & 2 Glasses Gift Pack,https://www.tesco.com/groceries/en-GB/shop/drinks/all?department=Alcohol%20Gift%20Sets&viewAll=department&page=,£15.75,£15.75/each,,,/groceries/en-GB/products/302134541,https://digitalcontent.api.tesco.com/v2/media/ghs/6f92e020-5902-4bbd-bf79-374b3c5c0232/snapshotimagehandler_150494631.jpeg?h=225&w=225,
312222715,Freixenet Celebration Set 2 Glasses 2X20cl,https://www.tesco.com/groceries/en-GB/shop/drinks/all?department=Alcohol%20Gift%20Sets&viewAll=department&page=,£14.00,£14.00/each,,,/groceries/en-GB/products/312222715,https://digitalcontent.api.tesco.com/v2/media/ghs/3d4a1743-905c-4e37-92eb-d073e52f35a8/snapshotimagehandler_1634864953.jpeg?h=225&w=225,
312234413,Tanqueray Gin 50Ml & Tonic Water 200Ml Gift Set,https://www.tesco.com/groceries/en-GB/shop/drinks/all?department=Alcohol%20Gift%20Sets&viewAll=department&page=,£15.00,£15.00/each,,,/groceries/en-GB/products/312234413,https://digitalcontent.api.tesco.com/v2/media/ghs/ed997478-834e-42bf-a3a8-ee06c52990a4/047784f3-aa65-4c6c-9ae1-5d9b3196bbb3_1867424768.jpeg?h=225&w=225,
312719508,Tanqueray Gin 4 Tree Hangers,https://www.tesco.com/groceries/en-GB/shop/drinks/all?department=Alcohol%20Gift%20Sets&viewAll=department&page=,£15.00,£15.00/each,£13.00 Clubcard Price,,/groceries/en-GB/products/312719508,https://digitalcontent.api.tesco.com/v2/media/ghs/b2f6c63d-ca61-418b-bf0e-c2cc78ff7615/8ed0b4d0-824c-490f-99ad-4321e18d1351_1966350365.jpeg?h=225&w=225,
309487146,Fever Tree Ultimate Gin & Tonic Selection,https://www.tesco.com/groceries/en-GB/shop/drinks/all?department=Alcohol%20Gift%20Sets&viewAll=department&page=,£14.00,£14.00/each,,,/groceries/en-GB/products/309487146,https://digitalcontent.api.tesco.com/v2/media/ghs/ab7be605-fbf3-49d8-9fed-5b427411ffde/c234e191-6ae4-4c52-a5e8-39602d3481c6_1547068099.jpeg?h=225&w=225,
312566665,Tanqueray Gin Cocktail Shaker Jigger & Spoon,https://www.tesco.com/groceries/en-GB/shop/drinks/all?department=Alcohol%20Gift%20Sets&viewAll=department&page=,£14.00,£14.00/each,£12.00 Clubcard Price,,/groceries/en-GB/products/312566665,https://digitalcontent.api.tesco.com/v2/media/ghs/1763e4e5-89ae-486c-9150-8607273d4454/95592872-01ba-4368-b1df-fc5debd44fd2_449210344.jpeg?h=225&w=225,
309749809,Baileys Cracker Selection 4 Pack,https://www.tesco.com/groceries/en-GB/shop/drinks/all?department=Alcohol%20Gift%20Sets&viewAll=department&page=,£12.00,£3.00/each,£10.00 Clubcard Price,,/groceries/en-GB/products/309749809,https://digitalcontent.api.tesco.com/v2/media/ghs/45b45da9-d382-44cb-8e40-d1a347d98e40/683920f5-7689-403e-8f41-a619490e18de_463829689.jpeg?h=225&w=225,
307156759,Absolut Vodka Trio & Glasses Gift Set,https://www.tesco.com/groceries/en-GB/shop/drinks/all?department=Alcohol%20Gift%20Sets&viewAll=department&page=,£12.00,£12.00/each,£10.00 Clubcard Price,,/groceries/en-GB/products/307156759,https://digitalcontent.api.tesco.com/v2/media/ghs/de28fd62-1c69-4c1c-b93a-ba8ee8eedac8/309ed7bf-90c1-4b00-a8a3-a3e69de92a4c_999481793.jpeg?h=225&w=225,
293787432,Malibu Pina Colada Kit,https://www.tesco.com/groceries/en-GB/shop/drinks/all?department=Alcohol%20Gift%20Sets&viewAll=department&page=,£9.00,£9.00/each,,,/groceries/en-GB/products/293787432,https://digitalcontent.api.tesco.com/v2/media/ghs/63990164-9dbf-4bdc-b0d9-c344ff142936/snapshotimagehandler_28155462.jpeg?h=225&w=225,
309755169,Edinburgh Gin Cracker Selection 4 Pack,https://www.tesco.com/groceries/en-GB/shop/drinks/all?department=Alcohol%20Gift%20Sets&viewAll=department&page=,£12.00,£60.00/litre,£10.00 Clubcard Price,,/groceries/en-GB/products/309755169,https://digitalcontent.api.tesco.com/v2/media/ghs/ea0dc050-e031-44cf-b696-8e90127ee32d/c28877e7-d987-476f-bbd6-8ee4c7719d18_1391011311.jpeg?h=225&w=225,
312575280,Craft Beer Trio 330Ml & Glass 38Cl Gift Set,https://www.tesco.com/groceries/en-GB/shop/drinks/all?department=Alcohol%20Gift%20Sets&viewAll=department&page=,£10.00,£10.00/each,,,/groceries/en-GB/products/312575280,https://digitalcontent.api.tesco.com/v2/media/ghs/17bd777d-de3c-4288-adcb-0ae73afc9b23/a0858546-fb17-46cf-8b24-72d7d92542ad_1647298276.jpeg?h=225&w=225,
306932696,Whitley Neill Flavoured Gin Gift Pack 3 X 5Cl,https://www.tesco.com/groceries/en-GB/shop/drinks/all?department=Alcohol%20Gift%20Sets&viewAll=department&page=,£10.50,£70.00/litre,,,/groceries/en-GB/products/306932696,https://digitalcontent.api.tesco.com/v2/media/ghs/2619adac-3379-454d-943f-511a6eec834c/7c5ecc58-c9d0-468e-b194-5938e4f178c0_2081736944.jpeg?h=225&w=225,
312849089,Johnnie Walker Perfect Serve Gift Set,https://www.tesco.com/groceries/en-GB/shop/drinks/all?department=Alcohol%20Gift%20Sets&viewAll=department&page=,£8.00,£8.00/each,£6.00 Clubcard Price,,/groceries/en-GB/products/312849089,https://digitalcontent.api.tesco.com/v2/media/ghs/b1cdea4f-5f9e-43b6-938e-c4a4244c3e9f/15a08d1d-9729-4b83-b5c5-a428b181b9e3_1843641697.jpeg?h=225&w=225,
304793563,Jack Daniels 3X5cl & Tumbler Gift Set,https://www.tesco.com/groceries/en-GB/shop/drinks/all?department=Alcohol%20Gift%20Sets&viewAll=department&page=,£12.00,£12.00/each,,,/groceries/en-GB/products/304793563,https://digitalcontent.api.tesco.com/v2/media/ghs/e7ff8712-36be-46a7-864f-08cf2f1591d3/78271189-b04b-42ec-855d-9b7aa33c44a5_1879179536.jpeg?h=225&w=225,
312565902,Drinks By The Dram Whisky Dram Tasting Set 3 X 30Ml,https://www.tesco.com/groceries/en-GB/shop/drinks/all?department=Alcohol%20Gift%20Sets&viewAll=department&page=,£9.00,£100.00/litre,,New,/groceries/en-GB/products/312565902,https://digitalcontent.api.tesco.com/v2/media/ghs/77833ece-942b-4fbc-a0eb-bbddc8e051e5/c31e04df-0ebe-4c8b-bdaa-dfd2adb6a078_557667907.jpeg?h=225&w=225,
312707730,Jose Cuervo 2X 5Cl & 2 Shot Glass Set,https://www.tesco.com/groceries/en-GB/shop/drinks/all?department=Alcohol%20Gift%20Sets&viewAll=department&page=,£8.00,£8.00/each,£6.00 Clubcard Price,,/groceries/en-GB/products/312707730,https://digitalcontent.api.tesco.com/v2/media/ghs/6349123c-af4a-48bf-9134-93aefb0341db/5df8aea7-162d-4bc7-aac0-6ade00d37269_1057986672.jpeg?h=225&w=225,
309776017,Jameson Whisky Experience Gift Set,https://www.tesco.com/groceries/en-GB/shop/drinks/all?department=Alcohol%20Gift%20Sets&viewAll=department&page=,£12.00,£12.00/each,£10.00 Clubcard Price,,/groceries/en-GB/products/309776017,https://digitalcontent.api.tesco.com/v2/media/ghs/87cd6c31-d15c-491e-974f-944b634c01c3/4e873d49-9392-420d-8fac-d30a2a50da7e_28857442.jpeg?h=225&w=225,
309778770,Wine & Glass Gift Set,https://www.tesco.com/groceries/en-GB/shop/drinks/all?department=Alcohol%20Gift%20Sets&viewAll=department&page=,£6.00,£6.00/each,£5.00 Clubcard Price,,/groceries/en-GB/products/309778770,https://digitalcontent.api.tesco.com/v2/media/ghs/e3c69ca7-dda2-4b00-acfe-e2ceabf91cb4/f3da66d8-2cce-4502-8119-8a30a4e267cd_70779101.jpeg?h=225&w=225,
309783400,Gourmet Cocktails Gin Mixers 4X70ml,https://www.tesco.com/groceries/en-GB/shop/drinks/all?department=Alcohol%20Gift%20Sets&viewAll=department&page=,£4.50,£16.08/litre,£3.00 Clubcard Price,,/groceries/en-GB/products/309783400,https://digitalcontent.api.tesco.com/v2/media/ghs/a5348abe-c15f-4fdb-9cdb-004e5bdff632/7c2407db-dfa3-4e23-a700-b53d16f7d737_1234315106.jpeg?h=225&w=225,
296736045,Jack Daniels Tumbler Gift Set,https://www.tesco.com/groceries/en-GB/shop/drinks/all?department=Alcohol%20Gift%20Sets&viewAll=department&page=,£6.00,£6.00/each,£5.00 Clubcard Price,,/groceries/en-GB/products/296736045,https://digitalcontent.api.tesco.com/v2/media/ghs/6ae2f520-3b55-4172-8131-4a8ef6f5ef2d/6322f919-8cc7-4ea3-9827-5eb51d95fd50_1961825305.jpeg?h=225&w=225,
302419222,Gordon's Pink Gin & Glasses Gift Set,https://www.tesco.com/groceries/en-GB/shop/drinks/all?department=Alcohol%20Gift%20Sets&viewAll=department&page=,£12.00,£12.00/each,£10.00 Clubcard Price,,/groceries/en-GB/products/302419222,https://digitalcontent.api.tesco.com/v2/media/ghs/26a61bd6-88a9-4ae7-8561-bbdf320eeb21/3e3974be-1286-4e57-8752-46355bbc0fc8_1313229152.jpeg?h=225&w=225,
258444966,Babycham Sparkling Perry 4 X 200Ml,https://www.tesco.com/groceries/en-GB/shop/drinks/all?department=Ready%20To%20Drink%20Wine%20%26%20Spirits&viewAll=department&page=,£3.00,£2.82/75cl,,,/groceries/en-GB/products/258444966,https://digitalcontent.api.tesco.com/v2/media/ghs/884f6ab2-ff41-4d3f-b932-52946b87d648/c9e90de1-e07e-481c-af8e-a7a696951d2c_563549924.jpeg?h=225&w=225,
285300825,Yellow Tail Shiraz 18.7Cl,https://www.tesco.com/groceries/en-GB/shop/drinks/all?department=Ready%20To%20Drink%20Wine%20%26%20Spirits&viewAll=department&page=,£2.50,£10.03/75cl,Any 4 for 3 Clubcard Price - Cheapest Product Free - Selected Premix Cans 125ml - 440ml,,/groceries/en-GB/products/285300825,https://digitalcontent.api.tesco.com/v2/media/ghs/61ad21e2-44b9-4110-8a12-df416b42576d/2de978e3-788b-4b12-b757-b54a3742feca.jpeg?h=225&w=225,
285299852,Yellow Tail Pinot Grigio 18.7Cl,https://www.tesco.com/groceries/en-GB/shop/drinks/all?department=Ready%20To%20Drink%20Wine%20%26%20Spirits&viewAll=department&page=,£2.50,£10.03/75cl,Any 4 for 3 Clubcard Price - Cheapest Product Free - Selected Premix Cans 125ml - 440ml,,/groceries/en-GB/products/285299852,https://digitalcontent.api.tesco.com/v2/media/ghs/d6fe6c83-2ba6-4aa3-8af3-c6ac210ee240/7e941434-e79b-4820-9ca2-c5564438ad0b.jpeg?h=225&w=225,
280136273,Campo Viejo Tempranillo Rioja 187Ml,https://www.tesco.com/groceries/en-GB/shop/drinks/all?department=Ready%20To%20Drink%20Wine%20%26%20Spirits&viewAll=department&page=,£2.50,£10.03/75cl,Any 4 for 3 Clubcard Price - Cheapest Product Free - Selected Premix Cans 125ml - 440ml,,/groceries/en-GB/products/280136273,https://digitalcontent.api.tesco.com/v2/media/ghs/0ffd4063-5570-4a52-b445-8da4c5dc4420/4c29793d-df62-4b90-a7a0-f6f308cc9788.jpeg?h=225&w=225,
278654860,Malibu Coconut Rum & Pineapple 250Ml Can,https://www.tesco.com/groceries/en-GB/shop/drinks/all?department=Ready%20To%20Drink%20Wine%20%26%20Spirits&viewAll=department&page=,£2.00,£8.00/litre,Any 4 for 3 Clubcard Price - Cheapest Product Free - Selected Premix Cans 125ml - 440ml,,/groceries/en-GB/products/278654860,https://digitalcontent.api.tesco.com/v2/media/ghs/d6c969c1-b074-40e5-a921-b419610a1cf8/4cc70570-3b8d-484f-9a9f-7180d3a741d3_1691654928.jpeg?h=225&w=225,
299313980,Malibu Pina Colada 25Cl,https://www.tesco.com/groceries/en-GB/shop/drinks/all?department=Ready%20To%20Drink%20Wine%20%26%20Spirits&viewAll=department&page=,£2.00,£8.00/litre,Any 4 for 3 Clubcard Price - Cheapest Product Free - Selected Premix Cans 125ml - 440ml,,/groceries/en-GB/products/299313980,https://digitalcontent.api.tesco.com/v2/media/ghs/afb91ca9-fdc7-475c-ab6e-e01ebbe0cf10/81ecb04d-fa8d-40f5-926a-ae42d76fb268_512844620.jpeg?h=225&w=225,
312582530,Moth Pina Colada 200Ml,https://www.tesco.com/groceries/en-GB/shop/drinks/all?department=Ready%20To%20Drink%20Wine%20%26%20Spirits&viewAll=department&page=,£3.90,£19.50/litre,Any 4 for 3 Clubcard Price - Cheapest Product Free - Selected Premix Cans 125ml - 440ml,,/groceries/en-GB/products/312582530,https://digitalcontent.api.tesco.com/v2/media/ghs/6fc60bdb-bf13-4041-a869-9c664e25ef5e/bd2f5cdb-7b1a-4f0a-899b-e69c4d6bc689_796556870.jpeg?h=225&w=225,
252400734,Wkd Blue 4% 700Ml,https://www.tesco.com/groceries/en-GB/shop/drinks/all?department=Ready%20To%20Drink%20Wine%20%26%20Spirits&viewAll=department&page=,£3.00,£4.29/litre,,,/groceries/en-GB/products/252400734,https://digitalcontent.api.tesco.com/v2/media/ghs/66bf7a76-3de9-492e-8fb3-2ca1815d1966/ce9725be-cd67-453f-bc9a-9cda52c8dfde.jpeg?h=225&w=225,
268436575,Blossom Hill Soft & Fruity 18.7Cl,https://www.tesco.com/groceries/en-GB/shop/drinks/all?department=Ready%20To%20Drink%20Wine%20%26%20Spirits&viewAll=department&page=,£2.00,£8.03/75cl,Any 4 for 3 Clubcard Price - Cheapest Product Free - Selected Premix Cans 125ml - 440ml,,/groceries/en-GB/products/268436575,https://digitalcontent.api.tesco.com/v2/media/ghs/a1d80d52-9941-43e6-b40a-32a75041e8bd/b67264a1-a21f-4a8a-8685-1a4f585749d9_472203536.jpeg?h=225&w=225,
251820820,Blossom Hill Crisp & Fruity White 187Ml,https://www.tesco.com/groceries/en-GB/shop/drinks/all?department=Ready%20To%20Drink%20Wine%20%26%20Spirits&viewAll=department&page=,£2.00,£8.03/75cl,Any 4 for 3 Clubcard Price - Cheapest Product Free - Selected Premix Cans 125ml - 440ml,,/groceries/en-GB/products/251820820,https://digitalcontent.api.tesco.com/v2/media/ghs/71beee2c-875c-4e95-a674-da59042819f4/7b4ef45b-7bca-413b-9c16-3633b8f0d548_1457150687.jpeg?h=225&w=225,
255404798,Smirnoff Ice 70Cl,https://www.tesco.com/groceries/en-GB/shop/drinks/all?department=Ready%20To%20Drink%20Wine%20%26%20Spirits&viewAll=department&page=,£3.00,£4.29/litre,,,/groceries/en-GB/products/255404798,https://digitalcontent.api.tesco.com/v2/media/ghs/1502d04f-f55e-4aa7-be5b-e8ea5035f1e9/82ab0454-18e3-4cc9-bc36-209ced0aae1e_226910281.jpeg?h=225&w=225,
312700167,Au Vodka Blue Raspberry 330Ml,https://www.tesco.com/groceries/en-GB/shop/drinks/all?department=Ready%20To%20Drink%20Wine%20%26%20Spirits&viewAll=department&page=,£3.00,£9.10/litre,Any 4 for 3 Clubcard Price - Cheapest Product Free - Selected Premix Cans 125ml - 440ml,,/groceries/en-GB/products/312700167,https://digitalcontent.api.tesco.com/v2/media/ghs/58edff7a-e5dc-4473-a415-1f63bd08f1df/75c2f6ad-458c-489b-b695-1dc7a760db8c_1139610707.jpeg?h=225&w=225,
312103511,Gordon's Pink Martini Cocktail 250Ml,https://www.tesco.com/groceries/en-GB/shop/drinks/all?department=Ready%20To%20Drink%20Wine%20%26%20Spirits&viewAll=department&page=,£2.40,£9.60/litre,Any 4 for 3 Clubcard Price - Cheapest Product Free - Selected Premix Cans 125ml - 440ml,,/groceries/en-GB/products/312103511,https://digitalcontent.api.tesco.com/v2/media/ghs/2fecfdc5-0164-4b98-b609-e90695e10a95/5eaf3c0d-eef5-42fd-85a8-342da98e1bb5_817272293.jpeg?h=225&w=225,
312997108,Au Vodka Black Grape 330Ml,https://www.tesco.com/groceries/en-GB/shop/drinks/all?department=Ready%20To%20Drink%20Wine%20%26%20Spirits&viewAll=department&page=,£3.00,£9.10/litre,Any 4 for 3 Clubcard Price - Cheapest Product Free - Selected Premix Cans 125ml - 440ml,,/groceries/en-GB/products/312997108,https://digitalcontent.api.tesco.com/v2/media/ghs/d5b53692-c044-454e-ac5c-8e409063dea9/cb461aa9-64e2-4b6a-b9c1-3d7161485d17_223742932.jpeg?h=225&w=225,
312084463,Smirnoff Passionfruit Martini Cocktail 250Ml,https://www.tesco.com/groceries/en-GB/shop/drinks/all?department=Ready%20To%20Drink%20Wine%20%26%20Spirits&viewAll=department&page=,£2.40,£9.60/litre,Any 4 for 3 Clubcard Price - Cheapest Product Free - Selected Premix Cans 125ml - 440ml,,/groceries/en-GB/products/312084463,https://digitalcontent.api.tesco.com/v2/media/ghs/8acf18f5-dd79-4112-a6c6-9bcbb582c754/2332cb4f-9a86-4fcf-94ca-7eece7c58c6f_242665998.jpeg?h=225&w=225,
297510276,Tesco Dry Gin & Low Calorie Tonic 4X250ml,https://www.tesco.com/groceries/en-GB/shop/drinks/all?department=Ready%20To%20Drink%20Wine%20%26%20Spirits&viewAll=department&page=,£4.00,£4.00/litre,,,/groceries/en-GB/products/297510276,https://digitalcontent.api.tesco.com/v2/media/ghs/121bbf03-0c27-44cc-99f4-aa2cce2524f7/febb71b1-b0f4-4155-8289-0222aaf4fd2c_1919398456.jpeg?h=225&w=225,
295163142,Wolf Blass Yellow Label Cabernet Sauvignon 187Ml,https://www.tesco.com/groceries/en-GB/shop/drinks/all?department=Ready%20To%20Drink%20Wine%20%26%20Spirits&viewAll=department&page=,£2.75,£11.03/75cl,Any 4 for 3 Clubcard Price - Cheapest Product Free - Selected Premix Cans 125ml - 440ml,,/groceries/en-GB/products/295163142,https://digitalcontent.api.tesco.com/v2/media/ghs/bc7b624b-2dd9-4882-afe1-24f2ce292dc9/eb750148-bb76-438b-a5c5-23b068a4036a.jpeg?h=225&w=225,
312989366,Dead Man's Fingers Spiced Rum & Cola 330Ml,https://www.tesco.com/groceries/en-GB/shop/drinks/all?department=Ready%20To%20Drink%20Wine%20%26%20Spirits&viewAll=department&page=,£2.00,£6.07/litre,Any 4 for 3 Clubcard Price - Cheapest Product Free - Selected Premix Cans 125ml - 440ml,,/groceries/en-GB/products/312989366,https://digitalcontent.api.tesco.com/v2/media/ghs/44d9b5cc-4019-4224-9786-67a8ade01ff2/6a3003ce-1801-4c1b-afa2-f2e9799752fb_1400480275.jpeg?h=225&w=225,
254467761,Wolf Blass Yellow Label Chardonnay 187Ml,https://www.tesco.com/groceries/en-GB/shop/drinks/all?department=Ready%20To%20Drink%20Wine%20%26%20Spirits&viewAll=department&page=,£2.75,£11.03/75cl,Any 4 for 3 Clubcard Price - Cheapest Product Free - Selected Premix Cans 125ml - 440ml,,/groceries/en-GB/products/254467761,https://digitalcontent.api.tesco.com/v2/media/ghs/eed0a9da-6adb-4c91-9c31-cabc5caf72b4/290941b2-9c07-417f-bd27-c04661398bfa.jpeg?h=225&w=225,
290012750,Barefoot Merlot 187Ml,https://www.tesco.com/groceries/en-GB/shop/drinks/all?department=Ready%20To%20Drink%20Wine%20%26%20Spirits&viewAll=department&page=,£2.10,£8.43/75cl,Any 4 for 3 Clubcard Price - Cheapest Product Free - Selected Premix Cans 125ml - 440ml,,/groceries/en-GB/products/290012750,https://digitalcontent.api.tesco.com/v2/media/ghs/61fe38b6-eb93-43bd-8907-d689573dcadf/334ebeda-120d-4622-8db4-34287fb45957.jpeg?h=225&w=225,
299964841,Edinburgh Gin Rhubarb Gin & Ginger Ale 250Ml,https://www.tesco.com/groceries/en-GB/shop/drinks/all?department=Ready%20To%20Drink%20Wine%20%26%20Spirits&viewAll=department&page=,£2.00,£8.00/litre,Any 4 for 3 Clubcard Price - Cheapest Product Free - Selected Premix Cans 125ml - 440ml,,/groceries/en-GB/products/299964841,https://digitalcontent.api.tesco.com/v2/media/ghs/a1c15916-0591-4adb-8462-3fb970624d6d/213f3d81-8150-4c64-b18d-e7745d5db0f3_1256619743.jpeg?h=225&w=225,
309476021,Most Wanted Sauvignon Blanc 250Ml,https://www.tesco.com/groceries/en-GB/shop/drinks/all?department=Ready%20To%20Drink%20Wine%20%26%20Spirits&viewAll=department&page=,£2.50,£7.50/75cl,Any 4 for 3 Clubcard Price - Cheapest Product Free - Selected Premix Cans 125ml - 440ml,,/groceries/en-GB/products/309476021,https://digitalcontent.api.tesco.com/v2/media/ghs/8c701bcc-e6e3-481a-86f5-756f8e87f43e/d2d2d6e3-df22-417c-8c48-77102867c829_1601929283.jpeg?h=225&w=225,
264608661,J P Chenet Merlot 18.7Cl,https://www.tesco.com/groceries/en-GB/shop/drinks/all?department=Ready%20To%20Drink%20Wine%20%26%20Spirits&viewAll=department&page=,£2.10,£8.43/75cl,Any 4 for 3 Clubcard Price - Cheapest Product Free - Selected Premix Cans 125ml - 440ml,,/groceries/en-GB/products/264608661,https://digitalcontent.api.tesco.com/v2/media/ghs/eb991cfe-8d99-4126-b3f4-19abcbe1e1e9/9607b4e5-4176-4200-ab2b-eca6630c10b3.jpeg?h=225&w=225,
264089830,Pimm's Ready To Drink 250Ml Can,https://www.tesco.com/groceries/en-GB/shop/drinks/all?department=Ready%20To%20Drink%20Wine%20%26%20Spirits&viewAll=department&page=,£2.25,£9.00/litre,Any 4 for 3 Clubcard Price - Cheapest Product Free - Selected Premix Cans 125ml - 440ml,,/groceries/en-GB/products/264089830,https://digitalcontent.api.tesco.com/v2/media/ghs/ff70ebe6-719b-4eb2-a7a0-c6932e50cf47/a0e80ada-1f62-4bb8-9b90-2e3b6316d872_325786756.jpeg?h=225&w=225,
312230072,Miami Cocktail Co. Organic Bellini Spritz 250Ml,https://www.tesco.com/groceries/en-GB/shop/drinks/all?department=Ready%20To%20Drink%20Wine%20%26%20Spirits&viewAll=department&page=,£2.25,£6.75/75cl,Any 4 for 3 Clubcard Price - Cheapest Product Free - Selected Premix Cans 125ml - 440ml,,/groceries/en-GB/products/312230072,https://digitalcontent.api.tesco.com/v2/media/ghs/14384f9c-d6e2-4f8a-a49a-a51aab54e182/caeca4d3-e88e-49f4-9e17-be585beba8ba_336452900.jpeg?h=225&w=225,
303720456,House Of Cocktails Mojito 250Ml,https://www.tesco.com/groceries/en-GB/shop/drinks/all?department=Ready%20To%20Drink%20Wine%20%26%20Spirits&viewAll=department&page=,£0.85,£3.40/litre,Aldi Price Match,,/groceries/en-GB/products/303720456,https://digitalcontent.api.tesco.com/v2/media/ghs/df8d4702-d7b4-4e2f-ad0b-c839f8a3014e/snapshotimagehandler_2096167832.jpeg?h=225&w=225,
312352768,Miami Cocktail Co. Organic Margarita Spritz 250Ml,https://www.tesco.com/groceries/en-GB/shop/drinks/all?department=Ready%20To%20Drink%20Wine%20%26%20Spirits&viewAll=department&page=,£2.25,£6.75/75cl,Any 4 for 3 Clubcard Price - Cheapest Product Free - Selected Premix Cans 125ml - 440ml,,/groceries/en-GB/products/312352768,https://digitalcontent.api.tesco.com/v2/media/ghs/57a187c5-f815-4871-baa7-53cf28dd6e06/3f6e2530-5af1-472a-87db-dc5148ebd0b9_1578652777.jpeg?h=225&w=225,
304413254,Funkin Nitro Passion Fruit Martini 200Ml,https://www.tesco.com/groceries/en-GB/shop/drinks/all?department=Ready%20To%20Drink%20Wine%20%26%20Spirits&viewAll=department&page=,£2.10,£10.50/litre,Any 4 for 3 Clubcard Price - Cheapest Product Free - Selected Premix Cans 125ml - 440ml,,/groceries/en-GB/products/304413254,https://digitalcontent.api.tesco.com/v2/media/ghs/8ba6405b-b972-4bf4-850e-8fedacabfae9/7fc79966-b186-4703-86cd-0cf07328571a_715157049.jpeg?h=225&w=225,
264608678,J P Chenet Sauvignon Blanc 18.7Cl,https://www.tesco.com/groceries/en-GB/shop/drinks/all?department=Ready%20To%20Drink%20Wine%20%26%20Spirits&viewAll=department&page=,£2.10,£8.43/75cl,Any 4 for 3 Clubcard Price - Cheapest Product Free - Selected Premix Cans 125ml - 440ml,,/groceries/en-GB/products/264608678,https://digitalcontent.api.tesco.com/v2/media/ghs/4f712f7b-d66a-4228-8543-c524522c9fca/724db90c-e05e-48f2-9f10-ea1dae919372.jpeg?h=225&w=225,
305963319,Funkin Nitro Pina Colada Cocktail 200Ml,https://www.tesco.com/groceries/en-GB/shop/drinks/all?department=Ready%20To%20Drink%20Wine%20%26%20Spirits&viewAll=department&page=,£2.10,£10.50/litre,Any 4 for 3 Clubcard Price - Cheapest Product Free - Selected Premix Cans 125ml - 440ml,,/groceries/en-GB/products/305963319,https://digitalcontent.api.tesco.com/v2/media/ghs/cf4ad2c5-1dff-4e8f-9583-da47acf0b78b/437b11eb-1b56-4940-8f23-bd2edd585b42_1271033188.jpeg?h=225&w=225,
311225875,Smirnoff Raspberry Crush Flavoured Vodka & Lemonade 250Ml,https://www.tesco.com/groceries/en-GB/shop/drinks/all?department=Ready%20To%20Drink%20Wine%20%26%20Spirits&viewAll=department&page=,£2.00,£8.00/litre,Any 4 for 3 Clubcard Price - Cheapest Product Free - Selected Premix Cans 125ml - 440ml,,/groceries/en-GB/products/311225875,https://digitalcontent.api.tesco.com/v2/media/ghs/a7df36a8-6bad-445b-974e-c81a325acec5/7421e6b7-583c-4418-b1a3-4c93543ea650_23335790.jpeg?h=225&w=225,
285490057,Gordon's Gin &Tonic 250Ml Can,https://www.tesco.com/groceries/en-GB/shop/drinks/all?department=Ready%20To%20Drink%20Wine%20%26%20Spirits&viewAll=department&page=,£2.25,£9.00/litre,Any 4 for 3 Clubcard Price - Cheapest Product Free - Selected Premix Cans 125ml - 440ml,,/groceries/en-GB/products/285490057,https://digitalcontent.api.tesco.com/v2/media/ghs/b41c7892-52dd-452d-9092-88e2ee44b884/54d2976b-0284-4dce-b2f3-02906abfd087_335805669.jpeg?h=225&w=225,
309454306,Tanqueray Flor De Sevilla Orange Gin & Tonic 250Ml,https://www.tesco.com/groceries/en-GB/shop/drinks/all?department=Ready%20To%20Drink%20Wine%20%26%20Spirits&viewAll=department&page=,£2.50,£10.00/litre,Any 4 for 3 Clubcard Price - Cheapest Product Free - Selected Premix Cans 125ml - 440ml,,/groceries/en-GB/products/309454306,https://digitalcontent.api.tesco.com/v2/media/ghs/4ff798ef-a042-4093-b719-28d06a00b1c3/3d8c0efb-59aa-4801-aa48-61cda15ec69c_995302926.jpeg?h=225&w=225,
299313944,Gordon's Pink Gin & Tonic Premix 250Ml,https://www.tesco.com/groceries/en-GB/shop/drinks/all?department=Ready%20To%20Drink%20Wine%20%26%20Spirits&viewAll=department&page=,£2.25,£9.00/litre,Any 4 for 3 Clubcard Price - Cheapest Product Free - Selected Premix Cans 125ml - 440ml,,/groceries/en-GB/products/299313944,https://digitalcontent.api.tesco.com/v2/media/ghs/21d59785-8cfc-41af-8288-8b0b1bb4f831/1cfe72f1-e159-44db-a304-0adfa581db84_1614182915.jpeg?h=225&w=225,
293735707,Jameson Whiskey Ginger Ale & Lime 250Ml,https://www.tesco.com/groceries/en-GB/shop/drinks/all?department=Ready%20To%20Drink%20Wine%20%26%20Spirits&viewAll=department&page=,£2.00,£8.00/litre,Any 4 for 3 Clubcard Price - Cheapest Product Free - Selected Premix Cans 125ml - 440ml,,/groceries/en-GB/products/293735707,https://digitalcontent.api.tesco.com/v2/media/ghs/b9f2ca48-8960-421e-8684-7a3e02fa277e/1a554a45-9d73-487e-bcde-f7f2f448764f_1153648938.jpeg?h=225&w=225,
305951323,Hardys Crest Cabernet Shiraz Merlot 187Ml,https://www.tesco.com/groceries/en-GB/shop/drinks/all?department=Ready%20To%20Drink%20Wine%20%26%20Spirits&viewAll=department&page=,£2.10,£8.43/75cl,Any 4 for 3 Clubcard Price - Cheapest Product Free - Selected Premix Cans 125ml - 440ml,,/groceries/en-GB/products/305951323,https://digitalcontent.api.tesco.com/v2/media/ghs/b7a3f0b5-3a57-4d6c-93ae-82d8c7e71baf/84ea3c07-0773-4f3e-ac80-5ae684f56dbc.jpeg?h=225&w=225,
312836231,Gordon's Premium Pink Gin & Lemonade 250Ml,https://www.tesco.com/groceries/en-GB/shop/drinks/all?department=Ready%20To%20Drink%20Wine%20%26%20Spirits&viewAll=department&page=,£2.00,£8.00/litre,Any 4 for 3 Clubcard Price - Cheapest Product Free - Selected Premix Cans 125ml - 440ml,,/groceries/en-GB/products/312836231,https://digitalcontent.api.tesco.com/v2/media/ghs/8f9f88c6-411e-48bd-af1b-591c519af3dc/e80e9fe6-2a0f-489b-b147-3e06b6d54695_869678012.jpeg?h=225&w=225,
280318657,Jack Daniel's & Cola 330Ml,https://www.tesco.com/groceries/en-GB/shop/drinks/all?department=Ready%20To%20Drink%20Wine%20%26%20Spirits&viewAll=department&page=,£2.10,£6.37/litre,Any 4 for 3 Clubcard Price - Cheapest Product Free - Selected Premix Cans 125ml - 440ml,,/groceries/en-GB/products/280318657,https://digitalcontent.api.tesco.com/v2/media/ghs/8d4a7372-4424-4213-82a8-3d3af324e068/fe88c718-7676-46fc-b377-3763a8ab327d_249440780.jpeg?h=225&w=225,
285173859,Tesco Gin & Tonic 250Ml,https://www.tesco.com/groceries/en-GB/shop/drinks/all?department=Ready%20To%20Drink%20Wine%20%26%20Spirits&viewAll=department&page=,£1.25,£5.00/litre,,,/groceries/en-GB/products/285173859,https://digitalcontent.api.tesco.com/v2/media/ghs/98e0ab1f-d9dc-4405-8006-0824c68b3237/25f8ad33-8023-43f7-9bfb-705ad284c9c3_832221956.jpeg?h=225&w=225,
285141379,Tesco Gin & Low Calorie Tonic 250Ml,https://www.tesco.com/groceries/en-GB/shop/drinks/all?department=Ready%20To%20Drink%20Wine%20%26%20Spirits&viewAll=department&page=,£1.25,£5.00/litre,,,/groceries/en-GB/products/285141379,https://digitalcontent.api.tesco.com/v2/media/ghs/e89728e0-f033-452e-ab92-f18572072d32/ddab7a49-3bdb-4449-97a0-a22a22c60efb_364075951.jpeg?h=225&w=225,
289999757,Barefoot Pinot Grigio 187Ml,https://www.tesco.com/groceries/en-GB/shop/drinks/all?department=Ready%20To%20Drink%20Wine%20%26%20Spirits&viewAll=department&page=,£2.00,£8.03/75cl,Any 4 for 3 Clubcard Price - Cheapest Product Free - Selected Premix Cans 125ml - 440ml,,/groceries/en-GB/products/289999757,https://digitalcontent.api.tesco.com/v2/media/ghs/fae547ce-4d31-4ac0-8cc9-c4ed266690cb/38d5bf38-da61-40de-8707-4ff6fcbe30ac_186498297.jpeg?h=225&w=225,
303720491,House Of Cocktails Cosmo 250Ml,https://www.tesco.com/groceries/en-GB/shop/drinks/all?department=Ready%20To%20Drink%20Wine%20%26%20Spirits&viewAll=department&page=,£0.85,£3.40/litre,Aldi Price Match,,/groceries/en-GB/products/303720491,https://digitalcontent.api.tesco.com/v2/media/ghs/cbe25795-a45b-4bec-9a81-0452b6e3fb53/snapshotimagehandler_1855205812.jpeg?h=225&w=225,
295685780,Captain Morgan Spiced Rum And Cola 330Ml,https://www.tesco.com/groceries/en-GB/shop/drinks/all?department=Ready%20To%20Drink%20Wine%20%26%20Spirits&viewAll=department&page=,£2.35,£7.13/litre,Any 4 for 3 Clubcard Price - Cheapest Product Free - Selected Premix Cans 125ml - 440ml,,/groceries/en-GB/products/295685780,https://digitalcontent.api.tesco.com/v2/media/ghs/2e72b2d9-8443-4fdf-8ba4-78ba69785d94/37873e49-88ec-44f2-ac3b-049c606aedf0_1089591004.jpeg?h=225&w=225,
295163706,Wairau Cove Marl Sauvignon Blanc 187Ml,https://www.tesco.com/groceries/en-GB/shop/drinks/all?department=Ready%20To%20Drink%20Wine%20%26%20Spirits&viewAll=department&page=,£2.10,£8.43/75cl,Any 4 for 3 Clubcard Price - Cheapest Product Free - Selected Premix Cans 125ml - 440ml,,/groceries/en-GB/products/295163706,https://digitalcontent.api.tesco.com/v2/media/ghs/dbebbc1b-b5d7-4e1a-8915-18f9286f8823/b3ddb86b-e354-48f5-a285-a8574db9dc53.jpeg?h=225&w=225,
301744114,Gordon's Pink Gin & Tonic 10X250ml,https://www.tesco.com/groceries/en-GB/shop/drinks/all?department=Ready%20To%20Drink%20Wine%20%26%20Spirits&viewAll=department&page=,£16.00,£6.40/litre,,,/groceries/en-GB/products/301744114,https://digitalcontent.api.tesco.com/v2/media/ghs/905154a2-b6fb-490c-ab28-7c2a56369f2b/d85b1590-4bd3-4532-b98a-b0915f3764ff_844430177.jpeg?h=225&w=225,
295430425,Gordon's Gin & Slimline Tonic 250Ml 10 Pack,https://www.tesco.com/groceries/en-GB/shop/drinks/all?department=Ready%20To%20Drink%20Wine%20%26%20Spirits&viewAll=department&page=,£16.00,£6.40/litre,,,/groceries/en-GB/products/295430425,https://digitalcontent.api.tesco.com/v2/media/ghs/d7093837-e178-4dbe-805f-be5320750bff/fd7b72f6-8fe0-4033-bc58-684125102492.jpeg?h=225&w=225,
268450874,Wkd Blue 10X275ml,https://www.tesco.com/groceries/en-GB/shop/drinks/all?department=Ready%20To%20Drink%20Wine%20%26%20Spirits&viewAll=department&page=,£12.00,£4.37/litre,£10.00 Clubcard Price,,/groceries/en-GB/products/268450874,https://digitalcontent.api.tesco.com/v2/media/ghs/0970d1c3-3112-4a81-a359-9f884b633d0b/bbe9678d-d37c-489e-a059-e4e4328d484d.jpeg?h=225&w=225,
313002548,Smirnoff Ice Original Vodka Mixed Drink 10X250ml,https://www.tesco.com/groceries/en-GB/shop/drinks/all?department=Ready%20To%20Drink%20Wine%20%26%20Spirits&viewAll=department&page=,£12.00,£4.80/litre,,New,/groceries/en-GB/products/313002548,https://digitalcontent.api.tesco.com/v2/media/ghs/f89588b0-2ad7-411f-bba4-6f37d6dee1c8/18e68849-db50-40fd-b95b-661e0a1d3109_907032201.jpeg?h=225&w=225,
305519617,Snowball 4 X 200Ml,https://www.tesco.com/groceries/en-GB/shop/drinks/all?department=Ready%20To%20Drink%20Wine%20%26%20Spirits&viewAll=department&page=,£6.00,£7.50/litre,,,/groceries/en-GB/products/305519617,https://digitalcontent.api.tesco.com/v2/media/ghs/7777a089-d9cd-4b9b-af2b-76715b894459/dfa8a990-ac79-4b6f-88ab-4c1600e03cae_1137707535.jpeg?h=225&w=225,
298413482,Tesco Low Alcohol Reduced Calorie G & Tesco 4 X 250Ml,https://www.tesco.com/groceries/en-GB/shop/drinks/all?department=Ready%20To%20Drink%20Wine%20%26%20Spirits&viewAll=department&page=,£3.60,£3.60/litre,,,/groceries/en-GB/products/298413482,https://digitalcontent.api.tesco.com/v2/media/ghs/50596c12-975b-49da-8f49-fa742f48d1df/037eba66-6a71-46df-a0fb-f52eac65f2f3_752473874.jpeg?h=225&w=225,
301689732,Gordon's Premium Pink Gin & Tonic Premix 4 X 250Ml,https://www.tesco.com/groceries/en-GB/shop/drinks/all?department=Ready%20To%20Drink%20Wine%20%26%20Spirits&viewAll=department&page=,£6.00,£6.00/litre,,,/groceries/en-GB/products/301689732,https://digitalcontent.api.tesco.com/v2/media/ghs/936a5bf4-622f-4eae-b257-6e2e1f0ab21c/7895c4ee-29d1-4348-8b2f-a3ae7ab2d668_160633541.jpeg?h=225&w=225,
252638240,Wkd Blue 4X275ml 4%,https://www.tesco.com/groceries/en-GB/shop/drinks/all?department=Ready%20To%20Drink%20Wine%20%26%20Spirits&viewAll=department&page=,£5.00,£4.55/litre,,,/groceries/en-GB/products/252638240,https://digitalcontent.api.tesco.com/v2/media/ghs/592d5519-ad63-4818-bfd5-e31ebe54d517/31d8ae89-f519-4f89-85a8-e08dd0d78bc2_878790840.jpeg?h=225&w=225,
295431879,Vk Mix Pack 10 X 275Ml,https://www.tesco.com/groceries/en-GB/shop/drinks/all?department=Ready%20To%20Drink%20Wine%20%26%20Spirits&viewAll=department&page=,£10.00,£3.64/litre,£8.50 Clubcard Price,,/groceries/en-GB/products/295431879,https://digitalcontent.api.tesco.com/v2/media/ghs/ed6d8449-9582-4dba-b354-932ce91915b0/7c765603-899c-4ba1-a356-6f436c88bd60.jpeg?h=225&w=225,
313002107,Smirnoff Ice Original Vodka Mixed Drink 4X250ml,https://www.tesco.com/groceries/en-GB/shop/drinks/all?department=Ready%20To%20Drink%20Wine%20%26%20Spirits&viewAll=department&page=,£5.00,£5.00/litre,£4.00 Clubcard Price,,/groceries/en-GB/products/313002107,https://digitalcontent.api.tesco.com/v2/media/ghs/da3c3657-9b95-4354-a5eb-91a7661eb1a2/93ee93f8-18d0-4848-945c-f6b7973805c5_1477978573.jpeg?h=225&w=225,
311690697,Moth Margarita 125Ml,https://www.tesco.com/groceries/en-GB/shop/drinks/all?department=Ready%20To%20Drink%20Wine%20%26%20Spirits&viewAll=department&page=,£3.90,£31.20/litre,Any 4 for 3 Clubcard Price - Cheapest Product Free - Selected Premix Cans 125ml - 440ml,,/groceries/en-GB/products/311690697,https://digitalcontent.api.tesco.com/v2/media/ghs/f7e1ef42-9830-45a5-9f34-e9c8f0370548/snapshotimagehandler_1724778009.jpeg?h=225&w=225,
305967989,Hardys Crest Chardonnay 187Ml,https://www.tesco.com/groceries/en-GB/shop/drinks/all?department=Ready%20To%20Drink%20Wine%20%26%20Spirits&viewAll=department&page=,£2.10,£8.43/75cl,Any 4 for 3 Clubcard Price - Cheapest Product Free - Selected Premix Cans 125ml - 440ml,,/groceries/en-GB/products/305967989,https://digitalcontent.api.tesco.com/v2/media/ghs/ed42c724-a791-4170-b5de-4222fd9ee6d1/0ccb5302-ca01-4464-93fe-d2ca0aa70109.jpeg?h=225&w=225,
301691890,Plaza Prosecco Doc Brut 37.5 Cl,https://www.tesco.com/groceries/en-GB/shop/drinks/all?department=Ready%20To%20Drink%20Wine%20%26%20Spirits&viewAll=department&page=,£5.00,£10.00/75cl,Buy 6 or more Save 25% Clubcard Price - Save 25% On Selected Wines When You Buy 6 + Bottles,,/groceries/en-GB/products/301691890,https://digitalcontent.api.tesco.com/v2/media/ghs/3ad5144a-f56c-4813-9658-14ead403c1a5/36810232-7ac3-465c-9bea-61baee03a18d_1900305706.jpeg?h=225&w=225,
311445015,Moth Mojito 200Ml,https://www.tesco.com/groceries/en-GB/shop/drinks/all?department=Ready%20To%20Drink%20Wine%20%26%20Spirits&viewAll=department&page=,£3.90,£19.50/litre,Any 4 for 3 Clubcard Price - Cheapest Product Free - Selected Premix Cans 125ml - 440ml,,/groceries/en-GB/products/311445015,https://digitalcontent.api.tesco.com/v2/media/ghs/c7b48622-58e0-4977-890c-f60471a3f1c7/c0802e66-ed04-47e1-b7a4-b714c7cad60f_1329177312.jpeg?h=225&w=225,
301689755,Tesco Finest 37.5Cl Valdobbiadene Docg Prosecco,https://www.tesco.com/groceries/en-GB/shop/drinks/all?department=Ready%20To%20Drink%20Wine%20%26%20Spirits&viewAll=department&page=,£6.50,£13.00/75cl,Buy 6 or more Save 25% Clubcard Price - Save 25% On Selected Wines When You Buy 6 + Bottles,,/groceries/en-GB/products/301689755,https://digitalcontent.api.tesco.com/v2/media/ghs/bbb690fc-1ccb-4f57-942e-fdf429418b6e/c469b2f4-87e8-4cc6-9734-b73b922f271c_601332759.jpeg?h=225&w=225,
305732259,Bombay Sapphire Gin & Tonic 250Ml,https://www.tesco.com/groceries/en-GB/shop/drinks/all?department=Ready%20To%20Drink%20Wine%20%26%20Spirits&viewAll=department&page=,£2.50,£10.00/litre,Any 4 for 3 Clubcard Price - Cheapest Product Free - Selected Premix Cans 125ml - 440ml,,/groceries/en-GB/products/305732259,https://digitalcontent.api.tesco.com/v2/media/ghs/00b06978-b8dc-4f81-b2dd-330547276d69/8808980f-9892-4ec1-b39d-c08eab552bb6_1434066603.jpeg?h=225&w=225,
306826177,White Claw Hard Seltzer Black Cherry 330Ml,https://www.tesco.com/groceries/en-GB/shop/drinks/all?department=Ready%20To%20Drink%20Wine%20%26%20Spirits&viewAll=department&page=,£2.50,£7.58/litre,Any 4 for 3 Clubcard Price - Cheapest Product Free - Selected Premix Cans 125ml - 440ml,,/groceries/en-GB/products/306826177,https://digitalcontent.api.tesco.com/v2/media/ghs/e76c4935-02f5-4ef7-b463-d0ef14a7a72b/f615a26c-95ce-4b77-99aa-a6dec116afeb_1575022737.jpeg?h=225&w=225,
304378197,Kopparberg Strawberry & Liime Gin&Lemonad250ml,https://www.tesco.com/groceries/en-GB/shop/drinks/all?department=Ready%20To%20Drink%20Wine%20%26%20Spirits&viewAll=department&page=,£1.95,£7.80/litre,Any 4 for 3 Clubcard Price - Cheapest Product Free - Selected Premix Cans 125ml - 440ml,,/groceries/en-GB/products/304378197,https://digitalcontent.api.tesco.com/v2/media/ghs/87f5b6e6-fc6f-4c34-a94e-67a26e6d0213/3687b15a-a07f-4c91-9b2f-f83c87ce23ad_1772752667.jpeg?h=225&w=225,
306823883,Opihr Gin & Tonic With Twist Orange 250Ml,https://www.tesco.com/groceries/en-GB/shop/drinks/all?department=Ready%20To%20Drink%20Wine%20%26%20Spirits&viewAll=department&page=,£2.20,£8.80/litre,Any 4 for 3 Clubcard Price - Cheapest Product Free - Selected Premix Cans 125ml - 440ml,,/groceries/en-GB/products/306823883,https://digitalcontent.api.tesco.com/v2/media/ghs/c74231b7-542b-425c-935a-92bb3ed9a2fe/f81b266c-3fba-4538-bccf-aa79e3fdc06a_1316195497.jpeg?h=225&w=225,
306808699,All Shook Up Strawberry Daiquiri 250Ml,https://www.tesco.com/groceries/en-GB/shop/drinks/all?department=Ready%20To%20Drink%20Wine%20%26%20Spirits&viewAll=department&page=,£1.85,£7.40/litre,Any 4 for 3 Clubcard Price - Cheapest Product Free - Selected Premix Cans 125ml - 440ml,,/groceries/en-GB/products/306808699,https://digitalcontent.api.tesco.com/v2/media/ghs/953cb985-1d0b-498f-a491-536ac775589a/4709d0dc-5215-47e0-a291-5612318461f7_1829118770.jpeg?h=225&w=225,
309463762,La Vieille Ferme Rose 187Ml,https://www.tesco.com/groceries/en-GB/shop/drinks/all?department=Ready%20To%20Drink%20Wine%20%26%20Spirits&viewAll=department&page=,£2.60,£10.43/75cl,Any 4 for 3 Clubcard Price - Cheapest Product Free - Selected Premix Cans 125ml - 440ml,,/groceries/en-GB/products/309463762,https://digitalcontent.api.tesco.com/v2/media/ghs/3d9043a3-1ebc-4af4-b1db-c084f7c21eb8/eb9a8816-70e1-4d22-b863-3e04f763abeb_1054063996.jpeg?h=225&w=225,
298764273,Southern Comfort Lemonade & Lime Can 330Ml,https://www.tesco.com/groceries/en-GB/shop/drinks/all?department=Ready%20To%20Drink%20Wine%20%26%20Spirits&viewAll=department&page=,£2.15,£6.52/litre,Any 4 for 3 Clubcard Price - Cheapest Product Free - Selected Premix Cans 125ml - 440ml,,/groceries/en-GB/products/298764273,https://digitalcontent.api.tesco.com/v2/media/ghs/8ad9f481-a2cf-424d-bb4d-cd27583f6e78/1c8bf695-edb6-4050-9b15-534598757730_505037671.jpeg?h=225&w=225,
310174348,Funkin Cocktails Long Island Iced Tea 250Ml,https://www.tesco.com/groceries/en-GB/shop/drinks/all?department=Ready%20To%20Drink%20Wine%20%26%20Spirits&viewAll=department&page=,£2.10,£8.40/litre,Any 4 for 3 Clubcard Price - Cheapest Product Free - Selected Premix Cans 125ml - 440ml,,/groceries/en-GB/products/310174348,https://digitalcontent.api.tesco.com/v2/media/ghs/430668f1-3eff-4961-b186-dc3554367c54/f7fa106b-da9c-4e79-b4d6-b1ab725e74b5_63515555.jpeg?h=225&w=225,
306815743,Vk Orange & Passion Fruit 70Cl,https://www.tesco.com/groceries/en-GB/shop/drinks/all?department=Ready%20To%20Drink%20Wine%20%26%20Spirits&viewAll=department&page=,£2.10,£3.00/litre,,,/groceries/en-GB/products/306815743,https://digitalcontent.api.tesco.com/v2/media/ghs/d25ac5cb-1404-4d76-a65c-499b5f41d97e/dc291183-5b9d-4e0d-85c9-28cef7b30a4d_655646515.jpeg?h=225&w=225,
305971662,Mike's Alcoholic Hard Seltzer Black Cherry 330Ml,https://www.tesco.com/groceries/en-GB/shop/drinks/all?department=Ready%20To%20Drink%20Wine%20%26%20Spirits&viewAll=department&page=,£2.00,£6.07/litre,Any 4 for 3 Clubcard Price - Cheapest Product Free - Selected Premix Cans 125ml - 440ml,,/groceries/en-GB/products/305971662,https://digitalcontent.api.tesco.com/v2/media/ghs/d5671cea-888f-4d0a-b70c-cdcc42fe089f/snapshotimagehandler_875506334.jpeg?h=225&w=225,
308089072,Mikes Hard Seltzer Raspberry Drink 330Ml,https://www.tesco.com/groceries/en-GB/shop/drinks/all?department=Ready%20To%20Drink%20Wine%20%26%20Spirits&viewAll=department&page=,£2.00,£6.07/litre,Any 4 for 3 Clubcard Price - Cheapest Product Free - Selected Premix Cans 125ml - 440ml,,/groceries/en-GB/products/308089072,https://digitalcontent.api.tesco.com/v2/media/ghs/6454abd5-413a-4d0c-968b-5b0e3298771c/dabf61ee-64fc-46df-a6b7-029967f6e767_1217803035.jpeg?h=225&w=225,
305990679,All Shook Up Spritz Peach & Lychee 250Ml,https://www.tesco.com/groceries/en-GB/shop/drinks/all?department=Ready%20To%20Drink%20Wine%20%26%20Spirits&viewAll=department&page=,£1.75,£5.25/75cl,Any 4 for 3 Clubcard Price - Cheapest Product Free - Selected Premix Cans 125ml - 440ml,,/groceries/en-GB/products/305990679,https://digitalcontent.api.tesco.com/v2/media/ghs/df95614c-4ce0-4403-bbd2-b0bd9b928253/89b6c783-b33c-472f-8e53-9eae72ca5160_809200393.jpeg?h=225&w=225,
310665447,Absolut Passion Fruit Martini Cocktail Sparkling 250Ml,https://www.tesco.com/groceries/en-GB/shop/drinks/all?department=Ready%20To%20Drink%20Wine%20%26%20Spirits&viewAll=department&page=,£2.10,£8.40/litre,Any 4 for 3 Clubcard Price - Cheapest Product Free - Selected Premix Cans 125ml - 440ml,,/groceries/en-GB/products/310665447,https://digitalcontent.api.tesco.com/v2/media/ghs/6e941579-1f32-40c8-9da9-fc89b6fec6ae/00f96b7c-cde0-4753-a0e0-cc2969fd5228_255162573.jpeg?h=225&w=225,
290051680,Hooch Alcoholic Lemon Brew 440Ml,https://www.tesco.com/groceries/en-GB/shop/drinks/all?department=Ready%20To%20Drink%20Wine%20%26%20Spirits&viewAll=department&page=,£1.90,£4.32/litre,Any 4 for 3 Clubcard Price - Cheapest Product Free - Selected Premix Cans 125ml - 440ml,,/groceries/en-GB/products/290051680,https://digitalcontent.api.tesco.com/v2/media/ghs/dd358f31-819c-4208-ac61-849d88c6a3e8/b824aad5-2bd1-4385-93dd-5292ae2b01a0_74876785.jpeg?h=225&w=225,
308090000,All Shook Up Mixed Sharing Cocktail Cans 10X250ml,https://www.tesco.com/groceries/en-GB/shop/drinks/all?department=Ready%20To%20Drink%20Wine%20%26%20Spirits&viewAll=department&page=,£13.00,£5.20/litre,£10.00 Clubcard Price,,/groceries/en-GB/products/308090000,https://digitalcontent.api.tesco.com/v2/media/ghs/fb68592f-fa80-4699-8677-3bd068645974/03abaa61-125e-4719-9735-2d30e8e7d9f5_2013889994.jpeg?h=225&w=225,
306951448,& Soda British Raspberry Vodka Soda 330Ml,https://www.tesco.com/groceries/en-GB/shop/drinks/all?department=Ready%20To%20Drink%20Wine%20%26%20Spirits&viewAll=department&page=,£2.25,£6.82/litre,Any 4 for 3 Clubcard Price - Cheapest Product Free - Selected Premix Cans 125ml - 440ml,,/groceries/en-GB/products/306951448,https://digitalcontent.api.tesco.com/v2/media/ghs/5a77aee5-a7ce-4ed3-975b-9156c620bd20/294031f0-c14d-4423-824b-7ac0c7513e08_302426246.jpeg?h=225&w=225,
271613897,Malibu & Cola 250Ml,https://www.tesco.com/groceries/en-GB/shop/drinks/all?department=Ready%20To%20Drink%20Wine%20%26%20Spirits&viewAll=department&page=,£2.00,£8.00/litre,Any 4 for 3 Clubcard Price - Cheapest Product Free - Selected Premix Cans 125ml - 440ml,,/groceries/en-GB/products/271613897,https://digitalcontent.api.tesco.com/v2/media/ghs/2621d762-85c1-4fe8-842b-6a1e13eed7ef/e3c13c13-7139-4c25-b236-2c1ba9edea35_2135516431.jpeg?h=225&w=225,
302320453,Edinburgh Gin Raspberry Gin Fizz 250Ml,https://www.tesco.com/groceries/en-GB/shop/drinks/all?department=Ready%20To%20Drink%20Wine%20%26%20Spirits&viewAll=department&page=,£2.00,£8.00/litre,Any 4 for 3 Clubcard Price - Cheapest Product Free - Selected Premix Cans 125ml - 440ml,,/groceries/en-GB/products/302320453,https://digitalcontent.api.tesco.com/v2/media/ghs/1da12114-cd2b-47e7-b42f-32b91576b3de/3157975a-dc4c-4e5b-b562-9703ef19929a_675642875.jpeg?h=225&w=225,
311272607,Canvino Bianco Semi Sparkling Italian Wine 200Ml,https://www.tesco.com/groceries/en-GB/shop/drinks/all?department=Ready%20To%20Drink%20Wine%20%26%20Spirits&viewAll=department&page=,£2.50,£9.38/75cl,Any 4 for 3 Clubcard Price - Cheapest Product Free - Selected Premix Cans 125ml - 440ml,,/groceries/en-GB/products/311272607,https://digitalcontent.api.tesco.com/v2/media/ghs/1e01bf4c-4ffc-42c4-a066-f4b1a66c6cbd/6e02367f-5776-421a-bc27-e466327dec8d_919615939.jpeg?h=225&w=225,
304410689,Funkin Nitro Espresso Martini Cocktail 200Ml,https://www.tesco.com/groceries/en-GB/shop/drinks/all?department=Ready%20To%20Drink%20Wine%20%26%20Spirits&viewAll=department&page=,£2.10,£10.50/litre,Any 4 for 3 Clubcard Price - Cheapest Product Free - Selected Premix Cans 125ml - 440ml,,/groceries/en-GB/products/304410689,https://digitalcontent.api.tesco.com/v2/media/ghs/42cc086b-4d1a-4707-ba46-f6919597e868/e10008a3-24d7-4ed1-8b00-4577ddd2fd61_1814005963.jpeg?h=225&w=225,
309192615,Funkin Nitro Cocktail Strawberry Daiquiri 200Ml,https://www.tesco.com/groceries/en-GB/shop/drinks/all?department=Ready%20To%20Drink%20Wine%20%26%20Spirits&viewAll=department&page=,£2.10,£10.50/litre,Any 4 for 3 Clubcard Price - Cheapest Product Free - Selected Premix Cans 125ml - 440ml,,/groceries/en-GB/products/309192615,https://digitalcontent.api.tesco.com/v2/media/ghs/2223cfee-d014-4350-98cf-6329407131ae/e6c93632-b73d-4ef9-ad1a-98b84fa8edd4_990447180.jpeg?h=225&w=225,
288090451,Smirnoff & Diet Cola 250Ml,https://www.tesco.com/groceries/en-GB/shop/drinks/all?department=Ready%20To%20Drink%20Wine%20%26%20Spirits&viewAll=department&page=,£2.00,£8.00/litre,Any 4 for 3 Clubcard Price - Cheapest Product Free - Selected Premix Cans 125ml - 440ml,,/groceries/en-GB/products/288090451,https://digitalcontent.api.tesco.com/v2/media/ghs/4ccc3b9e-185f-4731-aebe-d636d5420f0f/1a1d18a6-75e1-4da6-b03f-8a2c70146769_869606863.jpeg?h=225&w=225,
303390315,Sipsmith Gin And Tonic Light 250Ml,https://www.tesco.com/groceries/en-GB/shop/drinks/all?department=Ready%20To%20Drink%20Wine%20%26%20Spirits&viewAll=department&page=,£2.60,£10.40/litre,Any 4 for 3 Clubcard Price - Cheapest Product Free - Selected Premix Cans 125ml - 440ml,,/groceries/en-GB/products/303390315,https://digitalcontent.api.tesco.com/v2/media/ghs/a8a38f2c-9dea-46e8-a9ca-8f65c0270a8e/31de4e24-9d8b-494f-ba72-8c66ef4f5929_1988289922.jpeg?h=225&w=225,
308496649,Jack Daniels Tennessee Honey & Lemonade 250Ml,https://www.tesco.com/groceries/en-GB/shop/drinks/all?department=Ready%20To%20Drink%20Wine%20%26%20Spirits&viewAll=department&page=,£1.90,£7.60/litre,Any 4 for 3 Clubcard Price - Cheapest Product Free - Selected Premix Cans 125ml - 440ml,,/groceries/en-GB/products/308496649,https://digitalcontent.api.tesco.com/v2/media/ghs/ab3daa87-2a82-41bc-8592-636cb372a28c/b4b3bc87-47b7-42c8-b9e7-b7499512e9e2_1971063581.jpeg?h=225&w=225,
285498475,Gordons & Slimline Tonic 250Ml,https://www.tesco.com/groceries/en-GB/shop/drinks/all?department=Ready%20To%20Drink%20Wine%20%26%20Spirits&viewAll=department&page=,£2.25,£9.00/litre,Any 4 for 3 Clubcard Price - Cheapest Product Free - Selected Premix Cans 125ml - 440ml,,/groceries/en-GB/products/285498475,https://digitalcontent.api.tesco.com/v2/media/ghs/afc2cb9c-837a-4b85-aa0a-2c953de12c51/b50a6354-0ab8-487e-b652-a1db885f5a6f_1511081320.jpeg?h=225&w=225,
311800281,Canvino Naturally Sparkling Rose Wine 200Ml,https://www.tesco.com/groceries/en-GB/shop/drinks/all?department=Ready%20To%20Drink%20Wine%20%26%20Spirits&viewAll=department&page=,£2.50,£9.38/75cl,Any 4 for 3 Clubcard Price - Cheapest Product Free - Selected Premix Cans 125ml - 440ml,,/groceries/en-GB/products/311800281,https://digitalcontent.api.tesco.com/v2/media/ghs/813c4f4b-486b-4a80-84cc-ad80664fc947/367d6ce2-ceb6-46fb-a003-2247d576bc46_1715350736.jpeg?h=225&w=225,
285751521,Smirnoff & Cranberry Can 250Ml,https://www.tesco.com/groceries/en-GB/shop/drinks/all?department=Ready%20To%20Drink%20Wine%20%26%20Spirits&viewAll=department&page=,£2.00,£8.00/litre,Any 4 for 3 Clubcard Price - Cheapest Product Free - Selected Premix Cans 125ml - 440ml,,/groceries/en-GB/products/285751521,https://digitalcontent.api.tesco.com/v2/media/ghs/e06fa777-b7a0-41e7-a711-a29473d2d009/9b86e64f-0430-4a3e-a107-d17974ce3d57_545907979.jpeg?h=225&w=225,
271060974,Archers And Lemonade 250Ml,https://www.tesco.com/groceries/en-GB/shop/drinks/all?department=Ready%20To%20Drink%20Wine%20%26%20Spirits&viewAll=department&page=,£2.00,£8.00/litre,Any 4 for 3 Clubcard Price - Cheapest Product Free - Selected Premix Cans 125ml - 440ml,,/groceries/en-GB/products/271060974,https://digitalcontent.api.tesco.com/v2/media/ghs/d71e07ee-3d5e-4fd5-9c85-89d3303af93f/fe800296-1f7d-4440-b709-994cae723acc_1108032100.jpeg?h=225&w=225,
292239104,Jack Daniels & No Sugar Cola 330Ml,https://www.tesco.com/groceries/en-GB/shop/drinks/all?department=Ready%20To%20Drink%20Wine%20%26%20Spirits&viewAll=department&page=,£2.10,£6.37/litre,Any 4 for 3 Clubcard Price - Cheapest Product Free - Selected Premix Cans 125ml - 440ml,,/groceries/en-GB/products/292239104,https://digitalcontent.api.tesco.com/v2/media/ghs/8511c2e0-fef3-445c-95c3-9fb05128d142/a14d504a-fe3d-4564-b33e-a9d0c4456fe2_1328815015.jpeg?h=225&w=225,
255245423,Tesco Finest Premier Cru Non Vintage Champagne 37.5Cl,https://www.tesco.com/groceries/en-GB/shop/drinks/all?department=Ready%20To%20Drink%20Wine%20%26%20Spirits&viewAll=department&page=,£13.00,£26.00/75cl,Buy 6 or more Save 25% Clubcard Price - Save 25% On Selected Wines When You Buy 6 + Bottles,,/groceries/en-GB/products/255245423,https://digitalcontent.api.tesco.com/v2/media/ghs/e00a1304-7ab5-4389-b845-feee7fc28416/06607436-b92d-46f0-863b-f44eb9254f88_844801500.jpeg?h=225&w=225,
255250284,Angostura Aromatic Bitters 20Cl,https://www.tesco.com/groceries/en-GB/shop/drinks/all?department=Ready%20To%20Drink%20Wine%20%26%20Spirits&viewAll=department&page=,£10.00,£50.00/litre,,,/groceries/en-GB/products/255250284,https://digitalcontent.api.tesco.com/v2/media/ghs/f97860b5-3912-4926-9bee-705a41c7c305/65bab780-c928-4550-91c3-87a346440841_23077794.jpeg?h=225&w=225,
308479238,White Claw Hard Seltzer Variety Pack 8X330ml,https://www.tesco.com/groceries/en-GB/shop/drinks/all?department=Ready%20To%20Drink%20Wine%20%26%20Spirits&viewAll=department&page=,£15.00,£5.69/litre,,,/groceries/en-GB/products/308479238,https://digitalcontent.api.tesco.com/v2/media/ghs/84b523d2-a602-4fb0-a7b6-7a3bfe0e045a/4b09c66e-623c-4583-976c-1e8a32a312e1_1701542882.jpeg?h=225&w=225,
303750155,Edinburgh Gin Rhubarb & Ginger Ginger Ale 250X4,https://www.tesco.com/groceries/en-GB/shop/drinks/all?department=Ready%20To%20Drink%20Wine%20%26%20Spirits&viewAll=department&page=,£8.00,£8.00/litre,,,/groceries/en-GB/products/303750155,https://digitalcontent.api.tesco.com/v2/media/ghs/21a4361a-4f39-42b8-9ec0-e9d08e2370c9/be41b097-a942-443c-9b88-5d55ca553882_245466331.jpeg?h=225&w=225,
311258571,Tails Cocktails Espresso Martini Cocktail 500Ml,https://www.tesco.com/groceries/en-GB/shop/drinks/all?department=Ready%20To%20Drink%20Wine%20%26%20Spirits&viewAll=department&page=,£15.00,£30.00/litre,£12.00 Clubcard Price,,/groceries/en-GB/products/311258571,https://digitalcontent.api.tesco.com/v2/media/ghs/94e897a8-43e3-4bae-8e07-01abb3d69e28/14ca41b4-76d0-4f58-92f2-27bc9581f384_2004561000.jpeg?h=225&w=225,
292645880,Gordon's Gin & Tonic 10 X 250Ml,https://www.tesco.com/groceries/en-GB/shop/drinks/all?department=Ready%20To%20Drink%20Wine%20%26%20Spirits&viewAll=department&page=,£15.50,£6.20/litre,,,/groceries/en-GB/products/292645880,https://digitalcontent.api.tesco.com/v2/media/ghs/db4b3b0f-8e42-4e23-9b8f-507886d62787/4206a0c7-577c-4371-90fc-70d84accc375.jpeg?h=225&w=225,
309207259,Funkin Cocktails Passion Fruit Martini 700Ml,https://www.tesco.com/groceries/en-GB/shop/drinks/all?department=Ready%20To%20Drink%20Wine%20%26%20Spirits&viewAll=department&page=,£9.00,£12.86/litre,,,/groceries/en-GB/products/309207259,https://digitalcontent.api.tesco.com/v2/media/ghs/0044640e-9999-46b9-b9c0-7b8e7e76bdff/02aba843-9a6a-4535-a255-3c75f60440a8_1946696909.jpeg?h=225&w=225,
255245515,Moet & Chandon Brut Imperial Non Vintage Champagne 37.5Cl,https://www.tesco.com/groceries/en-GB/shop/drinks/all?department=Ready%20To%20Drink%20Wine%20%26%20Spirits&viewAll=department&page=,£24.00,£48.00/75cl,Buy 6 or more Save 25% Clubcard Price - Save 25% On Selected Wines When You Buy 6 + Bottles,,/groceries/en-GB/products/255245515,https://digitalcontent.api.tesco.com/v2/media/ghs/4a6fc1e3-d743-45ae-b508-f4557573baed/b42b1b6b-adcc-46b6-8555-2bc293207f67_1256272870.jpeg?h=225&w=225,
303579623,Malibu Rum Strawberry Spritz 75Cl,https://www.tesco.com/groceries/en-GB/shop/drinks/all?department=Ready%20To%20Drink%20Wine%20%26%20Spirits&viewAll=department&page=,£9.50,£12.67/litre,,,/groceries/en-GB/products/303579623,https://digitalcontent.api.tesco.com/v2/media/ghs/5d156940-1d26-4588-ade4-21b719793815/1033e49d-4609-4177-ad4e-dc3d96bdb2a5_168475611.jpeg?h=225&w=225,
292646002,Pimm's & Lemonade 10 X 250Ml,https://www.tesco.com/groceries/en-GB/shop/drinks/all?department=Ready%20To%20Drink%20Wine%20%26%20Spirits&viewAll=department&page=,£15.50,£6.20/litre,,,/groceries/en-GB/products/292646002,https://digitalcontent.api.tesco.com/v2/media/ghs/a2d1c407-51c3-4d09-8db1-9d2fa4d943fa/2c19c534-8559-4db5-8fcc-fc1d8e377717.jpeg?h=225&w=225,
278656074,Wkd Mixed Pack 10X275ml,https://www.tesco.com/groceries/en-GB/shop/drinks/all?department=Ready%20To%20Drink%20Wine%20%26%20Spirits&viewAll=department&page=,£12.00,£4.37/litre,£10.50 Clubcard Price,,/groceries/en-GB/products/278656074,https://digitalcontent.api.tesco.com/v2/media/ghs/8669cc70-84c9-4a52-be28-48263f747f56/07e9a0e1-6d2e-4eac-8342-35fa78266d3f.jpeg?h=225&w=225,
305963509,Mikes Hard Seltzer Assortment Pack 6X330ml,https://www.tesco.com/groceries/en-GB/shop/drinks/all?department=Ready%20To%20Drink%20Wine%20%26%20Spirits&viewAll=department&page=,£9.00,£4.55/litre,£7.00 Clubcard Price,,/groceries/en-GB/products/305963509,https://digitalcontent.api.tesco.com/v2/media/ghs/4621c34b-e54c-441e-a8b5-474ccd97a597/e46253f7-c382-4a49-aca3-6f693e879763_1370641169.jpeg?h=225&w=225,
308458972,Wkd Tropical Sunrise Premixed Alcohol Cocktail 700Ml,https://www.tesco.com/groceries/en-GB/shop/drinks/all?department=Ready%20To%20Drink%20Wine%20%26%20Spirits&viewAll=department&page=,£5.00,£7.15/litre,,,/groceries/en-GB/products/308458972,https://digitalcontent.api.tesco.com/v2/media/ghs/7de3de4d-39ee-40c2-8694-346c93682522/de8caf8a-3e39-439a-8062-ff0e34360e8f_63068571.jpeg?h=225&w=225,
311805978,Tails Cocktails Passion Fruit Martini Cocktail 500Ml,https://www.tesco.com/groceries/en-GB/shop/drinks/all?department=Ready%20To%20Drink%20Wine%20%26%20Spirits&viewAll=department&page=,£15.00,£30.00/litre,£12.00 Clubcard Price,,/groceries/en-GB/products/311805978,https://digitalcontent.api.tesco.com/v2/media/ghs/819de514-b891-4765-a539-5ab9b2c6a9c8/fbbac42c-2662-46b1-8ca9-078437a2e18c_1255812387.jpeg?h=225&w=225,
295411857,Gordon's Gin & Slimline Tonic 250Ml 4 Pack,https://www.tesco.com/groceries/en-GB/shop/drinks/all?department=Ready%20To%20Drink%20Wine%20%26%20Spirits&viewAll=department&page=,£6.00,£6.00/litre,,,/groceries/en-GB/products/295411857,https://digitalcontent.api.tesco.com/v2/media/ghs/66c0d575-817a-4940-b668-5eecfc5763f8/0ebee73a-4b8c-4b5b-82f8-c07d48113818_621117624.jpeg?h=225&w=225,
308830082,Wkd Blue Lagoon Ready To Drink Cocktail 700Ml,https://www.tesco.com/groceries/en-GB/shop/drinks/all?department=Ready%20To%20Drink%20Wine%20%26%20Spirits&viewAll=department&page=,£5.00,£7.15/litre,,,/groceries/en-GB/products/308830082,https://digitalcontent.api.tesco.com/v2/media/ghs/cd901f26-5cdc-460d-9285-a29bd352dc6e/ebce9e44-3935-4b24-b228-29a62286fd21_786791906.jpeg?h=225&w=225,
292945092,Captain Morgan Spiced Rum & Cola 4 X 250Ml,https://www.tesco.com/groceries/en-GB/shop/drinks/all?department=Ready%20To%20Drink%20Wine%20%26%20Spirits&viewAll=department&page=,£6.00,£6.00/litre,,,/groceries/en-GB/products/292945092,https://digitalcontent.api.tesco.com/v2/media/ghs/c7282479-27ad-4370-b7ed-47df534566d8/4db5da1c-bf7d-43da-9b20-9befd51a1cf6_907836810.jpeg?h=225&w=225,
305990368,Hooch Pink Alcoholic Raspberry Lemonade 70Cl,https://www.tesco.com/groceries/en-GB/shop/drinks/all?department=Ready%20To%20Drink%20Wine%20%26%20Spirits&viewAll=department&page=,£3.00,£4.29/litre,,,/groceries/en-GB/products/305990368,https://digitalcontent.api.tesco.com/v2/media/ghs/de31d907-fdf9-4381-997e-4ada975ed76a/63c15b26-b277-4781-a285-aa0b579f9387_292377830.jpeg?h=225&w=225,
311685427,Moth Negroni 125Ml,https://www.tesco.com/groceries/en-GB/shop/drinks/all?department=Ready%20To%20Drink%20Wine%20%26%20Spirits&viewAll=department&page=,£3.90,£31.20/litre,Any 4 for 3 Clubcard Price - Cheapest Product Free - Selected Premix Cans 125ml - 440ml,,/groceries/en-GB/products/311685427,https://digitalcontent.api.tesco.com/v2/media/ghs/a74debda-bf24-42db-a058-716b0bea8360/snapshotimagehandler_171590051.jpeg?h=225&w=225,
311685836,Moth Espresso Martini 125Ml,https://www.tesco.com/groceries/en-GB/shop/drinks/all?department=Ready%20To%20Drink%20Wine%20%26%20Spirits&viewAll=department&page=,£3.90,£31.20/litre,Any 4 for 3 Clubcard Price - Cheapest Product Free - Selected Premix Cans 125ml - 440ml,,/groceries/en-GB/products/311685836,https://digitalcontent.api.tesco.com/v2/media/ghs/8a73a05a-29ec-4353-883e-f2537fcd6014/snapshotimagehandler_578053697.jpeg?h=225&w=225,
310695578,Corona Tropical Alcoholic Sparkling Water Grapefruit 330Ml,https://www.tesco.com/groceries/en-GB/shop/drinks/all?department=Ready%20To%20Drink%20Wine%20%26%20Spirits&viewAll=department&page=,£2.75,£0.83/100ml,Any 4 for 3 Clubcard Price - Cheapest Product Free - Selected Premix Cans 125ml - 440ml,,/groceries/en-GB/products/310695578,https://digitalcontent.api.tesco.com/v2/media/ghs/5e8fa089-4039-4e1c-b898-cb6f96bb7c70/e31e0721-6908-43f4-b452-eae67433444b_1960935897.jpeg?h=225&w=225,
311207943,Corona Tropical Guava & Lime 330Ml,https://www.tesco.com/groceries/en-GB/shop/drinks/all?department=Ready%20To%20Drink%20Wine%20%26%20Spirits&viewAll=department&page=,£2.75,£8.34/litre,Any 4 for 3 Clubcard Price - Cheapest Product Free - Selected Premix Cans 125ml - 440ml,,/groceries/en-GB/products/311207943,https://digitalcontent.api.tesco.com/v2/media/ghs/fbd36ea4-469b-4f48-90b0-f3acf64cd952/c6158b8b-b2ae-4225-9ece-c55aa591a875_485815523.jpeg?h=225&w=225,
310679552,Corona Tropical Raspberry & Lemon 330Ml,https://www.tesco.com/groceries/en-GB/shop/drinks/all?department=Ready%20To%20Drink%20Wine%20%26%20Spirits&viewAll=department&page=,£2.75,£8.34/litre,Any 4 for 3 Clubcard Price - Cheapest Product Free - Selected Premix Cans 125ml - 440ml,,/groceries/en-GB/products/310679552,https://digitalcontent.api.tesco.com/v2/media/ghs/0ebbdc4f-680f-4609-9094-1a0bb3209c7d/bece0825-a729-4b9d-bc84-ad77996dae23_656829750.jpeg?h=225&w=225,
297510253,"Tesco Vodka, Lime & Lemonade 4X250ml",https://www.tesco.com/groceries/en-GB/shop/drinks/all?department=Ready%20To%20Drink%20Wine%20%26%20Spirits&viewAll=department&page=,£4.00,£4.00/litre,,,/groceries/en-GB/products/297510253,https://digitalcontent.api.tesco.com/v2/media/ghs/776d39b0-5c4b-4362-af8b-d0073fce7ff7/5763fbb1-25aa-42c5-8873-97fd35e71c83_169247909.jpeg?h=225&w=225,
306815121,White Claw Hard Seltzer Raspberry 330Ml,https://www.tesco.com/groceries/en-GB/shop/drinks/all?department=Ready%20To%20Drink%20Wine%20%26%20Spirits&viewAll=department&page=,£2.50,£7.58/litre,Any 4 for 3 Clubcard Price - Cheapest Product Free - Selected Premix Cans 125ml - 440ml,,/groceries/en-GB/products/306815121,https://digitalcontent.api.tesco.com/v2/media/ghs/4bc46511-eac2-4a5b-b1d6-c8af9132b13f/ebb2123f-b560-450a-ab9b-7e9d7a820aec_551614166.jpeg?h=225&w=225,
306821194,White Claw Hard Seltzer Natural Lime 330Ml,https://www.tesco.com/groceries/en-GB/shop/drinks/all?department=Ready%20To%20Drink%20Wine%20%26%20Spirits&viewAll=department&page=,£2.50,£7.58/litre,Any 4 for 3 Clubcard Price - Cheapest Product Free - Selected Premix Cans 125ml - 440ml,,/groceries/en-GB/products/306821194,https://digitalcontent.api.tesco.com/v2/media/ghs/c9537b49-ced5-4e76-ab42-4e9f392d09cd/21415844-1ba9-4be0-adba-9156147624a1_999815241.jpeg?h=225&w=225,
307758313,White Claw Hard Seltzer Mango 330Ml,https://www.tesco.com/groceries/en-GB/shop/drinks/all?department=Ready%20To%20Drink%20Wine%20%26%20Spirits&viewAll=department&page=,£2.50,£7.58/litre,Any 4 for 3 Clubcard Price - Cheapest Product Free - Selected Premix Cans 125ml - 440ml,,/groceries/en-GB/products/307758313,https://digitalcontent.api.tesco.com/v2/media/ghs/943a376d-1c1e-40e1-a413-4a29e0fd34b9/36183787-7701-449e-b103-7127478d29bd_15082444.jpeg?h=225&w=225,
311798305,Grey Goose Essences Watermelon & Basil Vodka Spritz 250Ml,https://www.tesco.com/groceries/en-GB/shop/drinks/all?department=Ready%20To%20Drink%20Wine%20%26%20Spirits&viewAll=department&page=,£2.80,£11.20/litre,Any 4 for 3 Clubcard Price - Cheapest Product Free - Selected Premix Cans 125ml - 440ml,,/groceries/en-GB/products/311798305,https://digitalcontent.api.tesco.com/v2/media/ghs/6b5fa8e2-205f-48e8-bcf4-94a13b2a0f98/8d642271-86b4-4cf6-9604-4400c2d77c4c_1485870548.jpeg?h=225&w=225,
307740408,Topo Chico Hard Seltzer Lemon Lime 330Ml,https://www.tesco.com/groceries/en-GB/shop/drinks/all?department=Ready%20To%20Drink%20Wine%20%26%20Spirits&viewAll=department&page=,£2.20,£6.67/litre,Any 4 for 3 Clubcard Price - Cheapest Product Free - Selected Premix Cans 125ml - 440ml,,/groceries/en-GB/products/307740408,https://digitalcontent.api.tesco.com/v2/media/ghs/e7e4830b-9df4-4a27-a82d-22fc8abea318/5e4de993-b3ef-4b6b-b5e2-0afe6d8eaf13_1624077711.jpeg?h=225&w=225,
311250700,All Shook Up Spritz Elderflower Mint & Lime250ml,https://www.tesco.com/groceries/en-GB/shop/drinks/all?department=Ready%20To%20Drink%20Wine%20%26%20Spirits&viewAll=department&page=,£1.75,£5.25/75cl,Any 4 for 3 Clubcard Price - Cheapest Product Free - Selected Premix Cans 125ml - 440ml,,/groceries/en-GB/products/311250700,https://digitalcontent.api.tesco.com/v2/media/ghs/e19892f6-3636-473b-a2be-ea6e9a4fef8f/1b7abfa2-087e-4e4e-9918-a22f26d08285_98684318.jpeg?h=225&w=225,
309746163,Mirabeau Belle Annee Rose 250Ml,https://www.tesco.com/groceries/en-GB/shop/drinks/all?department=Ready%20To%20Drink%20Wine%20%26%20Spirits&viewAll=department&page=,£3.00,£9.00/75cl,Any 4 for 3 Clubcard Price - Cheapest Product Free - Selected Premix Cans 125ml - 440ml,,/groceries/en-GB/products/309746163,https://digitalcontent.api.tesco.com/v2/media/ghs/0381282b-7c5b-4180-b6b3-7861c719d7d3/1d20dd98-69e8-463e-abdb-336e80f91a6d_1307153472.jpeg?h=225&w=225,
311260642,Funkin Nitro Cocktails Peach On Beach 200Ml,https://www.tesco.com/groceries/en-GB/shop/drinks/all?department=Ready%20To%20Drink%20Wine%20%26%20Spirits&viewAll=department&page=,£2.10,£10.50/litre,Any 4 for 3 Clubcard Price - Cheapest Product Free - Selected Premix Cans 125ml - 440ml,,/groceries/en-GB/products/311260642,https://digitalcontent.api.tesco.com/v2/media/ghs/a2575ac1-dd36-461f-b049-10c2dab215a6/e59f9245-194d-41d9-8a46-7e6e1ced4c59_658920103.jpeg?h=225&w=225,
311426292,Funkin Nitro Spiced Rum Zombie Cocktail 200Ml,https://www.tesco.com/groceries/en-GB/shop/drinks/all?department=Ready%20To%20Drink%20Wine%20%26%20Spirits&viewAll=department&page=,£2.10,£10.50/litre,Any 4 for 3 Clubcard Price - Cheapest Product Free - Selected Premix Cans 125ml - 440ml,,/groceries/en-GB/products/311426292,https://digitalcontent.api.tesco.com/v2/media/ghs/49ab5bd3-d57a-48ac-afbf-761d92f7c012/513cfac6-3447-4c77-b410-dc2ad18aa0b3_1111531924.jpeg?h=225&w=225,
310096627,Mionetto Cuvee Frizzante 20Cl,https://www.tesco.com/groceries/en-GB/shop/drinks/all?department=Ready%20To%20Drink%20Wine%20%26%20Spirits&viewAll=department&page=,£3.15,£11.82/75cl,Any 4 for 3 Clubcard Price - Cheapest Product Free - Selected Premix Cans 125ml - 440ml,,/groceries/en-GB/products/310096627,https://digitalcontent.api.tesco.com/v2/media/ghs/bf143597-29d0-41ff-a266-1c1abd1e4cee/e3b7f2b8-7e5b-4c22-8ceb-ee9f025bceaa.jpeg?h=225&w=225,
306949348,Vk Watermelon With Alcohol & Fruit Juice 70Cl,https://www.tesco.com/groceries/en-GB/shop/drinks/all?department=Ready%20To%20Drink%20Wine%20%26%20Spirits&viewAll=department&page=,£2.10,£3.00/litre,,,/groceries/en-GB/products/306949348,https://digitalcontent.api.tesco.com/v2/media/ghs/7fb8a606-f170-4f07-8792-032af5eb41d3/234e0252-16b3-46e0-8e9b-572f5560afb4_283418963.jpeg?h=225&w=225,
308101185,All Shook Up Mixed Berry Mojito 250Ml,https://www.tesco.com/groceries/en-GB/shop/drinks/all?department=Ready%20To%20Drink%20Wine%20%26%20Spirits&viewAll=department&page=,£1.85,£7.40/litre,Any 4 for 3 Clubcard Price - Cheapest Product Free - Selected Premix Cans 125ml - 440ml,,/groceries/en-GB/products/308101185,https://digitalcontent.api.tesco.com/v2/media/ghs/13d2619b-63f9-44c8-9bde-2cea68bf3270/cdef71c0-8e6e-4f8b-b9dc-e3d176ebfd91_222966573.jpeg?h=225&w=225,
307753952,Topo Chico Hard Seltzer Tropical Mango 330Ml,https://www.tesco.com/groceries/en-GB/shop/drinks/all?department=Ready%20To%20Drink%20Wine%20%26%20Spirits&viewAll=department&page=,£2.20,£6.67/litre,Any 4 for 3 Clubcard Price - Cheapest Product Free - Selected Premix Cans 125ml - 440ml,,/groceries/en-GB/products/307753952,https://digitalcontent.api.tesco.com/v2/media/ghs/a4e2d360-1589-450a-8425-f6e0b749c120/02dc7581-36bc-40d4-988c-f8d76c3b765c_1042379013.jpeg?h=225&w=225,
308486137,Smirnoff Ice Tropical Vodka Drink 70Cl,https://www.tesco.com/groceries/en-GB/shop/drinks/all?department=Ready%20To%20Drink%20Wine%20%26%20Spirits&viewAll=department&page=,£3.00,£4.29/litre,,,/groceries/en-GB/products/308486137,https://digitalcontent.api.tesco.com/v2/media/ghs/cf5f9afb-7269-457a-9736-dbca5db19aec/05fc2f81-2e23-49f8-b3b5-29e41f6622d9_1618107790.jpeg?h=225&w=225,
306939913,& Soda Mexican Lime Vodka Soda 330Ml,https://www.tesco.com/groceries/en-GB/shop/drinks/all?department=Ready%20To%20Drink%20Wine%20%26%20Spirits&viewAll=department&page=,£2.25,£6.82/litre,Any 4 for 3 Clubcard Price - Cheapest Product Free - Selected Premix Cans 125ml - 440ml,,/groceries/en-GB/products/306939913,https://digitalcontent.api.tesco.com/v2/media/ghs/f79f1bcb-9c41-4d6f-bc5c-749a27509c0c/4fda6832-34e3-4717-905b-fa5eb1e09cb2_1754228025.jpeg?h=225&w=225,
308450940,Malibu Watermelon Lemonade 250Ml,https://www.tesco.com/groceries/en-GB/shop/drinks/all?department=Ready%20To%20Drink%20Wine%20%26%20Spirits&viewAll=department&page=,£2.00,£8.00/litre,Any 4 for 3 Clubcard Price - Cheapest Product Free - Selected Premix Cans 125ml - 440ml,,/groceries/en-GB/products/308450940,https://digitalcontent.api.tesco.com/v2/media/ghs/91fc5183-6bb8-477c-9336-0197b459aebd/a1a798e4-a214-4af1-b1b7-357b3913d624_24011947.jpeg?h=225&w=225,
311692764,All Shook Up Mango Margarita Ready To Drink Cocktail 250Ml,https://www.tesco.com/groceries/en-GB/shop/drinks/all?department=Ready%20To%20Drink%20Wine%20%26%20Spirits&viewAll=department&page=,£1.85,£7.40/litre,Any 4 for 3 Clubcard Price - Cheapest Product Free - Selected Premix Cans 125ml - 440ml,,/groceries/en-GB/products/311692764,https://digitalcontent.api.tesco.com/v2/media/ghs/cadc8256-7df0-40ce-b76d-29cfa3fd85ca/dd7bcaa3-9bd5-482f-a4b1-cef0fc8c4198_663567779.jpeg?h=225&w=225,
294970697,Tesco Finest Marlborough Sauvignon Blanc 187Ml,https://www.tesco.com/groceries/en-GB/shop/drinks/all?department=Ready%20To%20Drink%20Wine%20%26%20Spirits&viewAll=department&page=,£2.60,£10.43/75cl,Any 4 for 3 Clubcard Price - Cheapest Product Free - Selected Premix Cans 125ml - 440ml,,/groceries/en-GB/products/294970697,https://digitalcontent.api.tesco.com/v2/media/ghs/36964a28-8b83-408a-a2a4-690ba46d3143/753bf444-80a0-4660-8a27-a2d0b84a1d91.jpeg?h=225&w=225,
305834376,Kopparberg Gin Passion Fruit Orange & Lemonade 250Ml,https://www.tesco.com/groceries/en-GB/shop/drinks/all?department=Ready%20To%20Drink%20Wine%20%26%20Spirits&viewAll=department&page=,£1.95,£7.80/litre,Any 4 for 3 Clubcard Price - Cheapest Product Free - Selected Premix Cans 125ml - 440ml,,/groceries/en-GB/products/305834376,https://digitalcontent.api.tesco.com/v2/media/ghs/6aabe2fa-77ab-4a3b-a131-af04c74b99a3/97a47f86-9216-4e1e-9ed4-1cf235f0c6c9_2017214989.jpeg?h=225&w=225,
311446014,Grey Goose Essences Strawberry Lemongrass Vodka Spritz 250Ml,https://www.tesco.com/groceries/en-GB/shop/drinks/all?department=Ready%20To%20Drink%20Wine%20%26%20Spirits&viewAll=department&page=,£2.80,£11.20/litre,Any 4 for 3 Clubcard Price - Cheapest Product Free - Selected Premix Cans 125ml - 440ml,,/groceries/en-GB/products/311446014,https://digitalcontent.api.tesco.com/v2/media/ghs/d7bd4a16-6c87-4b31-b58d-19e6ed60f83f/1377f338-7911-4777-a2d5-e1621c9bf6cf_1205886682.jpeg?h=225&w=225,
308483751,Tanqueray London Dry Gin & Tonic 250Ml,https://www.tesco.com/groceries/en-GB/shop/drinks/all?department=Ready%20To%20Drink%20Wine%20%26%20Spirits&viewAll=department&page=,£2.50,£10.00/litre,Any 4 for 3 Clubcard Price - Cheapest Product Free - Selected Premix Cans 125ml - 440ml,,/groceries/en-GB/products/308483751,https://digitalcontent.api.tesco.com/v2/media/ghs/51f86c9c-9072-47ad-921f-df331a86188c/e739f818-fe34-4ce2-9a06-93e27af7f286_91860690.jpeg?h=225&w=225,
303390298,Sipsmith Gin And Tonic 250Ml,https://www.tesco.com/groceries/en-GB/shop/drinks/all?department=Ready%20To%20Drink%20Wine%20%26%20Spirits&viewAll=department&page=,£2.60,£10.40/litre,Any 4 for 3 Clubcard Price - Cheapest Product Free - Selected Premix Cans 125ml - 440ml,,/groceries/en-GB/products/303390298,https://digitalcontent.api.tesco.com/v2/media/ghs/f7f3887e-639c-4ca8-807a-07721f3c3d31/64e8d047-9b50-4099-af3c-24c517c68428_119162211.jpeg?h=225&w=225,
311439530,Batch & Bottle Hendrick's Gin Martini Ready To Drink Cocktail 50Cl,https://www.tesco.com/groceries/en-GB/shop/drinks/all?department=Ready%20To%20Drink%20Wine%20%26%20Spirits&viewAll=department&page=,£22.00,£44.00/litre,,,/groceries/en-GB/products/311439530,https://digitalcontent.api.tesco.com/v2/media/ghs/6d0885dc-a9f6-470d-8993-b75a3c4ea1a0/ed0ca05a-dd86-42ac-9ab9-c8e314c1c1df_361160569.jpeg?h=225&w=225,
312111455,Batch & Bottle Reyka Rhubarb Cosmo Ready To Drink Cocktail 50Cl,https://www.tesco.com/groceries/en-GB/shop/drinks/all?department=Ready%20To%20Drink%20Wine%20%26%20Spirits&viewAll=department&page=,£22.00,£44.00/litre,,,/groceries/en-GB/products/312111455,https://digitalcontent.api.tesco.com/v2/media/ghs/8240f865-afd5-428f-8426-09c18b89a850/d950775e-cda1-46cd-8f5a-a69cfd538f8a_715707187.jpeg?h=225&w=225,
310136057,Corona Tropical Variety Pack 8X330ml,https://www.tesco.com/groceries/en-GB/shop/drinks/all?department=Ready%20To%20Drink%20Wine%20%26%20Spirits&viewAll=department&page=,£16.00,£6.07/litre,,,/groceries/en-GB/products/310136057,https://digitalcontent.api.tesco.com/v2/media/ghs/3609fbe3-da25-4cbe-9318-d435e2fcc52a/b52b8cc1-3590-45e7-adf4-4bd6e95bbb0c_339368818.jpeg?h=225&w=225,
311426127,Batch & Bottle Monkey Shoulder Ready To Drink Cocktail 50Cl,https://www.tesco.com/groceries/en-GB/shop/drinks/all?department=Ready%20To%20Drink%20Wine%20%26%20Spirits&viewAll=department&page=,£22.00,£44.00/litre,,,/groceries/en-GB/products/311426127,https://digitalcontent.api.tesco.com/v2/media/ghs/2f4ed867-9f7e-4a0d-af97-30c16a81f4fc/ec729028-6a84-454c-bf12-f74be92654bb_336060235.jpeg?h=225&w=225,
307752423,Topo Chico Hard Seltzer Variety Pack 6X330ml,https://www.tesco.com/groceries/en-GB/shop/drinks/all?department=Ready%20To%20Drink%20Wine%20%26%20Spirits&viewAll=department&page=,£11.00,£5.56/litre,,,/groceries/en-GB/products/307752423,https://digitalcontent.api.tesco.com/v2/media/ghs/31b959d1-a210-4c9b-95f2-6914f097aa83/2def2627-af57-4991-8258-ba2d6dc2aae3_572795864.jpeg?h=225&w=225,
309198730,Funkin Cocktails Strawberry Daiquiri 700Ml,https://www.tesco.com/groceries/en-GB/shop/drinks/all?department=Ready%20To%20Drink%20Wine%20%26%20Spirits&viewAll=department&page=,£9.00,£12.86/litre,,,/groceries/en-GB/products/309198730,https://digitalcontent.api.tesco.com/v2/media/ghs/3e60218a-1bb6-4fe8-85e1-32d629c20854/b4c28f6b-494c-466e-aeb0-0009a35da135_1104058235.jpeg?h=225&w=225,
309174021,Funkin Cocktails Pina Colada 700Ml,https://www.tesco.com/groceries/en-GB/shop/drinks/all?department=Ready%20To%20Drink%20Wine%20%26%20Spirits&viewAll=department&page=,£9.00,£12.86/litre,,,/groceries/en-GB/products/309174021,https://digitalcontent.api.tesco.com/v2/media/ghs/0334a746-a81a-4040-b304-d3ba28fe524a/b6ccb397-4393-434b-acc6-0f7f1183df92_87923909.jpeg?h=225&w=225,
311804173,Tails Cocktails Rum Daiquiri Cocktail 500Ml,https://www.tesco.com/groceries/en-GB/shop/drinks/all?department=Ready%20To%20Drink%20Wine%20%26%20Spirits&viewAll=department&page=,£15.00,£30.00/litre,£12.00 Clubcard Price,,/groceries/en-GB/products/311804173,https://digitalcontent.api.tesco.com/v2/media/ghs/af52ac47-d640-4eda-bf9d-d88d16b1b4da/727c88b9-a5d6-4ae4-a694-c1180432b2ff_1709663056.jpeg?h=225&w=225,
311254673,Funkin Cocktails Peach On The Beach 700Ml,https://www.tesco.com/groceries/en-GB/shop/drinks/all?department=Ready%20To%20Drink%20Wine%20%26%20Spirits&viewAll=department&page=,£9.00,£12.86/litre,,,/groceries/en-GB/products/311254673,https://digitalcontent.api.tesco.com/v2/media/ghs-mktg/b0b04216-fa73-466d-a9d7-c9fcfa1ce9b3/no-image.jpeg,
254844107,Tesco Finest Pinot Grigio 75Cl,https://www.tesco.com/groceries/en-GB/shop/drinks/all?department=Finest%20Drinks&viewAll=department&page=,£7.00,£7.00/75cl,Buy 6 or more Save 25% Clubcard Price - Save 25% On Selected Wines When You Buy 6 + Bottles,,/groceries/en-GB/products/254844107,https://digitalcontent.api.tesco.com/v2/media/ghs/c01b6bb7-152a-4853-87cb-7279e35f06c8/6e83cf32-a5ad-4c2c-adf5-fe300604c9a3_1950427164.jpeg?h=225&w=225,
267931157,Tesco Finest Picpoul De Pinet 75Cl,https://www.tesco.com/groceries/en-GB/shop/drinks/all?department=Finest%20Drinks&viewAll=department&page=,£9.00,£9.00/75cl,Buy 6 or more Save 25% Clubcard Price - Save 25% On Selected Wines When You Buy 6 + Bottles,,/groceries/en-GB/products/267931157,https://digitalcontent.api.tesco.com/v2/media/ghs/cacc38db-c337-407c-ad1a-ec0f4964c3c8/1f630884-4a8e-415a-8926-f84779082e9b.jpeg?h=225&w=225,
278856788,Tesco Finest Fairtrade Guatemala Ground Coffee 227G,https://www.tesco.com/groceries/en-GB/shop/drinks/all?department=Finest%20Drinks&viewAll=department&page=,£3.90,£1.72/100g,,,/groceries/en-GB/products/278856788,https://digitalcontent.api.tesco.com/v2/media/ghs/3ef5e86c-7610-4ee1-a2ea-18fb984509cd/6cb88165-6c67-476a-8ca3-e8b0ab8be2f0_1844187030.jpeg?h=225&w=225,
278754989,Tesco Finest Colombian Supremo Ground Coffee 227G,https://www.tesco.com/groceries/en-GB/shop/drinks/all?department=Finest%20Drinks&viewAll=department&page=,£3.90,£1.72/100g,,,/groceries/en-GB/products/278754989,https://digitalcontent.api.tesco.com/v2/media/ghs/614d661b-e5ce-49f6-86b1-c155bfb11595/ecc39a1b-a47d-48ee-b97a-04017a922b59_684108817.jpeg?h=225&w=225,
304411671,Tesco Finest Pinot Grigio Blush 75Cl,https://www.tesco.com/groceries/en-GB/shop/drinks/all?department=Finest%20Drinks&viewAll=department&page=,£7.00,£7.00/75cl,Buy 6 or more Save 25% Clubcard Price - Save 25% On Selected Wines When You Buy 6 + Bottles,,/groceries/en-GB/products/304411671,https://digitalcontent.api.tesco.com/v2/media/ghs/17b9dbb0-a4b2-4869-9b30-2fca0bdbeae9/ad181076-a3d1-4968-92de-497b52832145.jpeg?h=225&w=225,
278856828,Tesco Finest Roast & Ground Coffee Sumatra Java Sumatra227g,https://www.tesco.com/groceries/en-GB/shop/drinks/all?department=Finest%20Drinks&viewAll=department&page=,£3.90,£1.72/100g,,,/groceries/en-GB/products/278856828,https://digitalcontent.api.tesco.com/v2/media/ghs/cced831b-a9c7-4281-a6be-995d1497342b/31c543bc-8e23-49c8-9ae7-34833e8cc400_551016063.jpeg?h=225&w=225,
300769449,Tesco Finest Fair Trade Colombian Beans 227G,https://www.tesco.com/groceries/en-GB/shop/drinks/all?department=Finest%20Drinks&viewAll=department&page=,£3.90,£1.72/100g,,,/groceries/en-GB/products/300769449,https://digitalcontent.api.tesco.com/v2/media/ghs/e08dad26-369f-4cf0-aae4-83f6fa8955fe/snapshotimagehandler_1506977849.jpeg?h=225&w=225,
292400132,Tesco Finest Provence Rose 75Cl,https://www.tesco.com/groceries/en-GB/shop/drinks/all?department=Finest%20Drinks&viewAll=department&page=,£9.00,£9.00/75cl,Buy 6 or more Save 25% Clubcard Price - Save 25% On Selected Wines When You Buy 6 + Bottles,,/groceries/en-GB/products/292400132,https://digitalcontent.api.tesco.com/v2/media/ghs/f7aed9a3-6116-447e-bd22-93445fd2f322/22113b2b-0cfe-493a-b7d8-041c9c93040c_1810515625.jpeg?h=225&w=225,
279342524,Tesco Finest English Breakfast 100 Tea Bags 250G,https://www.tesco.com/groceries/en-GB/shop/drinks/all?department=Finest%20Drinks&viewAll=department&page=,£2.60,£1.04/100g,,,/groceries/en-GB/products/279342524,https://digitalcontent.api.tesco.com/v2/media/ghs/9f79edcb-0521-479b-bf6f-f4b797f030ea/f5f48012-4a15-4938-93b3-d0899dfb8695_1655784955.jpeg?h=225&w=225,
279335960,Tesco Finest Earl Grey 100 Teabags 250G,https://www.tesco.com/groceries/en-GB/shop/drinks/all?department=Finest%20Drinks&viewAll=department&page=,£2.60,£1.04/100g,,,/groceries/en-GB/products/279335960,https://digitalcontent.api.tesco.com/v2/media/ghs-mktg/b0b04216-fa73-466d-a9d7-c9fcfa1ce9b3/no-image.jpeg,
296394206,Tesco Finest Monteforte Pinot Grigio 75Cl,https://www.tesco.com/groceries/en-GB/shop/drinks/all?department=Finest%20Drinks&viewAll=department&page=,£8.00,£8.00/75cl,£7.00 Clubcard Price,,/groceries/en-GB/products/296394206,https://digitalcontent.api.tesco.com/v2/media/ghs/42caf1f4-dc88-4702-9411-332af9386344/020f19db-7b7c-41d5-8b9c-b69516b1e1ec.jpeg?h=225&w=225,
305968079,Tesco Finest 10 Ristretto Espresso Capsules 54G,https://www.tesco.com/groceries/en-GB/shop/drinks/all?department=Finest%20Drinks&viewAll=department&page=,£2.90,£5.38/100g,£2.50 Clubcard Price,,/groceries/en-GB/products/305968079,https://digitalcontent.api.tesco.com/v2/media/ghs/b6ab8066-ac4d-4949-a446-f17849be382e/59108565-e31a-409a-85cf-15ac4a701a42_641638617.jpeg?h=225&w=225,
280145052,Tesco Finest Pecorino 75Cl,https://www.tesco.com/groceries/en-GB/shop/drinks/all?department=Finest%20Drinks&viewAll=department&page=,£7.00,£7.00/75cl,Buy 6 or more Save 25% Clubcard Price - Save 25% On Selected Wines When You Buy 6 + Bottles,,/groceries/en-GB/products/280145052,https://digitalcontent.api.tesco.com/v2/media/ghs/b7d21e65-6d65-4f0e-8771-478e12862fcb/4097deb7-3d98-4e1c-ae04-f8aaeff0ed62.jpeg?h=225&w=225,
262309747,Tesco Finest Prosecco Doc 75Cl,https://www.tesco.com/groceries/en-GB/shop/drinks/all?department=Finest%20Drinks&viewAll=department&page=,£8.50,£8.50/75cl,Buy 6 or more Save 25% Clubcard Price - Save 25% On Selected Wines When You Buy 6 + Bottles,,/groceries/en-GB/products/262309747,https://digitalcontent.api.tesco.com/v2/media/ghs/eec1da1a-e880-441e-8a40-8fafe325e9db/a0a4568a-8ace-4079-8b95-812111310a0c.jpeg?h=225&w=225,
305980173,Tesco Finest 10 Accordo Capsules No. 8 Strength 54G,https://www.tesco.com/groceries/en-GB/shop/drinks/all?department=Finest%20Drinks&viewAll=department&page=,£2.90,£5.38/100g,£2.50 Clubcard Price,,/groceries/en-GB/products/305980173,https://digitalcontent.api.tesco.com/v2/media/ghs/0dc96f22-0424-46a5-8aad-34373e655f5d/c4bde9ea-bef4-425e-9cc4-828b1491a1bf_70525953.jpeg?h=225&w=225,
305981689,Tesco Finest 10 Leggero Coffee Capsules Strength 6 54G,https://www.tesco.com/groceries/en-GB/shop/drinks/all?department=Finest%20Drinks&viewAll=department&page=,£2.90,£5.38/100g,£2.50 Clubcard Price,,/groceries/en-GB/products/305981689,https://digitalcontent.api.tesco.com/v2/media/ghs/f1548757-f13b-430c-859c-9c8497e298f7/4dd5f08f-9e92-4ca5-a087-6a09d2de65e4_421632210.jpeg?h=225&w=225,
305954406,Tesco Finest 10 Colombia Supremo Coffee Capsules 54G,https://www.tesco.com/groceries/en-GB/shop/drinks/all?department=Finest%20Drinks&viewAll=department&page=,£2.90,£5.38/100g,£2.50 Clubcard Price,,/groceries/en-GB/products/305954406,https://digitalcontent.api.tesco.com/v2/media/ghs/6e532192-b3d8-406d-8113-c6e5245ba226/2e4be9e1-88b9-41b1-9822-a35017a04c7b_1597645769.jpeg?h=225&w=225,
309204148,Tesco Finest Accordo Decaffeinated Coffee Capsules 54G,https://www.tesco.com/groceries/en-GB/shop/drinks/all?department=Finest%20Drinks&viewAll=department&page=,£2.90,£5.38/100g,£2.50 Clubcard Price,,/groceries/en-GB/products/309204148,https://digitalcontent.api.tesco.com/v2/media/ghs/b1edbbd8-587b-4d13-a162-ae6e338bc9bd/b14d5592-517e-4d2d-adaf-62070576a428_729888950.jpeg?h=225&w=225,
255819557,Tesco Finest Mosel Steep Slopes Riesling 75Cl,https://www.tesco.com/groceries/en-GB/shop/drinks/all?department=Finest%20Drinks&viewAll=department&page=,£7.00,£7.00/75cl,Buy 6 or more Save 25% Clubcard Price - Save 25% On Selected Wines When You Buy 6 + Bottles,,/groceries/en-GB/products/255819557,https://digitalcontent.api.tesco.com/v2/media/ghs/da83e1e9-8208-403d-96e3-d819213378ed/51565f89-629c-45f7-82c0-f34c1faad49e_49019121.jpeg?h=225&w=225,
279322232,Tesco Finest Assams 100 Teabags 250G,https://www.tesco.com/groceries/en-GB/shop/drinks/all?department=Finest%20Drinks&viewAll=department&page=,£2.60,£1.04/100g,,,/groceries/en-GB/products/279322232,https://digitalcontent.api.tesco.com/v2/media/ghs/630a79cc-62dd-4fb4-915a-09b292f83036/snapshotimagehandler_734188672.jpeg?h=225&w=225,
262557389,Tesco Finest Vinas Del Rey Albarino 75Cl,https://www.tesco.com/groceries/en-GB/shop/drinks/all?department=Finest%20Drinks&viewAll=department&page=,£9.50,£9.50/75cl,Buy 6 or more Save 25% Clubcard Price - Save 25% On Selected Wines When You Buy 6 + Bottles,,/groceries/en-GB/products/262557389,https://digitalcontent.api.tesco.com/v2/media/ghs/424541e6-9fbf-4b02-979b-026761a7d518/726de349-7cfa-42a2-b478-9fbb23dfc61e.jpeg?h=225&w=225,
279429982,Tesco Finest Costa Rican Instant Coffee 100G,https://www.tesco.com/groceries/en-GB/shop/drinks/all?department=Finest%20Drinks&viewAll=department&page=,£3.20,£3.20/100g,,,/groceries/en-GB/products/279429982,https://digitalcontent.api.tesco.com/v2/media/ghs/24758b29-93ba-4803-83fb-73b0046e62b5/c01f7b77-8b43-49e6-be48-e4d743d7b64c_1176149459.jpeg?h=225&w=225,
264534413,Tesco Finest Argentinian Malbec 75Cl,https://www.tesco.com/groceries/en-GB/shop/drinks/all?department=Finest%20Drinks&viewAll=department&page=,£8.00,£8.00/75cl,£6.00 Clubcard Price,,/groceries/en-GB/products/264534413,https://digitalcontent.api.tesco.com/v2/media/ghs/9f74e75b-861c-474c-a6f2-0da46eaffc66/a66f534f-0878-4c42-829a-85f7a289962f_664290771.jpeg?h=225&w=225,
274763247,Tesco Finest South African Sauvignon Blanc 75Cl,https://www.tesco.com/groceries/en-GB/shop/drinks/all?department=Finest%20Drinks&viewAll=department&page=,£7.50,£7.50/75cl,£6.00 Clubcard Price,,/groceries/en-GB/products/274763247,https://digitalcontent.api.tesco.com/v2/media/ghs/0b84aff7-8874-481c-93a2-c1f96c397b20/9ab250df-2b05-4a41-90e8-92f8c14b346b_1398438864.jpeg?h=225&w=225,
274670247,Tesco Finest South African Malbec 75Cl.,https://www.tesco.com/groceries/en-GB/shop/drinks/all?department=Finest%20Drinks&viewAll=department&page=,£7.50,£7.50/75cl,£6.00 Clubcard Price,,/groceries/en-GB/products/274670247,https://digitalcontent.api.tesco.com/v2/media/ghs/2567f107-83be-4660-a30f-99d19ad33a7c/4b6d82be-84cc-4576-8ed9-d00f5baa2ba8_2143677887.jpeg?h=225&w=225,
267378149,Tesco Finest Orange Juice With Bits 1L,https://www.tesco.com/groceries/en-GB/shop/drinks/all?department=Finest%20Drinks&viewAll=department&page=,£2.90,£0.29/100ml,,,/groceries/en-GB/products/267378149,https://digitalcontent.api.tesco.com/v2/media/ghs/22a1c7ef-9d30-49d7-b3ac-12c8030c5088/9636ccc5-1afa-48dd-937b-fc0d36d782ee.jpeg?h=225&w=225,
267378368,Tesco Finest Orange Juice Smooth 1L,https://www.tesco.com/groceries/en-GB/shop/drinks/all?department=Finest%20Drinks&viewAll=department&page=,£2.90,£0.29/100ml,,,/groceries/en-GB/products/267378368,https://digitalcontent.api.tesco.com/v2/media/ghs/91ffcdb5-8541-49ea-85fd-c474c8c89d7c/3caa21fe-aed9-4d62-b597-71fd801960d9.jpeg?h=225&w=225,
295077647,Tesco Finest Docg Valdobbiadene Prosecco 20Cl,https://www.tesco.com/groceries/en-GB/shop/drinks/all?department=Finest%20Drinks&viewAll=department&page=,£3.50,£13.13/75cl,Any 4 for 3 Clubcard Price - Cheapest Product Free - Selected Premix Cans 125ml - 440ml,,/groceries/en-GB/products/295077647,https://digitalcontent.api.tesco.com/v2/media/ghs/9fa37fd5-466b-45c4-9246-f6304b70b751/044f4a90-e1d8-43ee-863c-ac52f64139bc.jpeg?h=225&w=225,
274763570,Tesco Finest South African Shiraz 75Cl,https://www.tesco.com/groceries/en-GB/shop/drinks/all?department=Finest%20Drinks&viewAll=department&page=,£7.50,£7.50/75cl,£6.00 Clubcard Price,,/groceries/en-GB/products/274763570,https://digitalcontent.api.tesco.com/v2/media/ghs/6891ac06-124f-4132-88a8-23efb69f09e4/ba21243a-6f22-458b-b46e-734ee75b132b_647235251.jpeg?h=225&w=225,
292542643,Tesco Finest Passerina 75Cl,https://www.tesco.com/groceries/en-GB/shop/drinks/all?department=Finest%20Drinks&viewAll=department&page=,£7.00,£7.00/75cl,£6.00 Clubcard Price,,/groceries/en-GB/products/292542643,https://digitalcontent.api.tesco.com/v2/media/ghs/2cd358b2-7012-4a61-848c-0882e1f05b58/1b601ec5-8d9b-4f81-9272-e8b41ec248ad.jpeg?h=225&w=225,
296637934,Tesco Finest Chianti Classico DOCG 75Cl,https://www.tesco.com/groceries/en-GB/shop/drinks/all?department=Finest%20Drinks&viewAll=department&page=,£8.00,£8.00/75cl,Buy 6 or more Save 25% Clubcard Price - Save 25% On Selected Wines When You Buy 6 + Bottles,,/groceries/en-GB/products/296637934,https://digitalcontent.api.tesco.com/v2/media/ghs/bb5156c9-5801-4844-8e69-09a079e21ce5/993257af-586d-480b-9b6c-a09e9602c440.jpeg?h=225&w=225,
306655269,Tesco Finest Prosecco Rose 75Cl,https://www.tesco.com/groceries/en-GB/shop/drinks/all?department=Finest%20Drinks&viewAll=department&page=,£8.50,£8.50/75cl,Buy 6 or more Save 25% Clubcard Price - Save 25% On Selected Wines When You Buy 6 + Bottles,,/groceries/en-GB/products/306655269,https://digitalcontent.api.tesco.com/v2/media/ghs/25f640df-8cb4-458d-ac9c-b97995d26cae/04f467e0-6c07-4f63-b006-651703c33673_244528832.jpeg?h=225&w=225,
261787141,Tesco Finest Rioja Reserva 75Cl,https://www.tesco.com/groceries/en-GB/shop/drinks/all?department=Finest%20Drinks&viewAll=department&page=,£9.00,£9.00/75cl,Buy 6 or more Save 25% Clubcard Price - Save 25% On Selected Wines When You Buy 6 + Bottles,,/groceries/en-GB/products/261787141,https://digitalcontent.api.tesco.com/v2/media/ghs/43b8d47d-6fd7-439e-89f5-4770c828612d/8c2e12d7-3a3d-4bd9-b729-b264559efef8.jpeg?h=225&w=225,
301202376,Tesco Finest Argentinian Malbec Rose 75Cl,https://www.tesco.com/groceries/en-GB/shop/drinks/all?department=Finest%20Drinks&viewAll=department&page=,£8.00,£8.00/75cl,£6.00 Clubcard Price,,/groceries/en-GB/products/301202376,https://digitalcontent.api.tesco.com/v2/media/ghs/716ab5a9-79cd-4830-96bd-bd66afb2917a/592e9ac7-63e4-40d8-990f-f92e659bf452_868116634.jpeg?h=225&w=225,
306665879,Tesco Finest Cotes Du Rhone Villages 75Cl,https://www.tesco.com/groceries/en-GB/shop/drinks/all?department=Finest%20Drinks&viewAll=department&page=,£8.00,£8.00/75cl,£7.00 Clubcard Price,,/groceries/en-GB/products/306665879,https://digitalcontent.api.tesco.com/v2/media/ghs/a69fc9c7-40e6-444b-ae9f-06413c3d0681/f4f9ce3b-9c94-4e23-a6c1-76280c0cedac_673707821.jpeg?h=225&w=225,
280144462,Tesco Finest Marlborough Pinot Noir 75Cl,https://www.tesco.com/groceries/en-GB/shop/drinks/all?department=Finest%20Drinks&viewAll=department&page=,£9.00,£9.00/75cl,Buy 6 or more Save 25% Clubcard Price - Save 25% On Selected Wines When You Buy 6 + Bottles,,/groceries/en-GB/products/280144462,https://digitalcontent.api.tesco.com/v2/media/ghs/191a35d1-6ca4-46e7-9211-11eb60d96667/515707cf-aa52-49d4-b6d2-82f221b13307_397311140.jpeg?h=225&w=225,
274670437,Tesco Finest South African Pinotage 75Cl,https://www.tesco.com/groceries/en-GB/shop/drinks/all?department=Finest%20Drinks&viewAll=department&page=,£7.50,£7.50/75cl,£6.00 Clubcard Price,,/groceries/en-GB/products/274670437,https://digitalcontent.api.tesco.com/v2/media/ghs/01c58ab5-da5b-4b3c-b154-8b086155e12c/d3e12bd2-4930-4107-ab94-e820bd26cdff_506578129.jpeg?h=225&w=225,
309499005,Tesco Finest Primitivo Terre Di Chieti 75Cl,https://www.tesco.com/groceries/en-GB/shop/drinks/all?department=Finest%20Drinks&viewAll=department&page=,£7.00,£7.00/75cl,£6.00 Clubcard Price,,/groceries/en-GB/products/309499005,https://digitalcontent.api.tesco.com/v2/media/ghs/ef9f92e7-50cf-4665-8cde-5563e3635dbe/3e93dc11-6307-4a43-a53b-8c66a0211eb9_25862242.jpeg?h=225&w=225,
292561021,Finest Prosecco Valdobbiadene Docg 75Cl,https://www.tesco.com/groceries/en-GB/shop/drinks/all?department=Finest%20Drinks&viewAll=department&page=,£10.00,£10.00/75cl,£9.00 Clubcard Price,,/groceries/en-GB/products/292561021,https://digitalcontent.api.tesco.com/v2/media/ghs/2c8ae51c-7605-4845-90a4-036a5a601acd/0547641a-76a6-485f-a99d-e9832a4f941a.jpeg?h=225&w=225,
253838883,Tesco Finest 1531 Blanquette De Limoux 75Cl,https://www.tesco.com/groceries/en-GB/shop/drinks/all?department=Finest%20Drinks&viewAll=department&page=,£9.50,£9.50/75cl,Buy 6 or more Save 25% Clubcard Price - Save 25% On Selected Wines When You Buy 6 + Bottles,,/groceries/en-GB/products/253838883,https://digitalcontent.api.tesco.com/v2/media/ghs/03619dd5-e8d7-4345-8f69-9c649e8bf5a5/32790a71-5618-4d70-ada7-880bd5192681_1802575654.jpeg?h=225&w=225,
303183780,Tesco Finest Chablis 75Cl,https://www.tesco.com/groceries/en-GB/shop/drinks/all?department=Finest%20Drinks&viewAll=department&page=,£15.00,£15.00/75cl,£11.00 Clubcard Price,,/groceries/en-GB/products/303183780,https://digitalcontent.api.tesco.com/v2/media/ghs/048bcd47-9efb-4531-8b5c-7d6b53a4b0f3/9a4da166-70bf-4615-9ffe-c6fa0e66c8e6.jpeg?h=225&w=225,
255245446,Tesco Finest Premier Cru Brut Champagne 75Cl,https://www.tesco.com/groceries/en-GB/shop/drinks/all?department=Finest%20Drinks&viewAll=department&page=,£23.00,£23.00/75cl,Buy 6 or more Save 25% Clubcard Price - Save 25% On Selected Wines When You Buy 6 + Bottles,,/groceries/en-GB/products/255245446,https://digitalcontent.api.tesco.com/v2/media/ghs/fc5e1ac5-7e18-4812-bbc9-ed30ff82a3fc/c0197bc9-8db5-4244-b26f-953bbbf5a2af.jpeg?h=225&w=225,
285694317,Tesco Finest Xo Brandy 70Cl,https://www.tesco.com/groceries/en-GB/shop/drinks/all?department=Finest%20Drinks&viewAll=department&page=,£16.50,£23.58/litre,,,/groceries/en-GB/products/285694317,https://digitalcontent.api.tesco.com/v2/media/ghs/6629fb92-6df1-46dd-b4e1-9a05df9a2abc/60932df5-b7de-4a60-8208-cf0f07c8435e.jpeg?h=225&w=225,
306943389,Tesco Finest Ribera Del Duero 75Cl,https://www.tesco.com/groceries/en-GB/shop/drinks/all?department=Finest%20Drinks&viewAll=department&page=,£12.00,£12.00/75cl,Buy 6 or more Save 25% Clubcard Price - Save 25% On Selected Wines When You Buy 6 + Bottles,,/groceries/en-GB/products/306943389,https://digitalcontent.api.tesco.com/v2/media/ghs/0bd78b3a-9e85-4bef-aef7-11cdc72ee8e1/0d6522dc-7986-47d6-8eb8-e49a1fac26ca_485468574.jpeg?h=225&w=225,
309470217,Tesco Finest Irish Cream Liqueur Lebkuchen Spiced Gingerbread 70Cl,https://www.tesco.com/groceries/en-GB/shop/drinks/all?department=Finest%20Drinks&viewAll=department&page=,£8.82,£12.60/litre,Reduced to Clear Was £12.60 Now £8.82,,/groceries/en-GB/products/309470217,https://digitalcontent.api.tesco.com/v2/media/ghs/b4498536-3923-4a38-b077-1e0e3c4b4f19/22289336-9630-4f69-818d-7c6ec190df55_380607823.jpeg?h=225&w=225,
278755124,Tesco Finest Costa Rican Fair Trade Coffee 227G,https://www.tesco.com/groceries/en-GB/shop/drinks/all?department=Finest%20Drinks&viewAll=department&page=,£3.90,£1.72/100g,,,/groceries/en-GB/products/278755124,https://digitalcontent.api.tesco.com/v2/media/ghs/94198b34-3524-41ff-8bb3-75a87c200fa0/b2e84e98-7d7b-4373-9c7e-e4673bc4d56f_1549048402.jpeg?h=225&w=225,
278777046,Tesco Finest Peppermint Leaves Pyramid Tea 15S 30G,https://www.tesco.com/groceries/en-GB/shop/drinks/all?department=Finest%20Drinks&viewAll=department&page=,£3.15,£10.50/100g,,,/groceries/en-GB/products/278777046,https://digitalcontent.api.tesco.com/v2/media/ghs/e20e1ef0-1543-4f6c-8d89-2aed9df1e578/24e13f5e-0fb0-4df9-b0c9-3382ef62dd39_667135509.jpeg?h=225&w=225,
300769426,Tesco Finest Faitrade Sumatra Beans 227G,https://www.tesco.com/groceries/en-GB/shop/drinks/all?department=Finest%20Drinks&viewAll=department&page=,£3.90,£1.72/100g,,,/groceries/en-GB/products/300769426,https://digitalcontent.api.tesco.com/v2/media/ghs/eff843ae-1ff5-4262-99fb-d43995b73fd3/snapshotimagehandler_1962572508.jpeg?h=225&w=225,
300344969,Tesco Finest Fairtrade Costa Rican Bean 227G,https://www.tesco.com/groceries/en-GB/shop/drinks/all?department=Finest%20Drinks&viewAll=department&page=,£3.90,£1.72/100g,,,/groceries/en-GB/products/300344969,https://digitalcontent.api.tesco.com/v2/media/ghs/ea699e6f-019c-4cad-a957-c68691e0cc4e/snapshotimagehandler_1985603661.jpeg?h=225&w=225,
278856840,Tesco Finest Kenyan Fair Trade Ground Coffee 227G,https://www.tesco.com/groceries/en-GB/shop/drinks/all?department=Finest%20Drinks&viewAll=department&page=,£3.90,£1.72/100g,,,/groceries/en-GB/products/278856840,https://digitalcontent.api.tesco.com/v2/media/ghs/cc18c354-6f18-4471-bf7b-78bdaac25b19/64de82cd-175c-40c0-984c-7bc72c02b58e_292727658.jpeg?h=225&w=225,
295163643,Tesco Finest Saint Emilion Grand Cru 75Cl,https://www.tesco.com/groceries/en-GB/shop/drinks/all?department=Finest%20Drinks&viewAll=department&page=,£17.00,£17.00/75cl,£15.00 Clubcard Price,,/groceries/en-GB/products/295163643,https://digitalcontent.api.tesco.com/v2/media/ghs/eef0087f-4f2a-44ce-973f-daf2a0afef83/dca456e3-e073-42cf-a92d-0b9d22774818.jpeg?h=225&w=225,
278776974,Tesco Finest Green Jasmine Pyramid Tea 15S 30G,https://www.tesco.com/groceries/en-GB/shop/drinks/all?department=Finest%20Drinks&viewAll=department&page=,£3.15,£10.50/100g,,,/groceries/en-GB/products/278776974,https://digitalcontent.api.tesco.com/v2/media/ghs/7632c12e-a5f1-43db-8410-3212349fd1f8/c5e22af8-46c0-4d8c-a2b5-5bf6e7198911_720245358.jpeg?h=225&w=225,
299803802,Tesco Finest Cream Sherry 37.5Cl,https://www.tesco.com/groceries/en-GB/shop/drinks/all?department=Finest%20Drinks&viewAll=department&page=,£6.50,£13.00/75cl,,,/groceries/en-GB/products/299803802,https://digitalcontent.api.tesco.com/v2/media/ghs/624c4e7c-4e40-49f5-b03b-aa4b5184cec5/a63da8be-eddf-4fbc-b886-e302e9d9a0ed_1344456097.jpeg?h=225&w=225,
295211063,Tesco Finest Valpolicella Ripasso 75Cl,https://www.tesco.com/groceries/en-GB/shop/drinks/all?department=Finest%20Drinks&viewAll=department&page=,£11.00,£11.00/75cl,Buy 6 or more Save 25% Clubcard Price - Save 25% On Selected Wines When You Buy 6 + Bottles,,/groceries/en-GB/products/295211063,https://digitalcontent.api.tesco.com/v2/media/ghs/8851f2ae-87ae-4981-a7a4-52c693034ef5/8ef667ac-e9b1-4d0f-8d06-d0cfea5c7134_1628129372.jpeg?h=225&w=225,
305952587,Tesco Finest Douro 75Cl,https://www.tesco.com/groceries/en-GB/shop/drinks/all?department=Finest%20Drinks&viewAll=department&page=,£10.00,£10.00/75cl,Buy 6 or more Save 25% Clubcard Price - Save 25% On Selected Wines When You Buy 6 + Bottles,,/groceries/en-GB/products/305952587,https://digitalcontent.api.tesco.com/v2/media/ghs/10b28809-59a2-4f60-824a-f12a6eede728/0d003c92-90ea-48ec-8ae6-e678907eb0eb_903838387.jpeg?h=225&w=225,
283868185,Tesco Finest Saint Chinian 75Cl,https://www.tesco.com/groceries/en-GB/shop/drinks/all?department=Finest%20Drinks&viewAll=department&page=,£9.00,£9.00/75cl,Buy 6 or more Save 25% Clubcard Price - Save 25% On Selected Wines When You Buy 6 + Bottles,,/groceries/en-GB/products/283868185,https://digitalcontent.api.tesco.com/v2/media/ghs/885e67f8-a4f4-4b8c-affb-2482d3de0953/77b40154-ae08-4885-b44b-f4aeeaf32b81.jpeg?h=225&w=225,
299817705,Tesco Finest Pedro Ximenez 37.5Cl,https://www.tesco.com/groceries/en-GB/shop/drinks/all?department=Finest%20Drinks&viewAll=department&page=,£6.50,£13.00/75cl,,,/groceries/en-GB/products/299817705,https://digitalcontent.api.tesco.com/v2/media/ghs/cbc72cee-1a32-4855-8a16-3696c2c58a27/2c8f50e2-65bb-4f6e-a5ef-91e37a22d1a7.jpeg?h=225&w=225,
280520808,Tesco Finest Sicilian Lemon & Mint Presse 750Ml,https://www.tesco.com/groceries/en-GB/shop/drinks/all?department=Finest%20Drinks&viewAll=department&page=,£2.20,£0.29/100ml,,,/groceries/en-GB/products/280520808,https://digitalcontent.api.tesco.com/v2/media/ghs/346b0a58-8d39-4a1e-b946-e48233f74503/c3d15d01-bf61-4380-8e01-79d1a06044d3_325312350.jpeg?h=225&w=225,
309760836,Tesco Finest 10 Seasonal Coffee Capsules 54G,https://www.tesco.com/groceries/en-GB/shop/drinks/all?department=Finest%20Drinks&viewAll=department&page=,£2.90,£5.38/100g,,,/groceries/en-GB/products/309760836,https://digitalcontent.api.tesco.com/v2/media/ghs/086f4587-858f-486b-8726-0ef66fd560a7/8e7be9e3-ee7b-4e6d-a178-b9c667f1ecb5_183364699.jpeg?h=225&w=225,
297097349,Tesco Finest New Zealand Chardonnay 75Cl,https://www.tesco.com/groceries/en-GB/shop/drinks/all?department=Finest%20Drinks&viewAll=department&page=,£9.00,£9.00/75cl,Buy 6 or more Save 25% Clubcard Price - Save 25% On Selected Wines When You Buy 6 + Bottles,,/groceries/en-GB/products/297097349,https://digitalcontent.api.tesco.com/v2/media/ghs/8771145f-0734-4f47-aa0e-8bc7cf605799/0eb4cfc5-418b-4570-b5ce-8b5741a7f002.jpeg?h=225&w=225,
280520935,Tesco Finest Cox's Apple & Elder Presse 750Ml,https://www.tesco.com/groceries/en-GB/shop/drinks/all?department=Finest%20Drinks&viewAll=department&page=,£2.20,£0.29/100ml,,,/groceries/en-GB/products/280520935,https://digitalcontent.api.tesco.com/v2/media/ghs/8810338b-e1c6-4924-8010-21a4a6a4c1c7/c077d3c2-438e-4563-9cc9-c6916e38a346_1858706219.jpeg?h=225&w=225,
309486061,Tesco Finest Colombian Micoground Coffee Espesso 100G,https://www.tesco.com/groceries/en-GB/shop/drinks/all?department=Finest%20Drinks&viewAll=department&page=,£3.00,£3.00/100g,,,/groceries/en-GB/products/309486061,https://digitalcontent.api.tesco.com/v2/media/ghs/1487514c-046f-4422-b0a3-dd67f5aa5e38/582bf6b1-93e3-4988-bf23-faa817d5da72_624495206.jpeg?h=225&w=225,
309450103,Tesco Finest Colombian Micoground Coffee Americano 100G,https://www.tesco.com/groceries/en-GB/shop/drinks/all?department=Finest%20Drinks&viewAll=department&page=,£3.00,£3.00/100g,,,/groceries/en-GB/products/309450103,https://digitalcontent.api.tesco.com/v2/media/ghs/ccb5f7ff-7df5-44da-bec2-b56eb93e2107/d1efa4c9-d12b-4ab6-8bf8-6b4c081451e9_362486264.jpeg?h=225&w=225,
306651439,Tesco Finest Pressed Pink Lady Apple Juice 1L,https://www.tesco.com/groceries/en-GB/shop/drinks/all?department=Finest%20Drinks&viewAll=department&page=,£2.60,£0.26/100ml,,,/groceries/en-GB/products/306651439,https://digitalcontent.api.tesco.com/v2/media/ghs/14c35736-45ca-4205-b487-4f72bce8b6c8/c84fe5a0-e363-48b9-9fac-d33eb9e941bf.jpeg?h=225&w=225,
306660389,Tesco Finest Sloe Berry & Plum Sparkling Drink 750Ml,https://www.tesco.com/groceries/en-GB/shop/drinks/all?department=Finest%20Drinks&viewAll=department&page=,£2.20,£0.29/100ml,,,/groceries/en-GB/products/306660389,https://digitalcontent.api.tesco.com/v2/media/ghs/9a216ed8-d16f-4743-bd68-4f52a1ab240c/f4d16935-610e-4887-8f94-8c9cffa411ea_550461225.jpeg?h=225&w=225,
279322422,Tesco Finest Ceylon Teabags 50'S 125G,https://www.tesco.com/groceries/en-GB/shop/drinks/all?department=Finest%20Drinks&viewAll=department&page=,£1.70,£1.36/100g,,,/groceries/en-GB/products/279322422,https://digitalcontent.api.tesco.com/v2/media/ghs/e03acc9d-8147-444a-8199-cf4e2b43efe2/1e4f8142-33b6-43f6-a2fa-bcec26ab5d16_1463904671.jpeg?h=225&w=225,
310666976,Tesco Finest Belgian Hot Chocolate Flakes 200G,https://www.tesco.com/groceries/en-GB/shop/drinks/all?department=Finest%20Drinks&viewAll=department&page=,£2.50,£1.25/100g,,,/groceries/en-GB/products/310666976,https://digitalcontent.api.tesco.com/v2/media/ghs/27193bfb-5ebf-44b1-a250-3dcbaef76d5f/5d9a6427-a90b-483b-a6e4-3bbc5c22268f_172505369.jpeg?h=225&w=225,
268733309,Tesco Finest Puemo Carmenere 75Cl,https://www.tesco.com/groceries/en-GB/shop/drinks/all?department=Finest%20Drinks&viewAll=department&page=,£8.00,£8.00/75cl,Buy 6 or more Save 25% Clubcard Price - Save 25% On Selected Wines When You Buy 6 + Bottles,,/groceries/en-GB/products/268733309,https://digitalcontent.api.tesco.com/v2/media/ghs/fca07240-395c-494c-aef5-a9e50422ad1b/c5c24b1c-9e51-4326-a31d-8ede06f60729_2099674097.jpeg?h=225&w=225,
279343685,Tesco Finest Vanilla Chai 50 Tea Bags 125G,https://www.tesco.com/groceries/en-GB/shop/drinks/all?department=Finest%20Drinks&viewAll=department&page=,£1.70,£1.36/100g,,,/groceries/en-GB/products/279343685,https://digitalcontent.api.tesco.com/v2/media/ghs/62aafce3-6b62-4dac-a41f-2cd5bc71ae08/snapshotimagehandler_286980302.jpeg?h=225&w=225,
300400500,Tesco Finest Santo Domingo Hot Chocolate 250G,https://www.tesco.com/groceries/en-GB/shop/drinks/all?department=Finest%20Drinks&viewAll=department&page=,£2.25,£0.90/100g,,,/groceries/en-GB/products/300400500,https://digitalcontent.api.tesco.com/v2/media/ghs/e60e4506-f7fb-4cbc-a490-d5332632e969/b75ae030-3db4-49e2-8cd5-5cbef2cc9ffe_1817121732.jpeg?h=225&w=225,
280116882,Tesco Finest The Trilogy Malbec 75Cl,https://www.tesco.com/groceries/en-GB/shop/drinks/all?department=Finest%20Drinks&viewAll=department&page=,£13.00,£13.00/75cl,Buy 6 or more Save 25% Clubcard Price - Save 25% On Selected Wines When You Buy 6 + Bottles,,/groceries/en-GB/products/280116882,https://digitalcontent.api.tesco.com/v2/media/ghs/17b5561c-73fa-4f2e-ae23-ae3249ca9c6b/70cc538b-6bbd-49bd-87b0-406096bde60a_338553949.jpeg?h=225&w=225,
296424450,Tesco Finest Barossa Shiraz 75Cl,https://www.tesco.com/groceries/en-GB/shop/drinks/all?department=Finest%20Drinks&viewAll=department&page=,£10.00,£10.00/75cl,Buy 6 or more Save 25% Clubcard Price - Save 25% On Selected Wines When You Buy 6 + Bottles,,/groceries/en-GB/products/296424450,https://digitalcontent.api.tesco.com/v2/media/ghs/a8fd56d9-16b9-4084-9e8c-b8bb6caa6248/461ee585-c27c-4ece-8c04-1259a3c4f812_1678304015.jpeg?h=225&w=225,
279335504,Tesco Finest Darjeeling Tea Bags 50'S 125G,https://www.tesco.com/groceries/en-GB/shop/drinks/all?department=Finest%20Drinks&viewAll=department&page=,£1.70,£1.36/100g,,,/groceries/en-GB/products/279335504,https://digitalcontent.api.tesco.com/v2/media/ghs/d9e7b5c0-d83b-4e0e-aeff-2d03d0445a51/ba5f3d7e-aa1a-4894-b426-57e5d642081e_95438047.jpeg?h=225&w=225,
309450649,Tesco Finest Colombian Microground Coffee Decaff Americano 100G,https://www.tesco.com/groceries/en-GB/shop/drinks/all?department=Finest%20Drinks&viewAll=department&page=,£3.00,£3.00/100g,,,/groceries/en-GB/products/309450649,https://digitalcontent.api.tesco.com/v2/media/ghs/a80348fa-4c84-4259-aa7a-2a744cf9b380/27264581-aa7b-4f4c-a724-6c62f0343e9c_1178798315.jpeg?h=225&w=225,
306827032,Tesco Finest Valle De Leyda Chardonnay 75Cl,https://www.tesco.com/groceries/en-GB/shop/drinks/all?department=Finest%20Drinks&viewAll=department&page=,£8.00,£8.00/75cl,Buy 6 or more Save 25% Clubcard Price - Save 25% On Selected Wines When You Buy 6 + Bottles,,/groceries/en-GB/products/306827032,https://digitalcontent.api.tesco.com/v2/media/ghs/137b5a70-b0b5-451b-bd81-fb9ca31f069d/67b3e7e2-f5db-4f52-bf2f-0142c022289c_1662929000.jpeg?h=225&w=225,
268741000,Tesco Finest Soave Classico Superiore 75Cl,https://www.tesco.com/groceries/en-GB/shop/drinks/all?department=Finest%20Drinks&viewAll=department&page=,£7.50,£7.50/75cl,Buy 6 or more Save 25% Clubcard Price - Save 25% On Selected Wines When You Buy 6 + Bottles,,/groceries/en-GB/products/268741000,https://digitalcontent.api.tesco.com/v2/media/ghs/4df229bd-543b-4306-88d4-c3cc0fad8ff2/6991e50c-e6c1-4896-8799-f1bf35345661.jpeg?h=225&w=225,
306822262,Tesco Finest West Australian Chardonnay 75Cl,https://www.tesco.com/groceries/en-GB/shop/drinks/all?department=Finest%20Drinks&viewAll=department&page=,£8.00,£8.00/75cl,Buy 6 or more Save 25% Clubcard Price - Save 25% On Selected Wines When You Buy 6 + Bottles,,/groceries/en-GB/products/306822262,https://digitalcontent.api.tesco.com/v2/media/ghs/a3568e93-7f23-4632-ae5c-4d7565384ecf/cb8926f5-7d0f-401e-a1dc-e55419f05b04_39203295.jpeg?h=225&w=225,
255245423,Tesco Finest Premier Cru Non Vintage Champagne 37.5Cl,https://www.tesco.com/groceries/en-GB/shop/drinks/all?department=Finest%20Drinks&viewAll=department&page=,£13.00,£26.00/75cl,Buy 6 or more Save 25% Clubcard Price - Save 25% On Selected Wines When You Buy 6 + Bottles,,/groceries/en-GB/products/255245423,https://digitalcontent.api.tesco.com/v2/media/ghs/e00a1304-7ab5-4389-b845-feee7fc28416/06607436-b92d-46f0-863b-f44eb9254f88_844801500.jpeg?h=225&w=225,
271773804,Tesco Finest Lussac St Emillion 75Cl,https://www.tesco.com/groceries/en-GB/shop/drinks/all?department=Finest%20Drinks&viewAll=department&page=,£9.00,£9.00/75cl,Buy 6 or more Save 25% Clubcard Price - Save 25% On Selected Wines When You Buy 6 + Bottles,,/groceries/en-GB/products/271773804,https://digitalcontent.api.tesco.com/v2/media/ghs/e65f05c9-3a0a-4429-8449-d591f1bd423c/26f8dee3-5a3b-4ebe-918a-401654320df1_1109430426.jpeg?h=225&w=225,
274763190,Tesco Finest Rose Champagne 75Cl,https://www.tesco.com/groceries/en-GB/shop/drinks/all?department=Finest%20Drinks&viewAll=department&page=,£24.00,£24.00/75cl,Buy 6 or more Save 25% Clubcard Price - Save 25% On Selected Wines When You Buy 6 + Bottles,,/groceries/en-GB/products/274763190,https://digitalcontent.api.tesco.com/v2/media/ghs/a518c51e-72fc-48a4-a4d0-dee0b2aad191/ee47f7c0-d80f-4c7e-9c4b-eb3bdd765fa4.jpeg?h=225&w=225,
286703157,Tesco Finest Amarone Valpolicella Docg 75C,https://www.tesco.com/groceries/en-GB/shop/drinks/all?department=Finest%20Drinks&viewAll=department&page=,£17.00,£17.00/75cl,Buy 6 or more Save 25% Clubcard Price - Save 25% On Selected Wines When You Buy 6 + Bottles,,/groceries/en-GB/products/286703157,https://digitalcontent.api.tesco.com/v2/media/ghs/4b0392f9-f006-41c0-a3cc-7391e83466a2/8c768b99-74ae-4aec-97ef-49b087d45733.jpeg?h=225&w=225,
254092414,Tesco Finest Chateauneuf Du Pape 75Cl,https://www.tesco.com/groceries/en-GB/shop/drinks/all?department=Finest%20Drinks&viewAll=department&page=,£19.00,£19.00/75cl,Buy 6 or more Save 25% Clubcard Price - Save 25% On Selected Wines When You Buy 6 + Bottles,,/groceries/en-GB/products/254092414,https://digitalcontent.api.tesco.com/v2/media/ghs/ef378354-4194-42b6-96be-75b9023474e6/f39237cf-f216-46cc-8479-2a07d3652b1c_496818904.jpeg?h=225&w=225,
261727766,Tesco Finest Sancerre 75Cl,https://www.tesco.com/groceries/en-GB/shop/drinks/all?department=Finest%20Drinks&viewAll=department&page=,£17.00,£17.00/75cl,Buy 6 or more Save 25% Clubcard Price - Save 25% On Selected Wines When You Buy 6 + Bottles,,/groceries/en-GB/products/261727766,https://digitalcontent.api.tesco.com/v2/media/ghs/da133b65-e540-4eae-b1e4-b4bf890f1ea7/613a6d8b-8404-44ca-8b1b-a05bcdb33b36.jpeg?h=225&w=225,
279753240,Tesco Finest Sancerre Rose 75Cl,https://www.tesco.com/groceries/en-GB/shop/drinks/all?department=Finest%20Drinks&viewAll=department&page=,£13.00,£13.00/75cl,Buy 6 or more Save 25% Clubcard Price - Save 25% On Selected Wines When You Buy 6 + Bottles,,/groceries/en-GB/products/279753240,https://digitalcontent.api.tesco.com/v2/media/ghs/c9a627ee-6bf7-47b0-9461-5ce6379d2c3c/9ed30b1f-195a-4114-b531-7ceb08e2bd11.jpeg?h=225&w=225,
262426280,Tesco Finest Pouilly Fume 75Cl,https://www.tesco.com/groceries/en-GB/shop/drinks/all?department=Finest%20Drinks&viewAll=department&page=,£14.00,£14.00/75cl,Buy 6 or more Save 25% Clubcard Price - Save 25% On Selected Wines When You Buy 6 + Bottles,,/groceries/en-GB/products/262426280,https://digitalcontent.api.tesco.com/v2/media/ghs/dfb088ba-f073-4815-97c7-e0f453b05c41/f0ace73e-cb28-48a6-bdf3-b1b2d4a303ef.jpeg?h=225&w=225,
255245469,Tesco Finest Vintage Champagne 75Cl,https://www.tesco.com/groceries/en-GB/shop/drinks/all?department=Finest%20Drinks&viewAll=department&page=,£28.00,£28.00/75cl,£25.00 Clubcard Price,,/groceries/en-GB/products/255245469,https://digitalcontent.api.tesco.com/v2/media/ghs/800d5d85-be5c-428a-ab2a-75c6643cda3b/374e56d1-6879-4de9-a540-a487a1b4a63e.jpeg?h=225&w=225,
295693637,Tesco Finest Cognac Xo 50Cl,https://www.tesco.com/groceries/en-GB/shop/drinks/all?department=Finest%20Drinks&viewAll=department&page=,£37.00,£74.00/litre,,,/groceries/en-GB/products/295693637,https://digitalcontent.api.tesco.com/v2/media/ghs/387c32d0-d112-4169-83eb-e83be491e77f/43c827d1-5cee-4c7b-8ba0-593f80b4afd7.jpeg?h=225&w=225,
293459308,Tesco Finest English Sparkling Wine 75Cl,https://www.tesco.com/groceries/en-GB/shop/drinks/all?department=Finest%20Drinks&viewAll=department&page=,£25.00,£25.00/75cl,Buy 6 or more Save 25% Clubcard Price - Save 25% On Selected Wines When You Buy 6 + Bottles,,/groceries/en-GB/products/293459308,https://digitalcontent.api.tesco.com/v2/media/ghs/98184d8f-95bb-4790-8746-61f30fd5f5d0/797f1219-4107-400a-9fd5-2b90b126ff11.jpeg?h=225&w=225,
280543695,Tesco Finest Salted Caramel Cream Liqueur 70Cl,https://www.tesco.com/groceries/en-GB/shop/drinks/all?department=Finest%20Drinks&viewAll=department&page=,£12.60,£18.00/litre,,,/groceries/en-GB/products/280543695,https://digitalcontent.api.tesco.com/v2/media/ghs/4f9fb24d-978c-4e4c-a8f8-2557443ded49/65a0aac4-4925-405e-a702-f461e80ab9ab.jpeg?h=225&w=225,
306824605,Tesco Finest Gingerbread Latte Cream Liqueur 70Cl,https://www.tesco.com/groceries/en-GB/shop/drinks/all?department=Finest%20Drinks&viewAll=department&page=,£12.60,£18.00/litre,,,/groceries/en-GB/products/306824605,https://digitalcontent.api.tesco.com/v2/media/ghs/d1338500-fd09-4e18-a7e6-4773fcfe27f9/7621e5f8-2dd4-4604-9b85-191df4b1ab93_1139935379.jpeg?h=225&w=225,
305731019,Tesco Finest The Melodist London Dry Gin 70Cl,https://www.tesco.com/groceries/en-GB/shop/drinks/all?department=Finest%20Drinks&viewAll=department&page=,£20.00,£28.58/litre,,,/groceries/en-GB/products/305731019,https://digitalcontent.api.tesco.com/v2/media/ghs/76f240e2-86e7-4b3b-a3cd-5bfa4ec814bf/a10afffd-e14b-4c5a-afd0-41c9d725bb04_464953003.jpeg?h=225&w=225,
272360456,Tesco Finest Late Bottled Vintage Port 75Cl,https://www.tesco.com/groceries/en-GB/shop/drinks/all?department=Finest%20Drinks&viewAll=department&page=,£11.50,£11.50/75cl,,,/groceries/en-GB/products/272360456,https://digitalcontent.api.tesco.com/v2/media/ghs/dae69232-6f40-4a77-8161-ca8c34b6ad02/73f18feb-c9bf-4090-8a4f-91639d934ba4_1158352467.jpeg?h=225&w=225,
299817671,Tesco Finest Fino Sherry 37.5Cl,https://www.tesco.com/groceries/en-GB/shop/drinks/all?department=Finest%20Drinks&viewAll=department&page=,£6.50,£13.00/75cl,,,/groceries/en-GB/products/299817671,https://digitalcontent.api.tesco.com/v2/media/ghs/2db8ce4f-fd7b-4a11-bea7-2fb2b5240081/dcf0d526-ca2d-4abd-84a8-a46d61e63717.jpeg?h=225&w=225,
252105986,Tesco Finest Barolo Docg 75Cl,https://www.tesco.com/groceries/en-GB/shop/drinks/all?department=Finest%20Drinks&viewAll=department&page=,£19.00,£19.00/75cl,Buy 6 or more Save 25% Clubcard Price - Save 25% On Selected Wines When You Buy 6 + Bottles,,/groceries/en-GB/products/252105986,https://digitalcontent.api.tesco.com/v2/media/ghs/8627fbef-9d5d-401d-bf44-4f19dd19e6c1/8ae286eb-7812-420d-962a-791cce82d5e3.jpeg?h=225&w=225,
296546080,Tesco Finest Grenache Shiraz Mourvedre 75Cl,https://www.tesco.com/groceries/en-GB/shop/drinks/all?department=Finest%20Drinks&viewAll=department&page=,£9.00,£9.00/75cl,Buy 6 or more Save 25% Clubcard Price - Save 25% On Selected Wines When You Buy 6 + Bottles,,/groceries/en-GB/products/296546080,https://digitalcontent.api.tesco.com/v2/media/ghs/a98f9488-eb39-4164-983c-835ff94905fc/6b57c4f0-0bac-435b-be44-ad9879c2037a_1459167864.jpeg?h=225&w=225,
287107084,Tesco Finest Chilean Cabernet Sauvignon 75Cl,https://www.tesco.com/groceries/en-GB/shop/drinks/all?department=Finest%20Drinks&viewAll=department&page=,£8.00,£8.00/75cl,Buy 6 or more Save 25% Clubcard Price - Save 25% On Selected Wines When You Buy 6 + Bottles,,/groceries/en-GB/products/287107084,https://digitalcontent.api.tesco.com/v2/media/ghs/82b8ea43-aea0-41e3-8a73-ae0e75b95e2b/7e7a87cc-dfe3-4719-9644-6e0a240ef20c_893581614.jpeg?h=225&w=225,
260051253,Tesco Finest Tingleup Riesling 75Cl,https://www.tesco.com/groceries/en-GB/shop/drinks/all?department=Finest%20Drinks&viewAll=department&page=,£10.00,£10.00/75cl,Buy 6 or more Save 25% Clubcard Price - Save 25% On Selected Wines When You Buy 6 + Bottles,,/groceries/en-GB/products/260051253,https://digitalcontent.api.tesco.com/v2/media/ghs/0ef5814e-2e10-48ca-81b0-b86fe85fa8ce/023ee1b9-a5e7-4692-8c0a-8be69c0b9fef_571077473.jpeg?h=225&w=225,
280198772,Tesco Finest North Row Vineyard Sauvignon 75Cl,https://www.tesco.com/groceries/en-GB/shop/drinks/all?department=Finest%20Drinks&viewAll=department&page=,£13.00,£13.00/75cl,Buy 6 or more Save 25% Clubcard Price - Save 25% On Selected Wines When You Buy 6 + Bottles,,/groceries/en-GB/products/280198772,https://digitalcontent.api.tesco.com/v2/media/ghs/d3938687-901b-40fb-be59-d71ba5afca29/39af7c1e-fd76-4bf2-8631-ef65e60544c8.jpeg?h=225&w=225,
279335332,Tesco Finest Chai 50 Tea Bags 125G,https://www.tesco.com/groceries/en-GB/shop/drinks/all?department=Finest%20Drinks&viewAll=department&page=,£1.70,£1.36/100g,,,/groceries/en-GB/products/279335332,https://digitalcontent.api.tesco.com/v2/media/ghs/10b84164-378b-428d-8fe8-f2cfb4538215/dbf55ab6-c3a8-4223-9a9e-22eef177f924_612455189.jpeg?h=225&w=225,
253834530,Tesco Finest Dessert Semillon 37.5Cl,https://www.tesco.com/groceries/en-GB/shop/drinks/all?department=Finest%20Drinks&viewAll=department&page=,£6.25,£12.50/75cl,Buy 6 or more Save 25% Clubcard Price - Save 25% On Selected Wines When You Buy 6 + Bottles,,/groceries/en-GB/products/253834530,https://digitalcontent.api.tesco.com/v2/media/ghs/f46858be-a52d-4339-b3e7-6abb47d3d174/153d126a-bdc0-4b8d-bf5c-1510111a8d9e_206542987.jpeg?h=225&w=225,
306808942,Tesco Finest Valle De Colchagua Merlot 75Cl,https://www.tesco.com/groceries/en-GB/shop/drinks/all?department=Finest%20Drinks&viewAll=department&page=,£8.00,£8.00/75cl,Buy 6 or more Save 25% Clubcard Price - Save 25% On Selected Wines When You Buy 6 + Bottles,,/groceries/en-GB/products/306808942,https://digitalcontent.api.tesco.com/v2/media/ghs/1e038ce4-03c5-46cf-a779-e754779a3c37/676ec127-ca88-45cc-a874-bf57c7de34d3_1257046159.jpeg?h=225&w=225,
294970697,Tesco Finest Marlborough Sauvignon Blanc 187Ml,https://www.tesco.com/groceries/en-GB/shop/drinks/all?department=Finest%20Drinks&viewAll=department&page=,£2.60,£10.43/75cl,Any 4 for 3 Clubcard Price - Cheapest Product Free - Selected Premix Cans 125ml - 440ml,,/groceries/en-GB/products/294970697,https://digitalcontent.api.tesco.com/v2/media/ghs/36964a28-8b83-408a-a2a4-690ba46d3143/753bf444-80a0-4660-8a27-a2d0b84a1d91.jpeg?h=225&w=225,
306825921,Tesco Finest Western Australian Sauvignon Semillon 75Cl,https://www.tesco.com/groceries/en-GB/shop/drinks/all?department=Finest%20Drinks&viewAll=department&page=,£8.00,£8.00/75cl,Buy 6 or more Save 25% Clubcard Price - Save 25% On Selected Wines When You Buy 6 + Bottles,,/groceries/en-GB/products/306825921,https://digitalcontent.api.tesco.com/v2/media/ghs/911d4be5-1853-4d77-9a77-5921ccdece5f/f9f07078-b5e0-4056-984e-bc6d26134fc3_284302220.jpeg?h=225&w=225,
293703050,Tesco Finest Central Otago Pinot Noir 75Cl,https://www.tesco.com/groceries/en-GB/shop/drinks/all?department=Finest%20Drinks&viewAll=department&page=,£13.00,£13.00/75cl,Buy 6 or more Save 25% Clubcard Price - Save 25% On Selected Wines When You Buy 6 + Bottles,,/groceries/en-GB/products/293703050,https://digitalcontent.api.tesco.com/v2/media/ghs/ac9667be-8ed5-4a0d-b312-fa77b5882f55/651fbc60-51e6-4c1d-9cb2-00739ddebf09_1111683432.jpeg?h=225&w=225,
287107844,Tesco Finest Limari Valley Shiraz 75Cl,https://www.tesco.com/groceries/en-GB/shop/drinks/all?department=Finest%20Drinks&viewAll=department&page=,£8.00,£8.00/75cl,Buy 6 or more Save 25% Clubcard Price - Save 25% On Selected Wines When You Buy 6 + Bottles,,/groceries/en-GB/products/287107844,https://digitalcontent.api.tesco.com/v2/media/ghs/00aaf93b-dfca-4b5d-98f1-5c9579530c33/03ad32a9-9ea6-454f-bfdc-64e7a71f6c1f_882297167.jpeg?h=225&w=225,
253204625,Tesco Finest Sauternes 37.5Cl,https://www.tesco.com/groceries/en-GB/shop/drinks/all?department=Finest%20Drinks&viewAll=department&page=,£12.00,£24.00/75cl,Buy 6 or more Save 25% Clubcard Price - Save 25% On Selected Wines When You Buy 6 + Bottles,,/groceries/en-GB/products/253204625,https://digitalcontent.api.tesco.com/v2/media/ghs/59c6474d-9af4-4c27-a10f-dff2dd1ed07e/01692fdf-c45f-417b-a91e-d08964972ea2.jpeg?h=225&w=225,
287063785,Tesco Finest Sauvignon Blanc Casablanca 75Cl,https://www.tesco.com/groceries/en-GB/shop/drinks/all?department=Finest%20Drinks&viewAll=department&page=,£8.00,£8.00/75cl,Buy 6 or more Save 25% Clubcard Price - Save 25% On Selected Wines When You Buy 6 + Bottles,,/groceries/en-GB/products/287063785,https://digitalcontent.api.tesco.com/v2/media/ghs/3d27dc79-8aea-4115-b395-cb3b9284ccbb/b213278a-bc9e-40cb-af76-2b5b2c75511f_975994170.jpeg?h=225&w=225,
