Product ID,Product Name,Cat Website,Price,Price/Kg,Promotion,Innovation,Link,Image,Stock Status
283724459,Tesco Shortbread Assortment Tin 500G,https://www.tesco.com/groceries/en-GB/shop/food-cupboard/all?department=Christmas%20Treats&viewAll=department&page=,£5.00,£1.00/100g,,,/groceries/en-GB/products/283724459,https://digitalcontent.api.tesco.com/v2/media/ghs/021c81cb-ff67-4a0e-9cc2-8094ccfbc729/46f0b925-ef8f-45fb-86df-7f2e30445447_2070791825.jpeg?h=225&w=225,
312210424,Thorntons Continental Famous Desserts Chocolates 259G,https://www.tesco.com/groceries/en-GB/shop/food-cupboard/all?department=Christmas%20Treats&viewAll=department&page=,£10.00,£3.87/100g,£7.00 Clubcard Price,,/groceries/en-GB/products/312210424,https://digitalcontent.api.tesco.com/v2/media/ghs/870167ef-ce31-4fc9-a36c-a331fff7a25a/b3b93bda-6a36-4a63-842e-803dca70fd11_1086648355.jpeg?h=225&w=225,
312695687,Cadbury Dairy Milk Chocolate House Kit 840.8G,https://www.tesco.com/groceries/en-GB/shop/food-cupboard/all?department=Christmas%20Treats&viewAll=department&page=,£10.00,£1.19/100g,,New,/groceries/en-GB/products/312695687,https://digitalcontent.api.tesco.com/v2/media/ghs/cb569d88-18ba-4b6c-96cc-a1b3d94fedb5/2fbb107e-2325-4bab-97e2-e3d420fb34bf_818469820.jpeg?h=225&w=225,
297549518,Tesco Milk Chocolate Biscuit Selection 450G,https://www.tesco.com/groceries/en-GB/shop/food-cupboard/all?department=Christmas%20Treats&viewAll=department&page=,£4.00,£0.89/100g,,,/groceries/en-GB/products/297549518,https://digitalcontent.api.tesco.com/v2/media/ghs/064f8bc6-e4e5-46b0-9d2d-db7d81245af7/f0a6d69b-49ac-4e3a-a919-04e8cf72878b_861304002.jpeg?h=225&w=225,
312098280,Swizzels Sweet Shop Favourites Tub 650G,https://www.tesco.com/groceries/en-GB/shop/food-cupboard/all?department=Christmas%20Treats&viewAll=department&page=,£3.99,£0.61/100g,Aldi Price Match,New,/groceries/en-GB/products/312098280,https://digitalcontent.api.tesco.com/v2/media/ghs/066457c0-1adf-496c-b927-7656d7b7195e/25363582-4794-4601-91a6-6b92d8d6f5c8_1524992676.jpeg?h=225&w=225,
310183003,Dean's Spiced Clementine Shortbread Squares 200G,https://www.tesco.com/groceries/en-GB/shop/food-cupboard/all?department=Christmas%20Treats&viewAll=department&page=,£3.00,£1.50/100g,,New,/groceries/en-GB/products/310183003,https://digitalcontent.api.tesco.com/v2/media/ghs/023efc04-9e5b-4291-9848-4dc8fdfdeddb/6e774bda-2dca-4ede-987d-fa7699cb3bb1_1619491964.jpeg?h=225&w=225,
254897038,Ferrero Rocher 24 Pieces Boxed Chocolates 300G,https://www.tesco.com/groceries/en-GB/shop/food-cupboard/all?department=Christmas%20Treats&viewAll=department&page=,£8.50,£2.84/100g,£5.90 Clubcard Price,,/groceries/en-GB/products/254897038,https://digitalcontent.api.tesco.com/v2/media/ghs/0dd6444f-e238-4f05-a1b0-511818bb2824/55d8a2fa-7106-4770-8792-7ea7c7721c0a_1515063173.jpeg?h=225&w=225,
275027686,Cadbury Dairy Milk Chocolate Bar 360G,https://www.tesco.com/groceries/en-GB/shop/food-cupboard/all?department=Christmas%20Treats&viewAll=department&page=,£3.00,£0.83/100g,,,/groceries/en-GB/products/275027686,https://digitalcontent.api.tesco.com/v2/media/ghs/c479d6c7-5a42-4bf9-ab0c-451556038694/4a034885-5160-4d10-9156-1bd55c7bf13e_1427256244.jpeg?h=225&w=225,
252204546,After Eight Mint Dark Chocolate Box 300G,https://www.tesco.com/groceries/en-GB/shop/food-cupboard/all?department=Christmas%20Treats&viewAll=department&page=,£2.50,£0.83/100g,,,/groceries/en-GB/products/252204546,https://digitalcontent.api.tesco.com/v2/media/ghs/53d8bde2-0b9a-4570-b45e-96b48e163b9d/bf43b4d7-4955-4267-9a32-3106fc889732_1034621043.jpeg?h=225&w=225,
252680384,Jacobs Cheeselets Christmas Caddy 280G,https://www.tesco.com/groceries/en-GB/shop/food-cupboard/all?department=Christmas%20Treats&viewAll=department&page=,£2.00,£0.72/100g,,,/groceries/en-GB/products/252680384,https://digitalcontent.api.tesco.com/v2/media/ghs/779c8854-5938-4d64-959c-5d63f248b8ad/2315bc99-b361-4068-9405-c31a39f7ec1b_944475269.jpeg?h=225&w=225,
306817706,Cadbury Small Selection Box 89G,https://www.tesco.com/groceries/en-GB/shop/food-cupboard/all?department=Christmas%20Treats&viewAll=department&page=,£1.00,£1.13/100g,89p Clubcard Price,,/groceries/en-GB/products/306817706,https://digitalcontent.api.tesco.com/v2/media/ghs/9da272ee-4153-427c-af0c-3dfbe0577963/a3fcddc2-cc24-4efa-9f83-c72a615931a0_1043103246.jpeg?h=225&w=225,
254926092,Jacobs Twiglets Christmas Caddy 200G,https://www.tesco.com/groceries/en-GB/shop/food-cupboard/all?department=Christmas%20Treats&viewAll=department&page=,,,,,/groceries/en-GB/products/254926092,https://digitalcontent.api.tesco.com/v2/media/ghs/0dc6a2f9-efda-4efd-8275-3629b521bd2c/43b0ce2a-3702-4803-a42d-98c214455e6d_1261348589.jpeg?h=225&w=225,This product's currently out of stock
302275689,Maltesers Gift Box 310G,https://www.tesco.com/groceries/en-GB/shop/food-cupboard/all?department=Christmas%20Treats&viewAll=department&page=,£3.50,£1.13/100g,,,/groceries/en-GB/products/302275689,https://digitalcontent.api.tesco.com/v2/media/ghs/86aa1497-62c2-49c3-8d36-80a6f92d77a1/1d34b527-17e3-4e46-ab50-dbbb810ad8be_367130962.jpeg?h=225&w=225,
258217343,Tesco Milk Chocolate Coins 70G,https://www.tesco.com/groceries/en-GB/shop/food-cupboard/all?department=Christmas%20Treats&viewAll=department&page=,,,,,/groceries/en-GB/products/258217343,https://digitalcontent.api.tesco.com/v2/media/ghs/2129c35e-77e5-46ea-bd13-bf04ae02c6ed/3c534fd5-c8ff-47fa-92ea-67670a9cb1f0_858603291.jpeg?h=225&w=225,This product's currently out of stock
296049294,Doritos Chilli Heatwave Tortilla Chips 180G,https://www.tesco.com/groceries/en-GB/shop/food-cupboard/all?department=Christmas%20Treats&viewAll=department&page=,£2.00,£1.12/100g,£1.50 Clubcard Price,,/groceries/en-GB/products/296049294,https://digitalcontent.api.tesco.com/v2/media/ghs/4ebcc4a3-d5fe-4c88-9c8e-a27db94e8473/7848f632-4ee6-46bc-b2ed-04ad552f3ea1_908811931.jpeg?h=225&w=225,
312700236,Pringles Multigrain Less Salt Sour Cream & Chilli 166G,https://www.tesco.com/groceries/en-GB/shop/food-cupboard/all?department=Christmas%20Treats&viewAll=department&page=,£2.00,£1.21/100g,,New,/groceries/en-GB/products/312700236,https://digitalcontent.api.tesco.com/v2/media/ghs/79ac7324-ae14-4d34-acfd-16188bb5eb31/d99ba168-d04e-408a-8178-c61c71577618_726688575.jpeg?h=225&w=225,
296049236,Doritos Tangy Cheese Tortilla Chips 180G,https://www.tesco.com/groceries/en-GB/shop/food-cupboard/all?department=Christmas%20Treats&viewAll=department&page=,£2.00,£1.12/100g,£1.50 Clubcard Price,,/groceries/en-GB/products/296049236,https://digitalcontent.api.tesco.com/v2/media/ghs/49ff4ec0-fb09-41b3-b49d-7744bff2b551/6c049492-2b95-4c72-8b67-dda0bc8e58fc_733524836.jpeg?h=225&w=225,
258048715,Maltesers Reindeer Chocolate Advent Calendar 108G,https://www.tesco.com/groceries/en-GB/shop/food-cupboard/all?department=Christmas%20Treats&viewAll=department&page=,,,,,/groceries/en-GB/products/258048715,https://digitalcontent.api.tesco.com/v2/media/ghs/e67605b9-edb1-4a78-a0bb-f617dffc1ccb/b1150f4f-4ac7-4060-9e63-d078ffb7a936_962474734.jpeg?h=225&w=225,This product's currently out of stock
312367405,Tesco Finest Caramelised Onion Hand Cooked Vegetable Crisps 125G,https://www.tesco.com/groceries/en-GB/shop/food-cupboard/all?department=Christmas%20Treats&viewAll=department&page=,£1.35,£1.08/100g,,New,/groceries/en-GB/products/312367405,https://digitalcontent.api.tesco.com/v2/media/ghs/946008ce-024a-4427-a82c-b61a37478298/df50b437-064e-4f5f-8b23-bcc8ad0e3dd5_1459329253.jpeg?h=225&w=225,
296049271,Doritos Cool Original Tortilla Chips 180G,https://www.tesco.com/groceries/en-GB/shop/food-cupboard/all?department=Christmas%20Treats&viewAll=department&page=,£2.00,£1.12/100g,£1.50 Clubcard Price,,/groceries/en-GB/products/296049271,https://digitalcontent.api.tesco.com/v2/media/ghs/5d23c1f3-4b2e-4a18-8bc2-3cbca74bba16/32bebf60-492e-46f1-b7a2-3589047022ee_396392944.jpeg?h=225&w=225,
312210430,Jacob's Mini Cheddars Cheddar & Smoked Prca 250G,https://www.tesco.com/groceries/en-GB/shop/food-cupboard/all?department=Christmas%20Treats&viewAll=department&page=,£2.00,£0.80/100g,,New,/groceries/en-GB/products/312210430,https://digitalcontent.api.tesco.com/v2/media/ghs/9eecab0e-3ffb-4cbe-99b1-9cfb9e69f389/2dfb7809-63cd-4942-91b5-d17d2aff1ee7_1361445920.jpeg?h=225&w=225,
301796714,Galaxy Advent Calendar 110G,https://www.tesco.com/groceries/en-GB/shop/food-cupboard/all?department=Christmas%20Treats&viewAll=department&page=,£2.00,£1.82/100g,,New,/groceries/en-GB/products/301796714,,
312232755,Quality Street Chocolate Tub 600G,https://www.tesco.com/groceries/en-GB/shop/food-cupboard/all?department=Christmas%20Treats&viewAll=department&page=,£4.00,£0.67/100g,£3.50 Clubcard Price,,/groceries/en-GB/products/312232755,,
312211187,Tesco Finest Christmas Pudding Flavour Hand Cooked Crisps 150G,https://www.tesco.com/groceries/en-GB/shop/food-cupboard/all?department=Christmas%20Treats&viewAll=department&page=,£1.25,£0.83/100g,,New,/groceries/en-GB/products/312211187,,
297048777,Tesco Finest Lightly Sea Salted Crinkle Cut Crisps 150G,https://www.tesco.com/groceries/en-GB/shop/food-cupboard/all?department=Christmas%20Treats&viewAll=department&page=,£1.25,£0.83/100g,,,/groceries/en-GB/products/297048777,https://digitalcontent.api.tesco.com/v2/media/ghs/d0c6c80b-f79e-4c51-9147-29113cb9e016/d26f7f57-db6b-444f-8f90-cecdd5991b25_615100297.jpeg?h=225&w=225,
301401987,Tesco Finest Crinkle Cut Roast Beef Crisps 150G,https://www.tesco.com/groceries/en-GB/shop/food-cupboard/all?department=Christmas%20Treats&viewAll=department&page=,£1.25,£0.83/100g,,,/groceries/en-GB/products/301401987,https://digitalcontent.api.tesco.com/v2/media/ghs/8d9f4842-5a0e-40d6-ae83-1d65695704d7/0aa1a2bc-8235-4404-9699-ff53185a3d19_1962031778.jpeg?h=225&w=225,
312225764,Tesco Finest 3 Cheese Flavour Hand Cooked Crisp 150G,https://www.tesco.com/groceries/en-GB/shop/food-cupboard/all?department=Christmas%20Treats&viewAll=department&page=,£1.25,£0.83/100g,,New,/groceries/en-GB/products/312225764,https://digitalcontent.api.tesco.com/v2/media/ghs/e77bc7f4-d016-4a32-b6bb-404c82725c56/ff0bd2c6-fa44-42e7-b5f0-30af3ec5ec28_1166866444.jpeg?h=225&w=225,
304402653,Mcvitie's Family Circle Biscuits 620G,https://www.tesco.com/groceries/en-GB/shop/food-cupboard/all?department=Christmas%20Treats&viewAll=department&page=,£2.95,£0.48/100g,£2.00 Clubcard Price,,/groceries/en-GB/products/304402653,https://digitalcontent.api.tesco.com/v2/media/ghs/b5d497b5-4dab-46f3-bd82-54bc28e7ede1/ff0c66d6-d653-4422-b1d2-5aa891132341_1877995264.jpeg?h=225&w=225,
307102639,Kit Kat Milk Chocolate Santa 29G,https://www.tesco.com/groceries/en-GB/shop/food-cupboard/all?department=Christmas%20Treats&viewAll=department&page=,£0.50,£1.73/100g,,New,/groceries/en-GB/products/307102639,https://digitalcontent.api.tesco.com/v2/media/ghs/5e79dd32-5abe-4c74-b075-f1f0fe22751d/d0d03451-6d15-4771-a16c-a04ff3f7d80e_2007275502.jpeg?h=225&w=225,
250089080,Tesco Cheese Savouries Snacks 250G,https://www.tesco.com/groceries/en-GB/shop/food-cupboard/all?department=Christmas%20Treats&viewAll=department&page=,£1.00,£0.40/100g,,,/groceries/en-GB/products/250089080,https://digitalcontent.api.tesco.com/v2/media/ghs/eab8b508-152b-4bf6-9379-284f00a9ada2/08a94968-ee1e-457f-9971-acc7298d8882_667570336.jpeg?h=225&w=225,
311801343,Tesco Boxing Day Curry Coated Peanuts 200G,https://www.tesco.com/groceries/en-GB/shop/food-cupboard/all?department=Christmas%20Treats&viewAll=department&page=,£1.20,£6.00/kg,£1.00 Clubcard Price,,/groceries/en-GB/products/311801343,https://digitalcontent.api.tesco.com/v2/media/ghs/89fd6c20-d46b-4335-91a1-30042da045dc/b34e1d91-3090-4643-80f5-7a0d50cd3c32_993182237.jpeg?h=225&w=225,
312099814,Tesco Salted Caramel Party Nut Mix 250G,https://www.tesco.com/groceries/en-GB/shop/food-cupboard/all?department=Christmas%20Treats&viewAll=department&page=,£2.00,£8.00/kg,,New,/groceries/en-GB/products/312099814,https://digitalcontent.api.tesco.com/v2/media/ghs/81813a90-1b14-41b6-afa7-bc93b10ad8a9/c255d064-caf1-4b73-939f-675842bae4bb_2096456733.jpeg?h=225&w=225,
309169039,Cadbury Medium Santa Selection Box 145G,https://www.tesco.com/groceries/en-GB/shop/food-cupboard/all?department=Christmas%20Treats&viewAll=department&page=,£1.50,£1.04/100g,£1.25 Clubcard Price,,/groceries/en-GB/products/309169039,https://digitalcontent.api.tesco.com/v2/media/ghs/f09fc2b3-7fd5-46ed-8a37-7c8254367f85/391e0529-499b-418a-95da-c6977001b63c_582570458.jpeg?h=225&w=225,
310132836,Pringles Texas Bbq Crisps 200G,https://www.tesco.com/groceries/en-GB/shop/food-cupboard/all?department=Christmas%20Treats&viewAll=department&page=,£2.00,£1.00/100g,£1.65 Clubcard Price,,/groceries/en-GB/products/310132836,https://digitalcontent.api.tesco.com/v2/media/ghs/1afa0b82-267a-4e56-a6d9-fe4fcbe6575b/798993ab-e83d-4c3f-a414-ce0f99a9f00e_329176094.jpeg?h=225&w=225,
296734905,Pringles Salt And Vinegar 200G,https://www.tesco.com/groceries/en-GB/shop/food-cupboard/all?department=Christmas%20Treats&viewAll=department&page=,£2.00,£1.00/100g,£1.65 Clubcard Price,,/groceries/en-GB/products/296734905,https://digitalcontent.api.tesco.com/v2/media/ghs/de8067b4-d03c-40f5-afbb-240ecb294fc4/79d0f09c-4b3e-4145-90a3-9fa8f93d1be6_888119192.jpeg?h=225&w=225,
296734865,Pringles Original 200G,https://www.tesco.com/groceries/en-GB/shop/food-cupboard/all?department=Christmas%20Treats&viewAll=department&page=,£2.00,£1.00/100g,£1.65 Clubcard Price,,/groceries/en-GB/products/296734865,https://digitalcontent.api.tesco.com/v2/media/ghs/a76ae134-4765-4496-8cfa-09e454e22cdb/c27f328f-54b9-4124-9adb-09f5f3fb15b4_1950311729.jpeg?h=225&w=225,
280135882,Toffifee Box 100G,https://www.tesco.com/groceries/en-GB/shop/food-cupboard/all?department=Christmas%20Treats&viewAll=department&page=,£0.99,£0.99/100g,,,/groceries/en-GB/products/280135882,https://digitalcontent.api.tesco.com/v2/media/ghs/63216443-2563-4dd6-bc50-866ba43ca929/8f60b872-14d6-4387-bcb7-60ed318652e9_1813301886.jpeg?h=225&w=225,
296734888,Pringles Sour Cream & Onion 200G,https://www.tesco.com/groceries/en-GB/shop/food-cupboard/all?department=Christmas%20Treats&viewAll=department&page=,£2.00,£1.00/100g,£1.65 Clubcard Price,,/groceries/en-GB/products/296734888,https://digitalcontent.api.tesco.com/v2/media/ghs/9a872e39-1a6c-45f7-bb9a-ed571a0d08e8/3c6a202d-fb5c-45f3-b42b-004f58306100_1234892869.jpeg?h=225&w=225,
301736838,Quality Street Mint Matchmakers 120G,https://www.tesco.com/groceries/en-GB/shop/food-cupboard/all?department=Christmas%20Treats&viewAll=department&page=,£1.25,£1.05/100g,,,/groceries/en-GB/products/301736838,https://digitalcontent.api.tesco.com/v2/media/ghs/ab25c9b0-f217-43f6-a03e-2190e26c7737/d59fdc51-8bd3-4721-8334-4fe58ddfb191_196229052.jpeg?h=225&w=225,
302307699,Cadbury Heroes Tub 600G,https://www.tesco.com/groceries/en-GB/shop/food-cupboard/all?department=Christmas%20Treats&viewAll=department&page=,£4.00,£0.67/100g,£3.50 Clubcard Price,,/groceries/en-GB/products/302307699,https://digitalcontent.api.tesco.com/v2/media/ghs/e4fcf613-c66f-47ea-b146-b8910c91804a/f5520e4d-41f7-431b-9442-53678e64a52e_789904560.jpeg?h=225&w=225,
306826183,Cadbury Freddo Selection Box 135G,https://www.tesco.com/groceries/en-GB/shop/food-cupboard/all?department=Christmas%20Treats&viewAll=department&page=,£1.50,£1.12/100g,£1.25 Clubcard Price,,/groceries/en-GB/products/306826183,https://digitalcontent.api.tesco.com/v2/media/ghs/b857f557-e973-49a5-a1b8-2dfed0647fef/a9ec5964-119d-4053-bed5-d1089495e6e9_12234125.jpeg?h=225&w=225,
297746072,Maynards Bassetts Jelly Babies 400G,https://www.tesco.com/groceries/en-GB/shop/food-cupboard/all?department=Christmas%20Treats&viewAll=department&page=,£3.00,£0.75/100g,£1.50 Clubcard Price,,/groceries/en-GB/products/297746072,https://digitalcontent.api.tesco.com/v2/media/ghs/da6b1b7e-baca-474d-9bd7-efa174764334/92f16b7b-e0c2-4088-98f5-4b67b2d9ceba_1233414781.jpeg?h=225&w=225,
302294448,Cadbury Roses Tub 600G,https://www.tesco.com/groceries/en-GB/shop/food-cupboard/all?department=Christmas%20Treats&viewAll=department&page=,£4.00,£0.67/100g,£3.50 Clubcard Price,,/groceries/en-GB/products/302294448,https://digitalcontent.api.tesco.com/v2/media/ghs/34722786-0684-458d-84c1-f4c8e4cee566/snapshotimagehandler_369683623.jpeg?h=225&w=225,
293749766,Terry's Chocolate Orange Milk Chocolate Box 157G,https://www.tesco.com/groceries/en-GB/shop/food-cupboard/all?department=Christmas%20Treats&viewAll=department&page=,£1.00,£0.64/100g,,,/groceries/en-GB/products/293749766,https://digitalcontent.api.tesco.com/v2/media/ghs/47f52de1-a341-428b-bdf8-87a421669e33/5c518445-f65c-48fe-b209-7e4d611ae253_88259723.jpeg?h=225&w=225,
258215420,Cadbury Dairy Milk Advent Calendar 90G,https://www.tesco.com/groceries/en-GB/shop/food-cupboard/all?department=Christmas%20Treats&viewAll=department&page=,£1.50,£1.67/100g,£1.25 Clubcard Price,,/groceries/en-GB/products/258215420,https://digitalcontent.api.tesco.com/v2/media/ghs/4965b6a1-2528-4bf3-b0fd-528770410f26/4aba8eac-1d23-4f54-8356-110c645f8a65_1631185927.jpeg?h=225&w=225,
300917389,Celebrations Tub 650G,https://www.tesco.com/groceries/en-GB/shop/food-cupboard/all?department=Christmas%20Treats&viewAll=department&page=,£4.00,£0.62/100g,£3.50 Clubcard Price,,/groceries/en-GB/products/300917389,https://digitalcontent.api.tesco.com/v2/media/ghs/9a830ec1-2d0f-46c8-8ec9-8fa3ca209814/672da36b-048b-48bb-8316-5d579d2d07cb_71016568.jpeg?h=225&w=225,
309159691,Cadbury Stocking Selection Box 179G,https://www.tesco.com/groceries/en-GB/shop/food-cupboard/all?department=Christmas%20Treats&viewAll=department&page=,£3.00,£1.68/100g,£2.00 Clubcard Price,,/groceries/en-GB/products/309159691,https://digitalcontent.api.tesco.com/v2/media/ghs/2e1d4da3-2f4d-45b2-8a33-3150e4cc3a33/6dbd3138-989c-490a-8721-799b2ad6de23_89488241.jpeg?h=225&w=225,
312349963,Thorntons Classic Christmas Collection Chocolate Box 452G,https://www.tesco.com/groceries/en-GB/shop/food-cupboard/all?department=Christmas%20Treats&viewAll=department&page=,£12.00,£2.66/100g,£10.00 Clubcard Price,,/groceries/en-GB/products/312349963,https://digitalcontent.api.tesco.com/v2/media/ghs/a75ba762-e4ca-470e-9b3c-865be85ebef0/bab5f0b2-2f47-451b-8f22-b0158eea3013_61211787.jpeg?h=225&w=225,
250265770,Lindt Lindor Milk Chocolate Truffles Carton 200G,https://www.tesco.com/groceries/en-GB/shop/food-cupboard/all?department=Christmas%20Treats&viewAll=department&page=,£5.50,£2.75/100g,£4.00 Clubcard Price,,/groceries/en-GB/products/250265770,https://digitalcontent.api.tesco.com/v2/media/ghs/933d27ef-791d-4eba-8be9-57c85095467d/e3c05d8e-3be7-4e40-ba02-c3bdb31c2828_1724152965.jpeg?h=225&w=225,
293369461,Tesco Chocolatey Biscuit Selection 450G,https://www.tesco.com/groceries/en-GB/shop/food-cupboard/all?department=Christmas%20Treats&viewAll=department&page=,£4.00,£0.89/100g,,,/groceries/en-GB/products/293369461,https://digitalcontent.api.tesco.com/v2/media/ghs/46962a29-f9f2-4bb4-805f-c6d19ec2d571/33ae2568-5cac-439a-94a1-03471dabf729_1795164895.jpeg?h=225&w=225,
311779017,Doritos Dippers Hint Of Salt Tortilla Chips 270G,https://www.tesco.com/groceries/en-GB/shop/food-cupboard/all?department=Christmas%20Treats&viewAll=department&page=,£2.50,£0.93/100g,,,/groceries/en-GB/products/311779017,https://digitalcontent.api.tesco.com/v2/media/ghs/7da6cbbf-963d-47c2-a916-c4cd5bdf1583/82566d7d-c13c-4d92-be5f-b3ee0653361b_1737308634.jpeg?h=225&w=225,
312223227,Tesco Shortbread Selection 360G,https://www.tesco.com/groceries/en-GB/shop/food-cupboard/all?department=Christmas%20Treats&viewAll=department&page=,£4.00,£1.12/100g,,New,/groceries/en-GB/products/312223227,https://digitalcontent.api.tesco.com/v2/media/ghs/eb021ece-d216-47cd-b892-d8d33ceac00b/d786785c-7af5-4907-b02a-bc83e73ac243_240539334.jpeg?h=225&w=225,
312587628,Oreo Festive Colours 3X154g,https://www.tesco.com/groceries/en-GB/shop/food-cupboard/all?department=Christmas%20Treats&viewAll=department&page=,£2.50,£0.54/100g,,New,/groceries/en-GB/products/312587628,https://digitalcontent.api.tesco.com/v2/media/ghs/25c007cf-0648-4aa0-9532-a3e991c3d489/8ad7099d-3146-43e7-9acc-78637915bdc8_2008357154.jpeg?h=225&w=225,
312084561,Doritos Dippers Hint Of Paprika 270G,https://www.tesco.com/groceries/en-GB/shop/food-cupboard/all?department=Christmas%20Treats&viewAll=department&page=,£2.50,£0.93/100g,,New,/groceries/en-GB/products/312084561,https://digitalcontent.api.tesco.com/v2/media/ghs/b1157749-1b29-4b19-81b3-6c6fadca5433/740c6427-308f-41a1-9534-5b8e0b7f78ee_501055305.jpeg?h=225&w=225,
312720713,Mcvitie's Victoria Finest Biscuit Selection 550G,https://www.tesco.com/groceries/en-GB/shop/food-cupboard/all?department=Christmas%20Treats&viewAll=department&page=,£4.00,£0.73/100g,,New,/groceries/en-GB/products/312720713,https://digitalcontent.api.tesco.com/v2/media/ghs/0cdfd4b3-7320-4068-8bae-ea0901dd52ad/42bc5e47-4629-4546-be43-80e66a0dd3ec_1466419233.jpeg?h=225&w=225,
289645831,Merchant Gourmet Whole Chestnuts 180G,https://www.tesco.com/groceries/en-GB/shop/food-cupboard/all?department=Christmas%20Treats&viewAll=department&page=,,,,,/groceries/en-GB/products/289645831,https://digitalcontent.api.tesco.com/v2/media/ghs/21c1a546-a919-4424-a7a2-00d6c5077eed/f73a0adf-b19e-4268-8cad-9464a2ce27e5_2099255873.jpeg?h=225&w=225,This product's currently out of stock
312356165,Tesco Finest Christmas Pudding Flavoured Shortbread 150G,https://www.tesco.com/groceries/en-GB/shop/food-cupboard/all?department=Christmas%20Treats&viewAll=department&page=,£2.50,£1.67/100g,,New,/groceries/en-GB/products/312356165,https://digitalcontent.api.tesco.com/v2/media/ghs/4ed8ecdd-5084-4c48-a52e-49b1ffcd986a/6050220a-f0b0-4f60-b1de-b88f5c365a50_1138455620.jpeg?h=225&w=225,
268285067,Tesco Roasted &Salted Cashew Nuts 350G,https://www.tesco.com/groceries/en-GB/shop/food-cupboard/all?department=Christmas%20Treats&viewAll=department&page=,£4.00,£11.43/kg,,,/groceries/en-GB/products/268285067,https://digitalcontent.api.tesco.com/v2/media/ghs/326237a2-eb2f-44ea-a319-f7b878822788/fdf715b1-0cdd-4e09-99bc-f762d09f499a_373785205.jpeg?h=225&w=225,
312100629,Tesco Finest Butterscotch And Double Cream Shortbread 150G,https://www.tesco.com/groceries/en-GB/shop/food-cupboard/all?department=Christmas%20Treats&viewAll=department&page=,£2.50,£1.67/100g,,New,/groceries/en-GB/products/312100629,https://digitalcontent.api.tesco.com/v2/media/ghs/0d7829de-be6a-48d7-a079-f351257bf396/f43caf4c-aa88-4af1-ac2e-991c450a3c7d_2095956032.jpeg?h=225&w=225,
302314259,Fox's Classic Biscuit Selection 550G,https://www.tesco.com/groceries/en-GB/shop/food-cupboard/all?department=Christmas%20Treats&viewAll=department&page=,£4.00,£0.73/100g,£3.00 Clubcard Price,,/groceries/en-GB/products/302314259,https://digitalcontent.api.tesco.com/v2/media/ghs/86577de5-d292-403b-80a4-fac3014e9b2a/9d6f71bd-8fce-436c-9537-0a9bc1796502_343210486.jpeg?h=225&w=225,
254926040,Tesco Biscuits For Cheese 500G,https://www.tesco.com/groceries/en-GB/shop/food-cupboard/all?department=Christmas%20Treats&viewAll=department&page=,£3.00,£0.60/100g,,,/groceries/en-GB/products/254926040,https://digitalcontent.api.tesco.com/v2/media/ghs/58863e18-65cb-47be-b45b-a50de9e9f7ff/c315b085-7b82-48b0-82ff-9912f4e45048_706774992.jpeg?h=225&w=225,
312095790,Reese's Peanut Butter Selection Box 165G,https://www.tesco.com/groceries/en-GB/shop/food-cupboard/all?department=Christmas%20Treats&viewAll=department&page=,£3.50,£2.13/100g,£3.00 Clubcard Price,,/groceries/en-GB/products/312095790,https://digitalcontent.api.tesco.com/v2/media/ghs/587f602d-f049-41e4-bacc-c2b53a31e3ac/5a6cdd49-5dfe-4ae6-942d-c87c2946d435_1695987493.jpeg?h=225&w=225,
312720114,Sour Patch Kids 350G,https://www.tesco.com/groceries/en-GB/shop/food-cupboard/all?department=Christmas%20Treats&viewAll=department&page=,£3.00,£0.86/100g,£1.50 Clubcard Price,,/groceries/en-GB/products/312720114,https://digitalcontent.api.tesco.com/v2/media/ghs/9e8c0efd-e1c5-45f2-a2ba-b37ca23a3616/2406cea4-1178-429e-91c9-456d93a00a31_1154465120.jpeg?h=225&w=225,
256685637,Jacob's Mini Cheddars Christmas Caddy 260G,https://www.tesco.com/groceries/en-GB/shop/food-cupboard/all?department=Christmas%20Treats&viewAll=department&page=,£2.00,£0.77/100g,,,/groceries/en-GB/products/256685637,https://digitalcontent.api.tesco.com/v2/media/ghs/a55e36a6-8e02-46ea-b63f-9b6cfdae6c40/64df4c54-2fcc-4f1d-bff9-bf8416bd3348_2116193148.jpeg?h=225&w=225,
280825108,Celebrations Carton 240G,https://www.tesco.com/groceries/en-GB/shop/food-cupboard/all?department=Christmas%20Treats&viewAll=department&page=,£3.00,£1.25/100g,,,/groceries/en-GB/products/280825108,https://digitalcontent.api.tesco.com/v2/media/ghs-mktg/b0b04216-fa73-466d-a9d7-c9fcfa1ce9b3/no-image.jpeg,
312586854,Bip Fruit Jellies Box 100G,https://www.tesco.com/groceries/en-GB/shop/food-cupboard/all?department=Christmas%20Treats&viewAll=department&page=,£2.00,£2.00/100g,,New,/groceries/en-GB/products/312586854,https://digitalcontent.api.tesco.com/v2/media/ghs/ea8180bb-631d-48f9-83f1-6448d462b7fe/d6106dee-7e44-433a-8860-e6be9bb38bfc_1010739733.jpeg?h=225&w=225,
297512084,Tesco Roasted Salted Peanuts 550G,https://www.tesco.com/groceries/en-GB/shop/food-cupboard/all?department=Christmas%20Treats&viewAll=department&page=,£2.00,£3.64/kg,,,/groceries/en-GB/products/297512084,https://digitalcontent.api.tesco.com/v2/media/ghs/25fb1061-24a3-4c2b-885b-4fb9262e165f/3630c2e8-746e-49b0-83a5-eb063c719912_247690445.jpeg?h=225&w=225,
254926086,Kp Cheese Footballs Drum 142G,https://www.tesco.com/groceries/en-GB/shop/food-cupboard/all?department=Christmas%20Treats&viewAll=department&page=,£2.00,£1.41/100g,,,/groceries/en-GB/products/254926086,https://digitalcontent.api.tesco.com/v2/media/ghs/2d3a6963-3629-4e09-a718-c5694c9fc9d8/db35d24f-7c1d-4002-b3a9-8cfbc4a47431_1626792340.jpeg?h=225&w=225,
306503489,Maltesers Milk Chocolate Box 110G,https://www.tesco.com/groceries/en-GB/shop/food-cupboard/all?department=Christmas%20Treats&viewAll=department&page=,£1.65,£1.50/100g,,,/groceries/en-GB/products/306503489,https://digitalcontent.api.tesco.com/v2/media/ghs/2f7d27aa-13e1-4e96-9a15-7cc6c366617d/3c58366e-5d09-46a6-bf32-d202fd71d111_1365047647.jpeg?h=225&w=225,
297512061,Tesco Dry Roasted Peanuts 550G,https://www.tesco.com/groceries/en-GB/shop/food-cupboard/all?department=Christmas%20Treats&viewAll=department&page=,£2.00,£3.64/kg,,,/groceries/en-GB/products/297512061,https://digitalcontent.api.tesco.com/v2/media/ghs/06950300-f30f-4f7e-9ab3-e3754860b2e6/snapshotimagehandler_1806171856.jpeg?h=225&w=225,
277856922,Oreo White Chocolate Covered 246G,https://www.tesco.com/groceries/en-GB/shop/food-cupboard/all?department=Christmas%20Treats&viewAll=department&page=,£2.50,£1.02/100g,£1.25 Clubcard Price,,/groceries/en-GB/products/277856922,https://digitalcontent.api.tesco.com/v2/media/ghs/bac8e38d-dc31-425d-af7a-16e12e8bb139/f830c571-c98f-454d-9c7e-0fb22e5c03d8_1880720655.jpeg?h=225&w=225,
309454871,Tesco Finest Crinkle Cut Pigs In Blankets Crisps 150G,https://www.tesco.com/groceries/en-GB/shop/food-cupboard/all?department=Christmas%20Treats&viewAll=department&page=,£1.25,£0.83/100g,,,/groceries/en-GB/products/309454871,,
308870356,Pringles Sour Cream & Onion Crisps 165G,https://www.tesco.com/groceries/en-GB/shop/food-cupboard/all?department=Christmas%20Treats&viewAll=department&page=,£1.69,£1.03/100g,Aldi Price Match,,/groceries/en-GB/products/308870356,https://digitalcontent.api.tesco.com/v2/media/ghs/239e1f4d-01a1-41a1-a8ac-8b0e4923c77a/32fc5bd7-01c9-46bb-a059-233f8eb31373_147069871.jpeg?h=225&w=225,
310179320,Pringles Texas Bbq Crisps 165G,https://www.tesco.com/groceries/en-GB/shop/food-cupboard/all?department=Christmas%20Treats&viewAll=department&page=,£1.69,£1.03/100g,Aldi Price Match,,/groceries/en-GB/products/310179320,https://digitalcontent.api.tesco.com/v2/media/ghs/1201ce18-9c6b-4bf8-bdc7-af6446ccac4c/9cf49ff0-e28d-4a55-bd58-c940277ed936_1466229899.jpeg?h=225&w=225,
308856092,Pringles Original Crisps 165G,https://www.tesco.com/groceries/en-GB/shop/food-cupboard/all?department=Christmas%20Treats&viewAll=department&page=,£1.69,£1.03/100g,Aldi Price Match,,/groceries/en-GB/products/308856092,https://digitalcontent.api.tesco.com/v2/media/ghs/3bdf33e1-f3af-4e9b-9e6d-b50e0139ed8f/ec2d94f1-2091-4b3f-9a61-8b61c3e1bf74_351573837.jpeg?h=225&w=225,
306929637,Pringles Prawn Cocktail 200G,https://www.tesco.com/groceries/en-GB/shop/food-cupboard/all?department=Christmas%20Treats&viewAll=department&page=,£2.00,£1.00/100g,£1.65 Clubcard Price,,/groceries/en-GB/products/306929637,https://digitalcontent.api.tesco.com/v2/media/ghs/560c9489-c1f0-4820-80ab-79d2fc2b0b06/534beea2-f917-4ac6-b734-108625c976a8_1075707325.jpeg?h=225&w=225,
250218366,Tesco Unsalted Mixed Nuts & Raisins 500G,https://www.tesco.com/groceries/en-GB/shop/food-cupboard/all?department=Christmas%20Treats&viewAll=department&page=,£2.25,£4.50/kg,,,/groceries/en-GB/products/250218366,https://digitalcontent.api.tesco.com/v2/media/ghs/3a379f50-51f9-44e3-b3f9-4b0b990785eb/64e25f8b-b40b-4200-a352-3ed79c84cbc1_856492056.jpeg?h=225&w=225,
312109977,Tesco Finest White Chocolate & Cranberry Florentines 105G,https://www.tesco.com/groceries/en-GB/shop/food-cupboard/all?department=Christmas%20Treats&viewAll=department&page=,£2.50,£2.39/100g,,New,/groceries/en-GB/products/312109977,https://digitalcontent.api.tesco.com/v2/media/ghs/98e8796c-e9f8-460c-8e4a-9812777a60f2/f7690fd0-a27e-4e2a-81c7-a2fd9dec3176_1853288.jpeg?h=225&w=225,
310178617,Pringles Paprika Crisps 200G,https://www.tesco.com/groceries/en-GB/shop/food-cupboard/all?department=Christmas%20Treats&viewAll=department&page=,£2.00,£1.00/100g,£1.65 Clubcard Price,,/groceries/en-GB/products/310178617,https://digitalcontent.api.tesco.com/v2/media/ghs/6337bc12-341b-43e9-87cb-cabef128597a/98f8611b-e041-4ba2-9074-3f1ae4e2faaf_478052058.jpeg?h=225&w=225,
258218031,Tesco White Chocolate Coins 70G,https://www.tesco.com/groceries/en-GB/shop/food-cupboard/all?department=Christmas%20Treats&viewAll=department&page=,£0.59,£0.84/100g,,,/groceries/en-GB/products/258218031,https://digitalcontent.api.tesco.com/v2/media/ghs/6076694b-3558-46ec-9a89-08397cfa1083/d8b91ccb-83d1-40a7-91c3-76c75fe537d2_1430747036.jpeg?h=225&w=225,
311947124,Terry's Chocolate Orange Snowballs 70G,https://www.tesco.com/groceries/en-GB/shop/food-cupboard/all?department=Christmas%20Treats&viewAll=department&page=,£1.00,£1.43/100g,,New,/groceries/en-GB/products/311947124,https://digitalcontent.api.tesco.com/v2/media/ghs/9c6cb879-d169-4ece-9e64-0082f9296c0e/cafea052-94c4-420f-ac7a-fb850f129a69_1863623527.jpeg?h=225&w=225,
312099958,Terry's Chocolate Orange White Minis 85G,https://www.tesco.com/groceries/en-GB/shop/food-cupboard/all?department=Christmas%20Treats&viewAll=department&page=,£1.00,£1.18/100g,,New,/groceries/en-GB/products/312099958,https://digitalcontent.api.tesco.com/v2/media/ghs/5c261637-bd32-44db-b264-fa795af496a0/a98395ab-89d9-4bbb-bf5a-6d7333d20592_616911331.jpeg?h=225&w=225,
312573691,Bip 10 Peppermint Candy Canes 125G,https://www.tesco.com/groceries/en-GB/shop/food-cupboard/all?department=Christmas%20Treats&viewAll=department&page=,£1.00,£0.80/100g,,New,/groceries/en-GB/products/312573691,https://digitalcontent.api.tesco.com/v2/media/ghs/cf2d2d9d-dfae-4967-83b9-9d64c2a3e97a/c30353ee-a290-4488-8fbd-3f8af6355b6f_662624583.jpeg?h=225&w=225,
309757766,Smarties Milk Chocolate Giant Tube 120G,https://www.tesco.com/groceries/en-GB/shop/food-cupboard/all?department=Christmas%20Treats&viewAll=department&page=,£1.25,£1.05/100g,£1.00 Clubcard Price,,/groceries/en-GB/products/309757766,https://digitalcontent.api.tesco.com/v2/media/ghs/fc16d27e-83be-4f18-b250-daef66960743/efbbaf0c-7015-4ac7-a528-22a821243cd2_1277937643.jpeg?h=225&w=225,
311693587,Tesco Dark Chocolate Mint Thins 180G,https://www.tesco.com/groceries/en-GB/shop/food-cupboard/all?department=Christmas%20Treats&viewAll=department&page=,£1.00,£0.56/100g,,,/groceries/en-GB/products/311693587,https://digitalcontent.api.tesco.com/v2/media/ghs/31bfd128-9196-426f-8be8-c8c456f7f76e/c2a969b9-bc4e-40bb-b846-ae197b41c1f9_1605160875.jpeg?h=225&w=225,
301736850,Quality Street Matchmakers Zingy Orange Chocolate Box 120G,https://www.tesco.com/groceries/en-GB/shop/food-cupboard/all?department=Christmas%20Treats&viewAll=department&page=,£1.25,£1.05/100g,,,/groceries/en-GB/products/301736850,https://digitalcontent.api.tesco.com/v2/media/ghs/a5412036-c337-4c21-aaf8-8db066a4a432/fff0fa46-d856-4c48-86cd-0ff11d8b0533_110597689.jpeg?h=225&w=225,
293368237,Terry's Dark Chocolate Orange Ball 157G,https://www.tesco.com/groceries/en-GB/shop/food-cupboard/all?department=Christmas%20Treats&viewAll=department&page=,£1.00,£0.64/100g,,,/groceries/en-GB/products/293368237,https://digitalcontent.api.tesco.com/v2/media/ghs/1e8ffaa0-df40-4351-89a7-367fdfaea075/snapshotimagehandler_2141276027.jpeg?h=225&w=225,
312084077,Terry's Chocolate Orange Ball Toffee Crunch 152G,https://www.tesco.com/groceries/en-GB/shop/food-cupboard/all?department=Christmas%20Treats&viewAll=department&page=,£1.00,£0.66/100g,,New,/groceries/en-GB/products/312084077,https://digitalcontent.api.tesco.com/v2/media/ghs/adc5bd73-5a77-4555-8629-b6beca4d00ab/2872b967-d7b6-43c2-aea5-0484112ed438_588316521.jpeg?h=225&w=225,
297746331,Bassetts Liquorice All Sorts 400G,https://www.tesco.com/groceries/en-GB/shop/food-cupboard/all?department=Christmas%20Treats&viewAll=department&page=,£3.00,£0.75/100g,£1.50 Clubcard Price,,/groceries/en-GB/products/297746331,https://digitalcontent.api.tesco.com/v2/media/ghs/1694a71f-e14a-41ea-890a-069ce81339a1/da8ca15e-fea5-4b27-a3b0-4d694f2bac40_1999857169.jpeg?h=225&w=225,
297745879,Maynards Bassetts Wine Gums 400G,https://www.tesco.com/groceries/en-GB/shop/food-cupboard/all?department=Christmas%20Treats&viewAll=department&page=,£3.00,£0.75/100g,£1.50 Clubcard Price,,/groceries/en-GB/products/297745879,https://digitalcontent.api.tesco.com/v2/media/ghs/0321c49d-3f05-4e45-a237-de5454400da0/478f2b1e-246c-4702-b3d1-b8dc025ede04_325727550.jpeg?h=225&w=225,
270933859,Green & Blacks Organic Tasting Collection Boxed Chocolates 395G,https://www.tesco.com/groceries/en-GB/shop/food-cupboard/all?department=Christmas%20Treats&viewAll=department&page=,£12.00,£3.04/100g,£6.00 Clubcard Price,,/groceries/en-GB/products/270933859,https://digitalcontent.api.tesco.com/v2/media/ghs/2649067a-ee90-423b-9d21-1565c5341216/f0d4f3ad-6f2a-4687-9a38-a381f4f55a6d_1273066591.jpeg?h=225&w=225,
305944568,Terrys Chocolate Orange White 147G,https://www.tesco.com/groceries/en-GB/shop/food-cupboard/all?department=Christmas%20Treats&viewAll=department&page=,£1.00,£0.68/100g,,,/groceries/en-GB/products/305944568,https://digitalcontent.api.tesco.com/v2/media/ghs/ca7eaba2-2f0e-4176-8902-87030b6ff9cd/snapshotimagehandler_1987615600.jpeg?h=225&w=225,
311950315,Maltesers Assorted Chocolate Truffles Advent Calendar 216G,https://www.tesco.com/groceries/en-GB/shop/food-cupboard/all?department=Christmas%20Treats&viewAll=department&page=,£8.00,£3.71/100g,£6.00 Clubcard Price,,/groceries/en-GB/products/311950315,https://digitalcontent.api.tesco.com/v2/media/ghs/9ddee6ce-2699-48cf-b8f9-86c523bdda6f/edcca3ea-7cd0-41fe-a81c-a0f6c7b875ec_1859333719.jpeg?h=225&w=225,
309171122,Galaxy Christmas Collection Selection Box 244G,https://www.tesco.com/groceries/en-GB/shop/food-cupboard/all?department=Christmas%20Treats&viewAll=department&page=,£3.00,£1.23/100g,,,/groceries/en-GB/products/309171122,https://digitalcontent.api.tesco.com/v2/media/ghs/142e62b7-e591-4bd7-9805-ce933ad8404d/5a668d34-98bf-499f-bebe-27ac6c660923_18525074.jpeg?h=225&w=225,
256069221,Lindt And Sprungli Advent Calendar,https://www.tesco.com/groceries/en-GB/shop/food-cupboard/all?department=Christmas%20Treats&viewAll=department&page=,,,,,/groceries/en-GB/products/256069221,https://digitalcontent.api.tesco.com/v2/media/ghs/71662188-0eea-4275-bc92-a56a35651a21/42367a5f-c9d0-466e-a0e6-01e91697b4b4_393663821.jpeg?h=225&w=225,This product's currently out of stock
309176664,Maltesers & Friends Christmas Selection Box 207G,https://www.tesco.com/groceries/en-GB/shop/food-cupboard/all?department=Christmas%20Treats&viewAll=department&page=,£3.00,£1.45/100g,,,/groceries/en-GB/products/309176664,,
312368796,Cadbury Favourites Collection 370G,https://www.tesco.com/groceries/en-GB/shop/food-cupboard/all?department=Christmas%20Treats&viewAll=department&page=,£6.00,£1.63/100g,£4.00 Clubcard Price,,/groceries/en-GB/products/312368796,https://digitalcontent.api.tesco.com/v2/media/ghs/6b69272b-06dc-4fda-be22-7b1ded3caace/fbf72ccb-5c1a-419f-9404-4f76afb102f3_1660535205.jpeg?h=225&w=225,
255359133,Lindt Lindor Assorted Chocolate Truffles 200G,https://www.tesco.com/groceries/en-GB/shop/food-cupboard/all?department=Christmas%20Treats&viewAll=department&page=,£5.50,£2.75/100g,£4.00 Clubcard Price,,/groceries/en-GB/products/255359133,https://digitalcontent.api.tesco.com/v2/media/ghs/9f15a0fc-f53c-44e9-b801-6eb17dd26fd8/4b9e1b38-c95b-4a17-9f4a-cdc96a35cc22_1328678256.jpeg?h=225&w=225,
313004419,Thomas Fudges Biscuits For Cheese 300G,https://www.tesco.com/groceries/en-GB/shop/food-cupboard/all?department=Christmas%20Treats&viewAll=department&page=,£4.00,£1.34/100g,,New,/groceries/en-GB/products/313004419,https://digitalcontent.api.tesco.com/v2/media/ghs/ae009508-02d9-40af-9432-6a9216dbdbc6/5269fad8-2be1-4e7a-b212-ff7e031c279c_1109583192.jpeg?h=225&w=225,
309199343,Kinder Bueno Chocolate Advent Calendar 167G,https://www.tesco.com/groceries/en-GB/shop/food-cupboard/all?department=Christmas%20Treats&viewAll=department&page=,,,,,/groceries/en-GB/products/309199343,https://digitalcontent.api.tesco.com/v2/media/ghs/6dab8178-9207-46f3-a475-650597d849fa/c28b0619-d82a-460b-b766-4afbe22c5d67_442122553.jpeg?h=225&w=225,This product's currently out of stock
311692925,Reese's Peanut Butter Miniatures Advent Calendar 242G,https://www.tesco.com/groceries/en-GB/shop/food-cupboard/all?department=Christmas%20Treats&viewAll=department&page=,£6.00,£2.48/100g,£5.00 Clubcard Price,,/groceries/en-GB/products/311692925,https://digitalcontent.api.tesco.com/v2/media/ghs/fd512d64-b6d0-451c-a33d-3af3318394f6/15f500ad-ec26-44ef-88dc-fdee54fe8c1c_1871801396.jpeg?h=225&w=225,
302278422,Cadbury Dairy Milk Mixed Chocolate Chunks Tin 396G,https://www.tesco.com/groceries/en-GB/shop/food-cupboard/all?department=Christmas%20Treats&viewAll=department&page=,£5.00,£1.27/100g,£4.00 Clubcard Price,,/groceries/en-GB/products/302278422,https://digitalcontent.api.tesco.com/v2/media/ghs/82b282be-e0bd-41c9-b9d3-03ef84ed1376/3918d391-aca9-43bd-bb66-f0e3220fe9c7_1688929914.jpeg?h=225&w=225,
257379526,Tesco Roasted & Salted Pistachio Nuts 300G,https://www.tesco.com/groceries/en-GB/shop/food-cupboard/all?department=Christmas%20Treats&viewAll=department&page=,£3.35,£11.17/kg,,,/groceries/en-GB/products/257379526,https://digitalcontent.api.tesco.com/v2/media/ghs/30569d96-a6b5-40a2-83bd-63fa89aa2bd4/2ca60f60-a3a7-48f8-ac71-0195905e3c65_1012633825.jpeg?h=225&w=225,
309206394,Thorntons Continental Chocolate Collection 131G,https://www.tesco.com/groceries/en-GB/shop/food-cupboard/all?department=Christmas%20Treats&viewAll=department&page=,£6.00,£4.59/100g,£4.00 Clubcard Price,,/groceries/en-GB/products/309206394,https://digitalcontent.api.tesco.com/v2/media/ghs/027b3b6c-640a-4d61-9acc-84d8dce7f26b/60a9b720-3f47-4e5d-bfc0-adb090f763ee_1469726972.jpeg?h=225&w=225,
312363398,Cadbury Dairy Milk Hollow Santa 50G,https://www.tesco.com/groceries/en-GB/shop/food-cupboard/all?department=Christmas%20Treats&viewAll=department&page=,£1.00,£2.00/100g,,New,/groceries/en-GB/products/312363398,https://digitalcontent.api.tesco.com/v2/media/ghs/24796822-d58c-4408-b667-610b0723fdb4/7f190bca-7d84-4a1a-a1c3-67e40067c0e5_1842228583.jpeg?h=225&w=225,
312586566,Cadbury Darkmilk Pralines 236G,https://www.tesco.com/groceries/en-GB/shop/food-cupboard/all?department=Christmas%20Treats&viewAll=department&page=,£5.50,£2.34/100g,,New,/groceries/en-GB/products/312586566,https://digitalcontent.api.tesco.com/v2/media/ghs/c109b74d-01f4-4df6-ba26-b5ef8d299a91/a2d11945-ed0d-4383-9b9b-80de0c745b01_847365092.jpeg?h=225&w=225,
306824277,Cadbury Chunk Advent Calendar 258G,https://www.tesco.com/groceries/en-GB/shop/food-cupboard/all?department=Christmas%20Treats&viewAll=department&page=,,,,,/groceries/en-GB/products/306824277,https://digitalcontent.api.tesco.com/v2/media/ghs/cae419e0-9a69-4f58-92c6-85899007d3b0/21b5c543-2aad-49fd-a71e-1ab90bc22eb7_1395267285.jpeg?h=225&w=225,This product's currently out of stock
300795348,Galaxy Milk Chocolate 360G,https://www.tesco.com/groceries/en-GB/shop/food-cupboard/all?department=Christmas%20Treats&viewAll=department&page=,£3.50,£0.97/100g,,,/groceries/en-GB/products/300795348,https://digitalcontent.api.tesco.com/v2/media/ghs/f4c9321c-e4a4-4c22-9665-dec4b0ff506a/767f861f-665b-406f-9da2-cc6b7f15de90_247329881.jpeg?h=225&w=225,
309761962,Tesco Melting Santa Hot Chocolate Bombe 65G,https://www.tesco.com/groceries/en-GB/shop/food-cupboard/all?department=Christmas%20Treats&viewAll=department&page=,£1.25,£1.93/100g,,,/groceries/en-GB/products/309761962,https://digitalcontent.api.tesco.com/v2/media/ghs/5609207f-c996-494d-9238-21887c5d8608/5ee23aa5-6c0b-4719-8bc7-56cbfd0d44c9_597099844.jpeg?h=225&w=225,
256870176,Guylian Seashells Boxed Chocolates 250G,https://www.tesco.com/groceries/en-GB/shop/food-cupboard/all?department=Christmas%20Treats&viewAll=department&page=,£5.50,£2.20/100g,£4.00 Clubcard Price,,/groceries/en-GB/products/256870176,https://digitalcontent.api.tesco.com/v2/media/ghs/bf1f0487-ed85-4d3d-9ea5-3360674fe8f1/1d634f37-0f1d-4bb9-ab28-627f699b2311_1559520142.jpeg?h=225&w=225,
267031030,Doritos Mild Salsa Dip 300G,https://www.tesco.com/groceries/en-GB/shop/food-cupboard/all?department=Christmas%20Treats&viewAll=department&page=,£2.50,£0.83/100g,,,/groceries/en-GB/products/267031030,https://digitalcontent.api.tesco.com/v2/media/ghs/e9320e14-bb14-4b9c-a05d-0bafdd6c9d9a/d94616bd-3a16-4c1e-a8a5-c16322bd2cca_1874779839.jpeg?h=225&w=225,
307102341,Dairy Box Christmas Milk Chocolate Assortment 388G,https://www.tesco.com/groceries/en-GB/shop/food-cupboard/all?department=Christmas%20Treats&viewAll=department&page=,£9.00,£2.32/100g,£4.50 Clubcard Price,,/groceries/en-GB/products/307102341,https://digitalcontent.api.tesco.com/v2/media/ghs/581b016e-951c-43c1-9716-5dd3963b2062/5a99a456-6465-419e-aea5-726676813603_911452787.jpeg?h=225&w=225,
312349502,Reese's Peanut Butter Tree 34G X 4,https://www.tesco.com/groceries/en-GB/shop/food-cupboard/all?department=Christmas%20Treats&viewAll=department&page=,£2.50,£1.84/100g,£2.00 Clubcard Price,,/groceries/en-GB/products/312349502,https://digitalcontent.api.tesco.com/v2/media/ghs/f3c6c6c5-3d12-46a4-86a4-f8742c735f41/c6a98245-1b89-4b6e-a3f5-40e6b0dbb5bc_51221540.jpeg?h=225&w=225,
309456552,Tesco Giant Pretzels 200G,https://www.tesco.com/groceries/en-GB/shop/food-cupboard/all?department=Christmas%20Treats&viewAll=department&page=,£1.50,£0.75/100g,£1.25 Clubcard Price,,/groceries/en-GB/products/309456552,https://digitalcontent.api.tesco.com/v2/media/ghs/9dedf90d-5e6b-4a3d-b343-e22f59a47848/9ce911e2-63b8-4edc-9297-9fbbef726287_1981524922.jpeg?h=225&w=225,
309451010,Tesco Chocolate Orange Popcorn 200G,https://www.tesco.com/groceries/en-GB/shop/food-cupboard/all?department=Christmas%20Treats&viewAll=department&page=,£1.50,£0.75/100g,,,/groceries/en-GB/products/309451010,https://digitalcontent.api.tesco.com/v2/media/ghs/e4d803d4-bdb5-49ae-9ad0-d4fafd0183e1/f332f434-f34e-4a04-a7a6-0462bf028085_1003991355.jpeg?h=225&w=225,
293850305,Tesco Popcorn Sweet & Salt 200G,https://www.tesco.com/groceries/en-GB/shop/food-cupboard/all?department=Christmas%20Treats&viewAll=department&page=,£1.65,£0.82/100g,£1.35 Clubcard Price,,/groceries/en-GB/products/293850305,https://digitalcontent.api.tesco.com/v2/media/ghs/ae47c331-6748-4930-b1eb-8ae610f1b676/31d11096-fe70-4026-926b-f7e666246752_1309854608.jpeg?h=225&w=225,
309748973,Cadbury Milk Chocolate Tree Decoration 108G,https://www.tesco.com/groceries/en-GB/shop/food-cupboard/all?department=Christmas%20Treats&viewAll=department&page=,£3.00,£2.73/100g,£2.50 Clubcard Price,,/groceries/en-GB/products/309748973,https://digitalcontent.api.tesco.com/v2/media/ghs/ed9108fb-74b5-4e47-8d24-4b5e8037a2af/57b81f3e-55cf-4de6-8554-312de0fb39eb_2084858184.jpeg?h=225&w=225,
293368289,Toblerone Milk 360G,https://www.tesco.com/groceries/en-GB/shop/food-cupboard/all?department=Christmas%20Treats&viewAll=department&page=,£3.50,£0.97/100g,,,/groceries/en-GB/products/293368289,https://digitalcontent.api.tesco.com/v2/media/ghs/37623568-e5c3-489f-ac25-394579eb0580/ca1d3e28-0be2-47e1-92f9-41ffbb4d99d5_144413115.jpeg?h=225&w=225,
312362249,Tesco Maple Bacon Flavour Pretzels 200G,https://www.tesco.com/groceries/en-GB/shop/food-cupboard/all?department=Christmas%20Treats&viewAll=department&page=,£1.50,£0.75/100g,£1.25 Clubcard Price,,/groceries/en-GB/products/312362249,,
309483219,Tesco Lebkuchen Hearts 250G,https://www.tesco.com/groceries/en-GB/shop/food-cupboard/all?department=Christmas%20Treats&viewAll=department&page=,£1.00,£0.40/100g,,,/groceries/en-GB/products/309483219,,
306953227,Tesco Lebkuchen Iced Stars 250G,https://www.tesco.com/groceries/en-GB/shop/food-cupboard/all?department=Christmas%20Treats&viewAll=department&page=,£1.00,£0.40/100g,,,/groceries/en-GB/products/306953227,https://digitalcontent.api.tesco.com/v2/media/ghs/541ee584-02c0-49d2-9ba0-5fa5f01c8b16/af42fc33-e12a-40ef-bfb8-83c7907b6db9_1022141185.jpeg?h=225&w=225,
304899489,Cadbury Snowy Fingers 115G,https://www.tesco.com/groceries/en-GB/shop/food-cupboard/all?department=Christmas%20Treats&viewAll=department&page=,£1.25,£1.09/100g,,,/groceries/en-GB/products/304899489,https://digitalcontent.api.tesco.com/v2/media/ghs/39231165-5c28-458a-814f-cbbdf9af932c/a080611d-ef5d-4c0a-ad30-d6c63938e77b_1228501097.jpeg?h=225&w=225,
308832114,Pringles Salt & Vinegar Crisps 165G,https://www.tesco.com/groceries/en-GB/shop/food-cupboard/all?department=Christmas%20Treats&viewAll=department&page=,£1.69,£1.03/100g,Aldi Price Match,,/groceries/en-GB/products/308832114,https://digitalcontent.api.tesco.com/v2/media/ghs/724a46cd-c076-4ef6-9d92-e5401c1112e9/23f22748-ced0-4888-ab8b-346439a70491_997940803.jpeg?h=225&w=225,
296734963,Pringles Cheese And Onion 200G,https://www.tesco.com/groceries/en-GB/shop/food-cupboard/all?department=Christmas%20Treats&viewAll=department&page=,£2.00,£1.00/100g,£1.65 Clubcard Price,,/groceries/en-GB/products/296734963,https://digitalcontent.api.tesco.com/v2/media/ghs/75d68a5a-5e06-4035-8ca3-389a3ae91de7/58b8ca78-5d32-4fee-9307-99b71f9ab72c_1992457895.jpeg?h=225&w=225,
312089008,Aero Peppermint Bubbles Giant Tube 70G,https://www.tesco.com/groceries/en-GB/shop/food-cupboard/all?department=Christmas%20Treats&viewAll=department&page=,£1.25,£1.79/100g,£1.00 Clubcard Price,,/groceries/en-GB/products/312089008,https://digitalcontent.api.tesco.com/v2/media/ghs/80b2d005-ed39-4dcd-9552-4350427d6914/15ecdf98-2bd9-4faf-9ac0-e7e7926c890c_2137644905.jpeg?h=225&w=225,
309193695,Skittles & Friends Christmas Selection Box 150.5G,https://www.tesco.com/groceries/en-GB/shop/food-cupboard/all?department=Christmas%20Treats&viewAll=department&page=,£2.00,£1.33/100g,£1.50 Clubcard Price,,/groceries/en-GB/products/309193695,https://digitalcontent.api.tesco.com/v2/media/ghs/5496d9db-84ef-42ae-954b-1d9d2ce85b4a/011ceb21-b5a7-4aef-bc74-0540b5ecb9c8_1529328857.jpeg?h=225&w=225,
302219390,Cadbury Festive Friends Chocolate Biscuits 150G,https://www.tesco.com/groceries/en-GB/shop/food-cupboard/all?department=Christmas%20Treats&viewAll=department&page=,£1.00,£0.67/100g,,,/groceries/en-GB/products/302219390,https://digitalcontent.api.tesco.com/v2/media/ghs/95925250-49cd-412f-a08f-18d2a6ee0833/7ffe8c0a-1372-44c8-b797-1f9ceaff0eae_842168074.jpeg?h=225&w=225,
312349600,Cadbury Dairy Milk Mini Snowballs 110G,https://www.tesco.com/groceries/en-GB/shop/food-cupboard/all?department=Christmas%20Treats&viewAll=department&page=,£1.00,£0.91/100g,89p Clubcard Price,,/groceries/en-GB/products/312349600,https://digitalcontent.api.tesco.com/v2/media/ghs/f4f24027-aefe-4187-a203-4a46dba7dad5/d05135c2-6369-4d31-81ab-a67d2f9dc12a_314351053.jpeg?h=225&w=225,
312226066,Quality Street Favourites Orange Crunch Block 84G,https://www.tesco.com/groceries/en-GB/shop/food-cupboard/all?department=Christmas%20Treats&viewAll=department&page=,£1.00,£1.20/100g,,New,/groceries/en-GB/products/312226066,https://digitalcontent.api.tesco.com/v2/media/ghs/a7f6a026-1246-4d98-8524-1bed6247b99e/4e83a9a0-29e6-40c7-bd57-08d8b2103e94_1364622695.jpeg?h=225&w=225,
309203823,M&M's & Friends Christmas Selection Box 139G,https://www.tesco.com/groceries/en-GB/shop/food-cupboard/all?department=Christmas%20Treats&viewAll=department&page=,£2.00,£1.44/100g,£1.50 Clubcard Price,,/groceries/en-GB/products/309203823,https://digitalcontent.api.tesco.com/v2/media/ghs/5ce46daa-78b8-4dcb-a603-cfa3971e9756/47d9fa35-0b16-4032-95e5-5123c44498dd_435093435.jpeg?h=225&w=225,
311958042,Maltesers Mint Chocolate Mini Reindeers 59G,https://www.tesco.com/groceries/en-GB/shop/food-cupboard/all?department=Christmas%20Treats&viewAll=department&page=,£1.00,£1.70/100g,,New,/groceries/en-GB/products/311958042,https://digitalcontent.api.tesco.com/v2/media/ghs/b7a45aea-387c-46ff-93f3-2c8e3950f727/11e71f7b-32cd-4c93-b653-3cece745f86e_2065640360.jpeg?h=225&w=225,
312565597,Reese's Peanut Butter Cups Dj Santa Disco Lights 70G,https://www.tesco.com/groceries/en-GB/shop/food-cupboard/all?department=Christmas%20Treats&viewAll=department&page=,£1.00,£1.43/100g,,New,/groceries/en-GB/products/312565597,https://digitalcontent.api.tesco.com/v2/media/ghs/05ab91a2-7cb0-4e1b-b312-2e64dbe0bc62/5034985a-3c5e-43d0-a634-8a80af1850c8_1184703320.jpeg?h=225&w=225,
311941317,Lindt Lindor Double Chocolate Mini Truffles 80G,https://www.tesco.com/groceries/en-GB/shop/food-cupboard/all?department=Christmas%20Treats&viewAll=department&page=,£1.50,£1.88/100g,,New,/groceries/en-GB/products/311941317,https://digitalcontent.api.tesco.com/v2/media/ghs/33ca32b5-a8ea-48ff-8374-14ff949bab6c/6fadad55-2aa6-40cd-9f9d-f341a7e38526_2120314774.jpeg?h=225&w=225,
303823283,Cadbury Heroes 290G,https://www.tesco.com/groceries/en-GB/shop/food-cupboard/all?department=Christmas%20Treats&viewAll=department&page=,£3.00,£1.04/100g,,,/groceries/en-GB/products/303823283,https://digitalcontent.api.tesco.com/v2/media/ghs/1a2f5058-4824-4b37-890e-ce48073b5e4a/66c8a8eb-b2e9-4644-8b76-19bde07d338e_349720682.jpeg?h=225&w=225,
312569184,Cadbury Heroes Pouch 357G,https://www.tesco.com/groceries/en-GB/shop/food-cupboard/all?department=Christmas%20Treats&viewAll=department&page=,£3.50,£0.98/100g,,,/groceries/en-GB/products/312569184,https://digitalcontent.api.tesco.com/v2/media/ghs/3a83b286-d75d-4b3a-9980-bc4871565d78/820afdb6-4adc-4a6b-b0d2-a821d5359e63_1500042337.jpeg?h=225&w=225,
311670623,Tesco Milk Chocolate Turkish Delight Thins 180G,https://www.tesco.com/groceries/en-GB/shop/food-cupboard/all?department=Christmas%20Treats&viewAll=department&page=,£1.00,£0.56/100g,,,/groceries/en-GB/products/311670623,https://digitalcontent.api.tesco.com/v2/media/ghs/e6e16b89-7e39-49f7-9be0-ef19674471c8/4856afdd-d4d9-40cb-809e-9c2df1fbd785_1634226526.jpeg?h=225&w=225,
309750923,Quality Street Matchmakers Caramel Coffee 120G,https://www.tesco.com/groceries/en-GB/shop/food-cupboard/all?department=Christmas%20Treats&viewAll=department&page=,£1.25,£1.05/100g,,,/groceries/en-GB/products/309750923,https://digitalcontent.api.tesco.com/v2/media/ghs/102cdd52-bb0b-4002-90f6-6950fe4db157/6b80c9a7-02af-4b5a-b42e-2ea8bb3d604d_1051324305.jpeg?h=225&w=225,
293216556,Tesco Chocolate Hollow Reindeer 100G,https://www.tesco.com/groceries/en-GB/shop/food-cupboard/all?department=Christmas%20Treats&viewAll=department&page=,£0.89,£0.89/100g,,,/groceries/en-GB/products/293216556,https://digitalcontent.api.tesco.com/v2/media/ghs/3d41595c-10ae-4579-abad-63215c985a84/a1fd32bf-0793-4767-8880-888fff1d5525_1581929078.jpeg?h=225&w=225,
312095179,Cadbury Dairy Milk Chunk Pouch 350G,https://www.tesco.com/groceries/en-GB/shop/food-cupboard/all?department=Christmas%20Treats&viewAll=department&page=,£3.50,£1.00/100g,,,/groceries/en-GB/products/312095179,https://digitalcontent.api.tesco.com/v2/media/ghs/a6864960-5a41-48c1-8bc0-7c277f49c7a4/619ff361-db06-44e3-a3ea-e0fb067c066a_1043841400.jpeg?h=225&w=225,
312223910,Quality Street Tin 871G,https://www.tesco.com/groceries/en-GB/shop/food-cupboard/all?department=Christmas%20Treats&viewAll=department&page=,£10.00,£1.15/100g,£7.00 Clubcard Price,,/groceries/en-GB/products/312223910,https://digitalcontent.api.tesco.com/v2/media/ghs/a1ffdd75-4c78-45aa-be05-af1c749437a7/6d669cec-c654-4a14-a969-d58c6ef01d4d_1906240589.jpeg?h=225&w=225,
274669428,Tesco Walnuts 225G,https://www.tesco.com/groceries/en-GB/shop/food-cupboard/all?department=Christmas%20Treats&viewAll=department&page=,£3.00,£13.34/kg,Any 2 for £5 Clubcard Price - Selected Tesco Core And In Shell Nuts 170g - 600g,,/groceries/en-GB/products/274669428,https://digitalcontent.api.tesco.com/v2/media/ghs/caaa51bf-216f-4951-82fa-aeba41ca0823/b2238589-16fb-4a68-bd76-6bd2e407de3a_648725433.jpeg?h=225&w=225,
312085560,Galaxy Assorted Chocolate Truffles 195G,https://www.tesco.com/groceries/en-GB/shop/food-cupboard/all?department=Christmas%20Treats&viewAll=department&page=,£5.00,£2.57/100g,£3.50 Clubcard Price,,/groceries/en-GB/products/312085560,https://digitalcontent.api.tesco.com/v2/media/ghs/e55bce8e-e711-4abc-bb38-46724b00a278/0dc98a5a-a21f-48c5-b5ad-a46ebd3f56bb_897578962.jpeg?h=225&w=225,
274678814,Tesco Mixed Nuts 225G,https://www.tesco.com/groceries/en-GB/shop/food-cupboard/all?department=Christmas%20Treats&viewAll=department&page=,£3.00,£13.34/kg,Any 2 for £5 Clubcard Price - Selected Tesco Core And In Shell Nuts 170g - 600g,,/groceries/en-GB/products/274678814,https://digitalcontent.api.tesco.com/v2/media/ghs/28bad9d6-15a8-4bc4-ae6b-45b4dc1fc79c/559f2649-f958-479e-aed9-a40d75363249_427190088.jpeg?h=225&w=225,
260740048,Lindt Lindor 60% Dark Chocolate Truffles Carton 200G,https://www.tesco.com/groceries/en-GB/shop/food-cupboard/all?department=Christmas%20Treats&viewAll=department&page=,£5.50,£2.75/100g,£4.00 Clubcard Price,,/groceries/en-GB/products/260740048,https://digitalcontent.api.tesco.com/v2/media/ghs/0116fc4b-3e90-474d-afa4-65d47374f521/a4897d7c-add0-4261-a1d8-32c46cb4f08c_873217489.jpeg?h=225&w=225,
306495999,Lindt Lindor Salted Caramel Truffles 200G,https://www.tesco.com/groceries/en-GB/shop/food-cupboard/all?department=Christmas%20Treats&viewAll=department&page=,£5.50,£2.75/100g,£4.00 Clubcard Price,,/groceries/en-GB/products/306495999,https://digitalcontent.api.tesco.com/v2/media/ghs/5dba740b-9326-48fa-9806-47a4b42760ae/29a0dea5-96d2-49d6-831e-2c58cff9cc7e_1794763645.jpeg?h=225&w=225,
306495423,Fox's Fabulous Viennese Biscuit Selection 350G,https://www.tesco.com/groceries/en-GB/shop/food-cupboard/all?department=Christmas%20Treats&viewAll=department&page=,£4.00,£1.15/100g,,,/groceries/en-GB/products/306495423,https://digitalcontent.api.tesco.com/v2/media/ghs/4d54b9d4-c744-467b-8a81-8ebdcbefc3f8/f3e1fcfb-65d4-49ae-807a-58e02b7e0fa0_1234117806.jpeg?h=225&w=225,
311807129,Doritos Nacho Cheese Dip 280G,https://www.tesco.com/groceries/en-GB/shop/food-cupboard/all?department=Christmas%20Treats&viewAll=department&page=,£2.50,£0.89/100g,,,/groceries/en-GB/products/311807129,https://digitalcontent.api.tesco.com/v2/media/ghs/7ca939d9-c160-4ecf-ae36-25e74e35472c/255d9922-bc8f-4be0-a999-48b0865d5219_1914747214.jpeg?h=225&w=225,
309188356,Thorntons Cheeky Elf Milk Chocolate Christmas Gift 90G,https://www.tesco.com/groceries/en-GB/shop/food-cupboard/all?department=Christmas%20Treats&viewAll=department&page=,£2.50,£2.78/100g,,,/groceries/en-GB/products/309188356,https://digitalcontent.api.tesco.com/v2/media/ghs/cb81fd0d-4512-4e2a-ad9b-5a394e8ee93b/d71b1667-095b-4407-b84c-e000eafc2d6d_828860357.jpeg?h=225&w=225,
264932512,Jacobs Biscuits For Cheese 450G,https://www.tesco.com/groceries/en-GB/shop/food-cupboard/all?department=Christmas%20Treats&viewAll=department&page=,£3.50,£0.78/100g,,,/groceries/en-GB/products/264932512,https://digitalcontent.api.tesco.com/v2/media/ghs/87097a73-f123-4eea-a5d8-f18834486cd9/cb890987-779a-40da-913f-66210f9e3f3e_2041002430.jpeg?h=225&w=225,
312107455,Lilyo'brien's Salted Caramel Truffles 200G,https://www.tesco.com/groceries/en-GB/shop/food-cupboard/all?department=Christmas%20Treats&viewAll=department&page=,£5.00,£2.50/100g,£3.50 Clubcard Price,,/groceries/en-GB/products/312107455,https://digitalcontent.api.tesco.com/v2/media/ghs/45bba9f3-6603-4403-807d-55289ad2af85/60b267c3-4c7e-4574-9f06-6e9dda5d20f1_458008101.jpeg?h=225&w=225,
254896546,Ferrero Rocher 16 Pieces Boxed Chocolates 200G,https://www.tesco.com/groceries/en-GB/shop/food-cupboard/all?department=Christmas%20Treats&viewAll=department&page=,£5.25,£2.63/100g,£4.00 Clubcard Price,,/groceries/en-GB/products/254896546,https://digitalcontent.api.tesco.com/v2/media/ghs/1e4d726c-5cd8-42f1-87d2-cf2230f2bc83/7549d243-de60-4f32-afc9-de7c4a22653d_1120747287.jpeg?h=225&w=225,
312233604,Lilly O'brien's Milk Chocolate Truffles 200G,https://www.tesco.com/groceries/en-GB/shop/food-cupboard/all?department=Christmas%20Treats&viewAll=department&page=,£5.00,£2.50/100g,£3.50 Clubcard Price,,/groceries/en-GB/products/312233604,https://digitalcontent.api.tesco.com/v2/media/ghs/765a2045-cb1f-4180-a3ad-673ef8bf82c4/54e66ecd-03ff-4952-bce4-3786ca54f9bf_369093681.jpeg?h=225&w=225,
267031312,Doritos Hot Salsa Dip 300G,https://www.tesco.com/groceries/en-GB/shop/food-cupboard/all?department=Christmas%20Treats&viewAll=department&page=,£2.50,£0.83/100g,,,/groceries/en-GB/products/267031312,https://digitalcontent.api.tesco.com/v2/media/ghs/196df538-e9ed-4ec1-a394-f778d7edd69d/f4f45745-bd8e-4a58-b32e-7abf48e91472_209996249.jpeg?h=225&w=225,
254033802,Tesco Chestnuts 400G,https://www.tesco.com/groceries/en-GB/shop/food-cupboard/all?department=Christmas%20Treats&viewAll=department&page=,£2.25,£5.63/kg,Any 2 for £4 Clubcard Price - Tesco Chestnuts 400g,,/groceries/en-GB/products/254033802,https://digitalcontent.api.tesco.com/v2/media/ghs/49c1b018-2427-4562-8cb3-526015326c23/0e1f61da-f635-4b62-89bc-27ebdee3d4e2_1503629346.jpeg?h=225&w=225,
312110151,Doritos Dippers Hint Of Sour Cream & Onion Tortilla 270G,https://www.tesco.com/groceries/en-GB/shop/food-cupboard/all?department=Christmas%20Treats&viewAll=department&page=,£2.50,£0.93/100g,,,/groceries/en-GB/products/312110151,https://digitalcontent.api.tesco.com/v2/media/ghs/767d1ea1-2817-4c34-869d-f85285b5b665/cbbe2437-8050-42c1-9ba9-2552aeda082f_1204015079.jpeg?h=225&w=225,
311440838,Kettle Sourdough Bites Parmesan & Balsamic Vinegar 120G,https://www.tesco.com/groceries/en-GB/shop/food-cupboard/all?department=Christmas%20Treats&viewAll=department&page=,£1.99,£1.66/100g,,,/groceries/en-GB/products/311440838,https://digitalcontent.api.tesco.com/v2/media/ghs/25042657-745b-4aff-89ca-3055e64879c3/6f177136-d440-4ba6-b39e-8301f40d01bf_1344888604.jpeg?h=225&w=225,
297539900,Lindt Sleigh Milk Chocolate 5 Pack 50G,https://www.tesco.com/groceries/en-GB/shop/food-cupboard/all?department=Christmas%20Treats&viewAll=department&page=,£2.00,£4.00/100g,,,/groceries/en-GB/products/297539900,https://digitalcontent.api.tesco.com/v2/media/ghs/c714d503-1282-4869-a5bb-8adab89cb79a/snapshotimagehandler_1134141173.jpeg?h=225&w=225,
311796549,Elizabeth Shaw Mint Crisp 162G,https://www.tesco.com/groceries/en-GB/shop/food-cupboard/all?department=Christmas%20Treats&viewAll=department&page=,£3.50,£2.17/100g,£2.50 Clubcard Price,,/groceries/en-GB/products/311796549,https://digitalcontent.api.tesco.com/v2/media/ghs/ebe1e81a-51c5-4ea3-8a4f-268eb4c21b49/c2d5a1ce-58df-40bf-aeda-aed556867e2a_2112764192.jpeg?h=225&w=225,
309449866,Tesco Sweet & Salty Pretzels 200G,https://www.tesco.com/groceries/en-GB/shop/food-cupboard/all?department=Christmas%20Treats&viewAll=department&page=,£1.50,£0.75/100g,£1.25 Clubcard Price,,/groceries/en-GB/products/309449866,https://digitalcontent.api.tesco.com/v2/media/ghs/40865b41-0382-48fb-b488-d334023efb72/b097adb2-db46-49ad-a992-72858fa408ae_338943969.jpeg?h=225&w=225,
310664621,Pringles Sizzl'n Sweet Chilli Crisps 180G,https://www.tesco.com/groceries/en-GB/shop/food-cupboard/all?department=Christmas%20Treats&viewAll=department&page=,£2.10,£1.17/100g,,,/groceries/en-GB/products/310664621,https://digitalcontent.api.tesco.com/v2/media/ghs/bb59942a-e406-4a45-9225-4c9882c3cd33/db4b9c5e-9b3c-4b22-9ec0-1d8d9f77e2b7_2067018827.jpeg?h=225&w=225,
308117339,Pringles Sizzl'n Kickin Sour Cream Crisps 180G,https://www.tesco.com/groceries/en-GB/shop/food-cupboard/all?department=Christmas%20Treats&viewAll=department&page=,£2.10,£1.17/100g,,,/groceries/en-GB/products/308117339,https://digitalcontent.api.tesco.com/v2/media/ghs/b346e12d-258c-4057-b2e6-0e81d6fd7cdc/58d8304b-cf3f-496b-bc78-4c1682b50998_1585969588.jpeg?h=225&w=225,
311938417,Tesco Maple Honey Roast Peanuts And Cashews 400G,https://www.tesco.com/groceries/en-GB/shop/food-cupboard/all?department=Christmas%20Treats&viewAll=department&page=,£3.00,£7.50/kg,,New,/groceries/en-GB/products/311938417,https://digitalcontent.api.tesco.com/v2/media/ghs/105a3237-169d-4a60-8358-431384baa7dd/953f11b7-6ebc-4271-a30c-2a45f1ea1801_451530255.jpeg?h=225&w=225,
311801464,Quality Street Carton 220G,https://www.tesco.com/groceries/en-GB/shop/food-cupboard/all?department=Christmas%20Treats&viewAll=department&page=,£3.00,£1.37/100g,£2.00 Clubcard Price,,/groceries/en-GB/products/311801464,https://digitalcontent.api.tesco.com/v2/media/ghs/d5443bda-6be7-4d86-a692-e0fb5ca3c2ab/58e83c90-8ae8-49a3-ac5a-7e7b7333742a_1870576220.jpeg?h=225&w=225,
278557819,Tesco Milk Chocolate £50 Note 100G,https://www.tesco.com/groceries/en-GB/shop/food-cupboard/all?department=Christmas%20Treats&viewAll=department&page=,£1.00,£1.00/100g,,,/groceries/en-GB/products/278557819,https://digitalcontent.api.tesco.com/v2/media/ghs/e28cddb4-c5e5-4042-ab51-9c3f51062ea5/ba893790-1f50-44ad-86db-cde189e63ac6_1830255910.jpeg?h=225&w=225,
312101542,Tesco Finest Pecorino Cheese Nut Selection 225G,https://www.tesco.com/groceries/en-GB/shop/food-cupboard/all?department=Christmas%20Treats&viewAll=department&page=,£3.50,£15.56/kg,£3.00 Clubcard Price,,/groceries/en-GB/products/312101542,https://digitalcontent.api.tesco.com/v2/media/ghs/0289f698-a4a3-4257-957c-dd7bc0bbdc2b/09ca6417-1470-4a88-8c35-e360670ee09c_1695503396.jpeg?h=225&w=225,
310109669,Pringles Smokey Bacon Crisps 200G,https://www.tesco.com/groceries/en-GB/shop/food-cupboard/all?department=Christmas%20Treats&viewAll=department&page=,£2.00,£1.00/100g,£1.65 Clubcard Price,,/groceries/en-GB/products/310109669,https://digitalcontent.api.tesco.com/v2/media/ghs/a0155f9e-3dee-41fc-be7b-c9879c4cb7c0/693f7fc3-9864-4bb4-a4e6-88987fd6e37f_1604338271.jpeg?h=225&w=225,
312228496,Tesco Finest Turkey & Sage Butter Flavour Crisps 150G,https://www.tesco.com/groceries/en-GB/shop/food-cupboard/all?department=Christmas%20Treats&viewAll=department&page=,£1.25,£0.83/100g,,,/groceries/en-GB/products/312228496,https://digitalcontent.api.tesco.com/v2/media/ghs/eac0ac89-a2b0-42ef-abca-98e469c9d065/69c22675-20f3-48f1-b14a-2527dff5f8f5_1360043638.jpeg?h=225&w=225,
289348929,Tesco Bacon Rashers Crisps 300G,https://www.tesco.com/groceries/en-GB/shop/food-cupboard/all?department=Christmas%20Treats&viewAll=department&page=,£1.65,£0.55/100g,£1.35 Clubcard Price,,/groceries/en-GB/products/289348929,https://digitalcontent.api.tesco.com/v2/media/ghs/ceb93886-781f-4b01-837b-b09916bd58f5/snapshotimagehandler_1783856966.jpeg?h=225&w=225,
312216207,Tesco Finest Crinkle Cut Glazed Ham Flavour Crisps 150G,https://www.tesco.com/groceries/en-GB/shop/food-cupboard/all?department=Christmas%20Treats&viewAll=department&page=,£1.25,£0.83/100g,,,/groceries/en-GB/products/312216207,https://digitalcontent.api.tesco.com/v2/media/ghs/9ecf2a91-563d-4ec4-a093-97e4d24dcab7/6c0ad1e2-cdce-42a1-8b90-0ba662b53a12_1283704335.jpeg?h=225&w=225,
264768234,Tesco Cheese Balls Snacks 300G,https://www.tesco.com/groceries/en-GB/shop/food-cupboard/all?department=Christmas%20Treats&viewAll=department&page=,£1.65,£0.55/100g,£1.35 Clubcard Price,,/groceries/en-GB/products/264768234,https://digitalcontent.api.tesco.com/v2/media/ghs/75d511d2-25bc-4d36-b92f-94335e8b53d7/snapshotimagehandler_468036685.jpeg?h=225&w=225,
309756669,Rowntrees Fruit Pastilles Giant Tube 115G,https://www.tesco.com/groceries/en-GB/shop/food-cupboard/all?department=Christmas%20Treats&viewAll=department&page=,£1.25,£1.09/100g,£1.00 Clubcard Price,,/groceries/en-GB/products/309756669,https://digitalcontent.api.tesco.com/v2/media/ghs/84d6d3c8-c352-4dd0-875e-5001b7eb4da0/97aa1964-d3fb-4c79-a1d4-c4891d750554_38619042.jpeg?h=225&w=225,
309775122,Kit Kat Santa Milk Chocolate Sharing Bag 55G,https://www.tesco.com/groceries/en-GB/shop/food-cupboard/all?department=Christmas%20Treats&viewAll=department&page=,£1.00,£1.82/100g,,,/groceries/en-GB/products/309775122,https://digitalcontent.api.tesco.com/v2/media/ghs/16e8b41a-f27e-433f-bd97-a47db0288c1e/37d366ea-df92-4066-9b60-16f8809202f7_480538164.jpeg?h=225&w=225,
309763332,Milkybar White Chocolate Festive Friends Bag 57G,https://www.tesco.com/groceries/en-GB/shop/food-cupboard/all?department=Christmas%20Treats&viewAll=department&page=,£1.00,£1.76/100g,,,/groceries/en-GB/products/309763332,https://digitalcontent.api.tesco.com/v2/media/ghs/1f5c815d-31d3-40b1-bc09-a70c8ee3c810/c09f8d94-3a17-4f48-b5a2-f42511aaa896_1179093327.jpeg?h=225&w=225,
312227451,Tesco Blonde Chocolate Flavour Popcorn 200G,https://www.tesco.com/groceries/en-GB/shop/food-cupboard/all?department=Christmas%20Treats&viewAll=department&page=,£1.50,£0.75/100g,,,/groceries/en-GB/products/312227451,https://digitalcontent.api.tesco.com/v2/media/ghs/30a2789d-2c08-4399-9524-87429c8ce359/5d178efe-6906-4e26-a494-949bdbe19054_1315554558.jpeg?h=225&w=225,
262576320,Rowntrees Jelly Tots Tube 130G,https://www.tesco.com/groceries/en-GB/shop/food-cupboard/all?department=Christmas%20Treats&viewAll=department&page=,£1.25,£0.96/100g,£1.00 Clubcard Price,,/groceries/en-GB/products/262576320,https://digitalcontent.api.tesco.com/v2/media/ghs/aa6dc81a-3bba-4e36-ac29-cbc482fcf788/d9446d38-e5b7-4fbf-b7d4-02c99345315c_2147422325.jpeg?h=225&w=225,
303823260,Cadbury Roses 290G,https://www.tesco.com/groceries/en-GB/shop/food-cupboard/all?department=Christmas%20Treats&viewAll=department&page=,£3.00,£1.04/100g,,,/groceries/en-GB/products/303823260,https://digitalcontent.api.tesco.com/v2/media/ghs/7296eb7f-e5f3-4170-924c-e4d89050ee2d/3342517f-351a-4cc8-9ed6-2f1aa0597494_651325611.jpeg?h=225&w=225,
312105054,Tesco Finest Sweet Cherry Fruit & Nut Selection 225G,https://www.tesco.com/groceries/en-GB/shop/food-cupboard/all?department=Christmas%20Treats&viewAll=department&page=,£3.50,£15.56/kg,£3.00 Clubcard Price,,/groceries/en-GB/products/312105054,https://digitalcontent.api.tesco.com/v2/media/ghs/f9e9ffdd-09a0-49dc-860f-75347ed87b02/53968c95-890a-4468-a7e6-cfc4682a43c7_134004004.jpeg?h=225&w=225,
309765071,Quality Street Matchmakers Honeycomb 120G,https://www.tesco.com/groceries/en-GB/shop/food-cupboard/all?department=Christmas%20Treats&viewAll=department&page=,£1.25,£1.05/100g,,,/groceries/en-GB/products/309765071,https://digitalcontent.api.tesco.com/v2/media/ghs/dc8523e2-43f9-489c-8067-b850d356efed/bf543879-4abf-4405-adbf-01e6acf38f69_920796410.jpeg?h=225&w=225,
307102502,Milkybar White Chocolate Buttons 90G,https://www.tesco.com/groceries/en-GB/shop/food-cupboard/all?department=Christmas%20Treats&viewAll=department&page=,£1.25,£1.39/100g,£1.00 Clubcard Price,,/groceries/en-GB/products/307102502,https://digitalcontent.api.tesco.com/v2/media/ghs/6b396152-23be-471c-9172-495eaf25c143/c3d688fa-e2b0-4f2c-8319-db7d54ba1d45_465453681.jpeg?h=225&w=225,
309450086,Smarties Orange Milk Chocolate Giant Tube 120G,https://www.tesco.com/groceries/en-GB/shop/food-cupboard/all?department=Christmas%20Treats&viewAll=department&page=,£1.25,£1.05/100g,£1.00 Clubcard Price,,/groceries/en-GB/products/309450086,https://digitalcontent.api.tesco.com/v2/media/ghs/53745c8c-5ff3-4145-98ed-847d9e5c6dbe/103b8692-f547-4d61-9e3d-f65c9f697742_154490716.jpeg?h=225&w=225,
297385390,Tesco Pretzel Cracker Mix 250G,https://www.tesco.com/groceries/en-GB/shop/food-cupboard/all?department=Christmas%20Treats&viewAll=department&page=,£1.00,£0.40/100g,,,/groceries/en-GB/products/297385390,https://digitalcontent.api.tesco.com/v2/media/ghs/8edc4c57-72f8-4e7f-b28d-a986bc103e36/73d20364-10fd-4516-a88e-72f81ca0fa57_2123178691.jpeg?h=225&w=225,
312083026,Tesco Finest Rosemary Nut Selection 225G,https://www.tesco.com/groceries/en-GB/shop/food-cupboard/all?department=Christmas%20Treats&viewAll=department&page=,£3.50,£15.56/kg,£3.00 Clubcard Price,,/groceries/en-GB/products/312083026,https://digitalcontent.api.tesco.com/v2/media/ghs/400e42f1-55f2-461c-9b40-6f1d86dfbb38/d9772585-64ab-4483-87e7-64c32ebf6f4b_1381331412.jpeg?h=225&w=225,
306817447,Mcvitie's Family Circle Biscuits 310G,https://www.tesco.com/groceries/en-GB/shop/food-cupboard/all?department=Christmas%20Treats&viewAll=department&page=,£1.50,£0.48/100g,£1.00 Clubcard Price,,/groceries/en-GB/products/306817447,https://digitalcontent.api.tesco.com/v2/media/ghs/5adb1dde-6208-4bae-a986-65f19034c1aa/85e97079-5097-46a0-bd62-6e4d3f415b70_208900375.jpeg?h=225&w=225,
312093446,Cadbury Chunk Collection 243G,https://www.tesco.com/groceries/en-GB/shop/food-cupboard/all?department=Christmas%20Treats&viewAll=department&page=,£5.00,£2.06/100g,£2.50 Clubcard Price,,/groceries/en-GB/products/312093446,https://digitalcontent.api.tesco.com/v2/media/ghs/cf755a4f-4db3-4724-bf4b-baba12506700/2e734696-202f-447a-bda2-7adcc3df73a5_972067206.jpeg?h=225&w=225,
303880317,Doritos Stax Sour Cream & Onion Tortilla Chips 170G,https://www.tesco.com/groceries/en-GB/shop/food-cupboard/all?department=Christmas%20Treats&viewAll=department&page=,£1.00,£0.59/100g,,,/groceries/en-GB/products/303880317,https://digitalcontent.api.tesco.com/v2/media/ghs/16ee9ec3-c87c-4315-a12e-bbc6c80dce93/20a70d7f-ee2b-4643-89be-edcc8ca6947f_1929210708.jpeg?h=225&w=225,
309785542,Doritos Stax Smokey Bbq Ribs Tortilla Chips 170G,https://www.tesco.com/groceries/en-GB/shop/food-cupboard/all?department=Christmas%20Treats&viewAll=department&page=,£1.00,£0.59/100g,,,/groceries/en-GB/products/309785542,https://digitalcontent.api.tesco.com/v2/media/ghs/9f24775f-d69d-43ae-a94c-7fe0f8208a11/80d44268-fdb0-404c-85c8-51b1488becb3_1735205347.jpeg?h=225&w=225,
312083562,Cadbury Roses Tin 900G,https://www.tesco.com/groceries/en-GB/shop/food-cupboard/all?department=Christmas%20Treats&viewAll=department&page=,£9.00,£1.00/100g,£7.00 Clubcard Price,,/groceries/en-GB/products/312083562,https://digitalcontent.api.tesco.com/v2/media/ghs/51414247-633b-4da0-b5c9-18df295db119/36c9f97f-c15f-43ac-a7bf-de1cf78ae4c8_1711845846.jpeg?h=225&w=225,
265059450,Lindt Lindor White Chocolate Truffles Carton 200G,https://www.tesco.com/groceries/en-GB/shop/food-cupboard/all?department=Christmas%20Treats&viewAll=department&page=,£5.50,£2.75/100g,£4.00 Clubcard Price,,/groceries/en-GB/products/265059450,https://digitalcontent.api.tesco.com/v2/media/ghs/aad172e8-9099-4a23-b8dd-303580432e2c/ec724d0b-fb4b-47ef-bb20-62d916664ba3_1096437525.jpeg?h=225&w=225,
297648545,Tesco Walnuts In Shell 350G,https://www.tesco.com/groceries/en-GB/shop/food-cupboard/all?department=Christmas%20Treats&viewAll=department&page=,£3.00,£8.58/kg,Any 2 for £5 Clubcard Price - Selected Tesco Core And In Shell Nuts 170g - 600g,,/groceries/en-GB/products/297648545,https://digitalcontent.api.tesco.com/v2/media/ghs/29bb39ce-96e1-48c6-9aac-267726cf3b51/009cd680-9d6d-4b2a-9d93-2c5b721cd92c_1524987479.jpeg?h=225&w=225,
302295999,"Thorntons Classic Collection Of Milk, Dark & White Chocolate 449G",https://www.tesco.com/groceries/en-GB/shop/food-cupboard/all?department=Christmas%20Treats&viewAll=department&page=,£8.50,£1.90/100g,£7.00 Clubcard Price,,/groceries/en-GB/products/302295999,https://digitalcontent.api.tesco.com/v2/media/ghs/996265cc-1e05-40b2-8f94-d2556f708d9a/050f4580-c942-4798-a4a9-4747e8eadfbd_2115852269.jpeg?h=225&w=225,
311952958,Cadbury Heroes Tin 900G,https://www.tesco.com/groceries/en-GB/shop/food-cupboard/all?department=Christmas%20Treats&viewAll=department&page=,£9.00,£1.00/100g,£7.00 Clubcard Price,,/groceries/en-GB/products/311952958,https://digitalcontent.api.tesco.com/v2/media/ghs/47d9d27b-f522-4a80-a262-7908fc0f35af/d780a263-38cb-4cc5-b16a-c5fc38fec0a1_8366561.jpeg?h=225&w=225,
267330576,Bendicks Mint Collection Boxed Carton 400G,https://www.tesco.com/groceries/en-GB/shop/food-cupboard/all?department=Christmas%20Treats&viewAll=department&page=,£9.50,£2.38/100g,£5.00 Clubcard Price,,/groceries/en-GB/products/267330576,https://digitalcontent.api.tesco.com/v2/media/ghs/ef7a5a7e-e6a6-40a1-8db6-a096ca9c3da7/20ec9697-00d4-46ba-9758-3cea726bd517_1477714232.jpeg?h=225&w=225,
309167525,Celebrations Chocolates 370G,https://www.tesco.com/groceries/en-GB/shop/food-cupboard/all?department=Christmas%20Treats&viewAll=department&page=,£3.50,£0.95/100g,,,/groceries/en-GB/products/309167525,https://digitalcontent.api.tesco.com/v2/media/ghs/1fceb7a0-91f8-4114-a5b0-305b5acd3101/e3946fd7-b52e-466d-b0a2-fc2e45dadd64_1008720991.jpeg?h=225&w=225,
306816379,Kinder Santa 110G,https://www.tesco.com/groceries/en-GB/shop/food-cupboard/all?department=Christmas%20Treats&viewAll=department&page=,£2.50,£2.28/100g,,New,/groceries/en-GB/products/306816379,https://digitalcontent.api.tesco.com/v2/media/ghs/7ca3a805-a815-4b24-9d9a-22e02925ee58/fd90b142-be1d-4d82-9fd5-3b1c2b77a250_826637072.jpeg?h=225&w=225,
258054828,Lindt Chocolate Reindeer 100G,https://www.tesco.com/groceries/en-GB/shop/food-cupboard/all?department=Christmas%20Treats&viewAll=department&page=,£2.50,£2.50/100g,,,/groceries/en-GB/products/258054828,https://digitalcontent.api.tesco.com/v2/media/ghs/0319fc1b-4b97-44fe-a355-0d6dd4ff9622/snapshotimagehandler_1158250178.jpeg?h=225&w=225,
311262070,After Eight The Collection Box 199G,https://www.tesco.com/groceries/en-GB/shop/food-cupboard/all?department=Christmas%20Treats&viewAll=department&page=,£5.00,£2.52/100g,£3.50 Clubcard Price,,/groceries/en-GB/products/311262070,https://digitalcontent.api.tesco.com/v2/media/ghs/945665c9-d77a-42d1-a89b-95ed04473b8e/69361bd0-987c-40c6-a5ab-e2089fa8ec13_702727716.jpeg?h=225&w=225,
306927927,Tesco Mixed Lebkuchen 600G,https://www.tesco.com/groceries/en-GB/shop/food-cupboard/all?department=Christmas%20Treats&viewAll=department&page=,£2.00,£0.33/100g,,,/groceries/en-GB/products/306927927,https://digitalcontent.api.tesco.com/v2/media/ghs/ae1afb63-77be-4246-9d5a-5100e509dbe8/d6e5d6e9-3e36-4368-9ad6-01b01053daea_320464301.jpeg?h=225&w=225,
297061478,Famous Names Signature Collection 185G,https://www.tesco.com/groceries/en-GB/shop/food-cupboard/all?department=Christmas%20Treats&viewAll=department&page=,£5.00,£2.71/100g,£4.00 Clubcard Price,,/groceries/en-GB/products/297061478,https://digitalcontent.api.tesco.com/v2/media/ghs/9059a42b-6c9a-49be-bdea-780c5aeb126f/b126fdfc-28eb-4037-abf4-e2c9948c660d_881969049.jpeg?h=225&w=225,
312566020,Cadbury Roses Pouch 357G Roses Pouch,https://www.tesco.com/groceries/en-GB/shop/food-cupboard/all?department=Christmas%20Treats&viewAll=department&page=,£3.50,£0.98/100g,,,/groceries/en-GB/products/312566020,https://digitalcontent.api.tesco.com/v2/media/ghs/b278c958-1125-4592-8d4f-f57571dd07ec/2c4cff31-75a2-44dd-b6d1-fcb9ecfe2437_515586305.jpeg?h=225&w=225,
257911663,Tesco Finest Scottish Shortbread Assortment 400G,https://www.tesco.com/groceries/en-GB/shop/food-cupboard/all?department=Christmas%20Treats&viewAll=department&page=,£3.45,£0.86/100g,,,/groceries/en-GB/products/257911663,https://digitalcontent.api.tesco.com/v2/media/ghs/55a8b066-67cc-4837-b04e-c8be14470203/3c218c82-7c77-4600-ab33-208a142a3cf5_1359803675.jpeg?h=225&w=225,
311801683,Wicked Kitchen Seriously Shortbread 162G,https://www.tesco.com/groceries/en-GB/shop/food-cupboard/all?department=Christmas%20Treats&viewAll=department&page=,£1.75,£1.09/100g,,New,/groceries/en-GB/products/311801683,https://digitalcontent.api.tesco.com/v2/media/ghs/862bc0d2-3ca5-48f8-a963-65b8b758ad8f/8ea48300-68f5-4af7-aa69-52eca5f6514a_808217757.jpeg?h=225&w=225,
311253766,Kettle Bites Onion Bhaji Naan 120G,https://www.tesco.com/groceries/en-GB/shop/food-cupboard/all?department=Christmas%20Treats&viewAll=department&page=,£1.99,£1.66/100g,,,/groceries/en-GB/products/311253766,https://digitalcontent.api.tesco.com/v2/media/ghs/ca8e5994-4181-4214-a77a-4a0d7349d505/954d7600-1fe4-4925-910b-08cd2897cff1_1555140927.jpeg?h=225&w=225,
294093427,Lindt Teddy Perforated 5 Pack 50G,https://www.tesco.com/groceries/en-GB/shop/food-cupboard/all?department=Christmas%20Treats&viewAll=department&page=,£2.00,£4.00/100g,,,/groceries/en-GB/products/294093427,https://digitalcontent.api.tesco.com/v2/media/ghs/d508c350-d217-49b8-96e8-2f492ebb9251/snapshotimagehandler_782441346.jpeg?h=225&w=225,
312226826,Pringles Multigrain Less Salt Roast Chicken Rosemary 166G,https://www.tesco.com/groceries/en-GB/shop/food-cupboard/all?department=Christmas%20Treats&viewAll=department&page=,£2.00,£1.21/100g,,,/groceries/en-GB/products/312226826,https://digitalcontent.api.tesco.com/v2/media/ghs/1252cdba-b59e-4b56-ad46-406066b3c795/9d6e27d3-ead1-46d4-bb12-6fdd3888060c_1811921036.jpeg?h=225&w=225,
251528907,Cadbury Dairy Milk Buttons Tube 72G,https://www.tesco.com/groceries/en-GB/shop/food-cupboard/all?department=Christmas%20Treats&viewAll=department&page=,£1.25,£1.74/100g,£1.00 Clubcard Price,,/groceries/en-GB/products/251528907,https://digitalcontent.api.tesco.com/v2/media/ghs/767c4f07-e758-49f8-bdad-2b5874e1faef/0a006dde-256c-4228-9a9b-dd9d57ee8254_340558513.jpeg?h=225&w=225,
312363179,Doritos Loaded Pepperoni Pizza Tortilla Chips 180G,https://www.tesco.com/groceries/en-GB/shop/food-cupboard/all?department=Christmas%20Treats&viewAll=department&page=,£1.99,£1.11/100g,£1.50 Clubcard Price,,/groceries/en-GB/products/312363179,https://digitalcontent.api.tesco.com/v2/media/ghs/8bf3218b-2cd7-4773-b776-384baa6ba3ac/6e48f107-019d-4b39-b7d2-2ac6a22d8c86_622946780.jpeg?h=225&w=225,
312235245,Doritos Triple Cheese Pizza Tortilla Chips 180G,https://www.tesco.com/groceries/en-GB/shop/food-cupboard/all?department=Christmas%20Treats&viewAll=department&page=,£1.99,£1.11/100g,£1.50 Clubcard Price,,/groceries/en-GB/products/312235245,https://digitalcontent.api.tesco.com/v2/media/ghs/61dcc095-8924-457c-be61-7c2d65250e37/9cfdc0b5-80b3-4a04-a34d-399de86bcf15_182434716.jpeg?h=225&w=225,
312106669,Tesco Finest Free From Dark Chocolate & Mint Shortbread 150G,https://www.tesco.com/groceries/en-GB/shop/food-cupboard/all?department=Christmas%20Treats&viewAll=department&page=,£2.00,£1.34/100g,,New,/groceries/en-GB/products/312106669,https://digitalcontent.api.tesco.com/v2/media/ghs/e549a412-f7be-4fc4-ba25-0fbb9c6c0b00/8983887c-7f74-4d6d-bb34-77a5bd31623d_1447148495.jpeg?h=225&w=225,
312103027,M & M's Santa Milk Chocolate 100G,https://www.tesco.com/groceries/en-GB/shop/food-cupboard/all?department=Christmas%20Treats&viewAll=department&page=,£2.00,£2.00/100g,£1.50 Clubcard Price,,/groceries/en-GB/products/312103027,https://digitalcontent.api.tesco.com/v2/media/ghs/abddd7d3-2d61-4e03-b294-d6dc055e6ef5/ff0661c4-9746-48a8-8975-78b92c98eff7_1345806153.jpeg?h=225&w=225,
293559144,Tesco Mini Gingerbread Men 100G,https://www.tesco.com/groceries/en-GB/shop/food-cupboard/all?department=Christmas%20Treats&viewAll=department&page=,£1.15,£1.15/100g,,,/groceries/en-GB/products/293559144,https://digitalcontent.api.tesco.com/v2/media/ghs/11c6ce46-6521-4794-b36a-00dba48bfdc5/c75a4311-a1fa-4922-8376-ec59b3112950_1307975639.jpeg?h=225&w=225,
312713100,Tesco Pigs In Blankets Combo Mix 150G,https://www.tesco.com/groceries/en-GB/shop/food-cupboard/all?department=Christmas%20Treats&viewAll=department&page=,£1.65,£1.10/100g,£1.35 Clubcard Price,,/groceries/en-GB/products/312713100,https://digitalcontent.api.tesco.com/v2/media/ghs/2c342675-425c-4a35-92d7-9bbe210c4e26/412cd999-c60d-4a8a-aaf9-1767f9b0f4a5_1238998826.jpeg?h=225&w=225,
304396434,Tesco Finest Belgian Dark Chocolate Brazil Nuts 225G,https://www.tesco.com/groceries/en-GB/shop/food-cupboard/all?department=Christmas%20Treats&viewAll=department&page=,£3.50,£1.56/100g,£3.00 Clubcard Price,,/groceries/en-GB/products/304396434,https://digitalcontent.api.tesco.com/v2/media/ghs/2e00b5ee-a5f4-4cc2-84f2-abaffefffc00/ec096e2b-1671-4f5a-b340-ece10180a2f2_159191192.jpeg?h=225&w=225,
262806850,Lindt Milk Chocolate Santa 40G,https://www.tesco.com/groceries/en-GB/shop/food-cupboard/all?department=Christmas%20Treats&viewAll=department&page=,£1.25,£3.13/100g,,,/groceries/en-GB/products/262806850,https://digitalcontent.api.tesco.com/v2/media/ghs/99fa9f8c-5597-4035-9ee1-a7137be33813/snapshotimagehandler_2055629864.jpeg?h=225&w=225,
299581654,Kp Original Salted Peanuts 375G,https://www.tesco.com/groceries/en-GB/shop/food-cupboard/all?department=Christmas%20Treats&viewAll=department&page=,£3.25,£0.87/100g,£2.75 Clubcard Price,,/groceries/en-GB/products/299581654,https://digitalcontent.api.tesco.com/v2/media/ghs/e4c192ba-397b-45eb-89a7-3c0219cee236/864926c3-5ef7-4aa4-b0d7-6bf547274981_637147708.jpeg?h=225&w=225,
312085842,Quality Street Favourites The Purple One 334G,https://www.tesco.com/groceries/en-GB/shop/food-cupboard/all?department=Christmas%20Treats&viewAll=department&page=,£3.50,£1.05/100g,£3.00 Clubcard Price,,/groceries/en-GB/products/312085842,https://digitalcontent.api.tesco.com/v2/media/ghs/1b3a05a1-1365-4781-b7b2-0de009ce6609/52b580b1-b0cd-4099-b2fc-a683755e7440_492670528.jpeg?h=225&w=225,
311786057,Quality Street Favourites Golden Selection 361G,https://www.tesco.com/groceries/en-GB/shop/food-cupboard/all?department=Christmas%20Treats&viewAll=department&page=,£3.50,£0.97/100g,£3.00 Clubcard Price,,/groceries/en-GB/products/311786057,https://digitalcontent.api.tesco.com/v2/media/ghs/b7809dc7-6513-4c47-84c4-817cdbbaface/a9a71706-ed1c-4714-8809-5330ede9491f_214646851.jpeg?h=225&w=225,
271645732,Elizabeth Shaw Mint Collection 200G,https://www.tesco.com/groceries/en-GB/shop/food-cupboard/all?department=Christmas%20Treats&viewAll=department&page=,£5.00,£2.50/100g,£3.00 Clubcard Price,,/groceries/en-GB/products/271645732,https://digitalcontent.api.tesco.com/v2/media/ghs/ad424977-59ba-4d19-a9d0-843477b34a2d/a3c18cb1-3047-4d95-9452-38bd7c721044_630056089.jpeg?h=225&w=225,
312222053,Smarties Giant White Chocolate Tube 120G,https://www.tesco.com/groceries/en-GB/shop/food-cupboard/all?department=Christmas%20Treats&viewAll=department&page=,£1.25,£1.05/100g,£1.00 Clubcard Price,,/groceries/en-GB/products/312222053,https://digitalcontent.api.tesco.com/v2/media/ghs/244e4312-7aae-402b-a7e9-6d333ff7f349/807d5be6-16df-4f0b-9bc1-8c40fe2e4958_1475707428.jpeg?h=225&w=225,
289149445,Tesco Christmas Marzipan Fruits 150G,https://www.tesco.com/groceries/en-GB/shop/food-cupboard/all?department=Christmas%20Treats&viewAll=department&page=,£3.00,£2.00/100g,,,/groceries/en-GB/products/289149445,https://digitalcontent.api.tesco.com/v2/media/ghs/563cebe7-fff9-4271-a3cf-ef2a3a542afd/11c593be-aa0e-4ddb-b1af-782c6afe5bef_334786725.jpeg?h=225&w=225,
312221699,Tesco Mini Chocolate Chip Penguin Biscuits 100G,https://www.tesco.com/groceries/en-GB/shop/food-cupboard/all?department=Christmas%20Treats&viewAll=department&page=,£1.15,£1.15/100g,,,/groceries/en-GB/products/312221699,https://digitalcontent.api.tesco.com/v2/media/ghs/f74694d2-6d43-4a65-88aa-13d2d696802d/d0255451-c450-4a45-9138-97256bc5201f_1893910820.jpeg?h=225&w=225,
279703824,Cadbury Dairy Milk Winter Wonderland 100G,https://www.tesco.com/groceries/en-GB/shop/food-cupboard/all?department=Christmas%20Treats&viewAll=department&page=,£1.00,£1.00/100g,,,/groceries/en-GB/products/279703824,https://digitalcontent.api.tesco.com/v2/media/ghs/b81c0ae4-6827-4346-b4c6-845f1d039ca1/df5b8570-29d5-4f75-a1e8-754b24dcca12_1768919426.jpeg?h=225&w=225,
290195503,Nestle After Eight Straws 110G,https://www.tesco.com/groceries/en-GB/shop/food-cupboard/all?department=Christmas%20Treats&viewAll=department&page=,£2.00,£1.82/100g,,,/groceries/en-GB/products/290195503,https://digitalcontent.api.tesco.com/v2/media/ghs/b3086869-89bc-4349-9152-6e22a1be6a6a/be9d3456-b829-49e8-b6bf-f70a144d4ccb_462601089.jpeg?h=225&w=225,
267227876,Jacobs Savoury Favourites 200G,https://www.tesco.com/groceries/en-GB/shop/food-cupboard/all?department=Christmas%20Treats&viewAll=department&page=,£1.50,£0.75/100g,,,/groceries/en-GB/products/267227876,https://digitalcontent.api.tesco.com/v2/media/ghs/78c48e90-6764-4f62-a4f6-f50424f5487d/8d16a45e-ab54-42eb-a065-0f95b208f3a9_1885843408.jpeg?h=225&w=225,
264769020,Tesco Onion Rings Snacks 300G,https://www.tesco.com/groceries/en-GB/shop/food-cupboard/all?department=Christmas%20Treats&viewAll=department&page=,£1.65,£0.55/100g,£1.35 Clubcard Price,,/groceries/en-GB/products/264769020,https://digitalcontent.api.tesco.com/v2/media/ghs/3ceb15c1-e541-41ae-8884-503a16a664ee/snapshotimagehandler_1110541438.jpeg?h=225&w=225,
311940955,Lindt Teddy Crispy Bites 120G,https://www.tesco.com/groceries/en-GB/shop/food-cupboard/all?department=Christmas%20Treats&viewAll=department&page=,£2.50,£2.09/100g,,New,/groceries/en-GB/products/311940955,https://digitalcontent.api.tesco.com/v2/media/ghs/84c256e3-05c3-4303-b87b-e1f649fa61dc/b787905b-800d-4c4e-9bc7-33bf469e6126_2100681629.jpeg?h=225&w=225,
302289386,Toblerone Tinys Tin 368G,https://www.tesco.com/groceries/en-GB/shop/food-cupboard/all?department=Christmas%20Treats&viewAll=department&page=,£5.00,£1.36/100g,£4.00 Clubcard Price,,/groceries/en-GB/products/302289386,https://digitalcontent.api.tesco.com/v2/media/ghs/c844bd91-244d-4110-ba95-b51009441b29/3d1bbf6a-bb84-4bc5-a1c2-66a1dcbbbc36_365246819.jpeg?h=225&w=225,
297878324,Tesco Salt & Vinegar Twirls 225G,https://www.tesco.com/groceries/en-GB/shop/food-cupboard/all?department=Christmas%20Treats&viewAll=department&page=,£1.65,£0.73/100g,£1.35 Clubcard Price,,/groceries/en-GB/products/297878324,https://digitalcontent.api.tesco.com/v2/media/ghs/fcc8f27d-d994-4618-a605-e877c53840b1/6767faa7-c918-4d44-aa4d-c40e1aec609e_739446344.jpeg?h=225&w=225,
312995525,Cadbury Dairy Milk Wholenut 350G,https://www.tesco.com/groceries/en-GB/shop/food-cupboard/all?department=Christmas%20Treats&viewAll=department&page=,£3.50,£1.00/100g,,,/groceries/en-GB/products/312995525,https://digitalcontent.api.tesco.com/v2/media/ghs/cd7bb767-4fb2-4d73-9322-80ff3d528b2c/38ff7c8a-144c-48a9-b095-0106dee934b2_872281657.jpeg?h=225&w=225,
309162346,Thorntons Continental Collection Boxed Chocolate 264G,https://www.tesco.com/groceries/en-GB/shop/food-cupboard/all?department=Christmas%20Treats&viewAll=department&page=,£10.00,£3.79/100g,£7.00 Clubcard Price,,/groceries/en-GB/products/309162346,https://digitalcontent.api.tesco.com/v2/media/ghs/515637ee-5299-4072-837a-424fb6b334b8/096375fd-33f1-4a3a-89b4-b970250a26f5_1322007495.jpeg?h=225&w=225,
289880027,Lindt Lindor Advent Calendar 300G,https://www.tesco.com/groceries/en-GB/shop/food-cupboard/all?department=Christmas%20Treats&viewAll=department&page=,£11.00,£3.67/100g,£9.00 Clubcard Price,,/groceries/en-GB/products/289880027,https://digitalcontent.api.tesco.com/v2/media/ghs/87fa6ca1-1d47-4e79-93db-637985dcb5bd/snapshotimagehandler_1739573189.jpeg?h=225&w=225,
271004967,Ferrero Rocher 42 Pieces Boxed Chocolates 525G,https://www.tesco.com/groceries/en-GB/shop/food-cupboard/all?department=Christmas%20Treats&viewAll=department&page=,£13.50,£2.58/100g,£11.00 Clubcard Price,,/groceries/en-GB/products/271004967,https://digitalcontent.api.tesco.com/v2/media/ghs/60938b40-6afe-478d-a076-e0a103381265/e2591df2-f75f-4364-ae02-a0114b875d7f_448233493.jpeg?h=225&w=225,
259183944,Lindt Lindor Milk Chocolate Truffles Carton 337G,https://www.tesco.com/groceries/en-GB/shop/food-cupboard/all?department=Christmas%20Treats&viewAll=department&page=,£6.00,£1.79/100g,,,/groceries/en-GB/products/259183944,https://digitalcontent.api.tesco.com/v2/media/ghs/72bb466a-7994-4d18-9182-bfee0d4abb4e/5766a1b9-80ba-463e-9045-5716609a00d5_1880788938.jpeg?h=225&w=225,
297738842,Lindt Lindor Milk Mint 200G,https://www.tesco.com/groceries/en-GB/shop/food-cupboard/all?department=Christmas%20Treats&viewAll=department&page=,£5.50,£2.75/100g,£4.00 Clubcard Price,,/groceries/en-GB/products/297738842,https://digitalcontent.api.tesco.com/v2/media/ghs/b69987e1-80fc-4c1d-b0fd-7ae88eecb9e2/c3ac5d21-32a2-40bd-b3ab-705939a13aea_1568017817.jpeg?h=225&w=225,
297632765,Tesco Mixed Nuts In Shell 350G,https://www.tesco.com/groceries/en-GB/shop/food-cupboard/all?department=Christmas%20Treats&viewAll=department&page=,£3.00,£8.58/kg,Any 2 for £5 Clubcard Price - Selected Tesco Core And In Shell Nuts 170g - 600g,,/groceries/en-GB/products/297632765,https://digitalcontent.api.tesco.com/v2/media/ghs/dbed683f-cc3e-4b67-b22d-e722c52dc4cd/449455dc-4c9f-4ce2-a06a-fbd876dfd987_1088887466.jpeg?h=225&w=225,
310139339,Lindt Lindor Double Chocolate Truffles 200G,https://www.tesco.com/groceries/en-GB/shop/food-cupboard/all?department=Christmas%20Treats&viewAll=department&page=,£5.50,£2.75/100g,£4.00 Clubcard Price,,/groceries/en-GB/products/310139339,https://digitalcontent.api.tesco.com/v2/media/ghs/234e336f-e95a-44b7-8573-f9b32cb6be2f/7bb79253-b190-4712-82c8-2780882fb1b1_1683746424.jpeg?h=225&w=225,
285131570,Green And Blacks Classic Minis 180G,https://www.tesco.com/groceries/en-GB/shop/food-cupboard/all?department=Christmas%20Treats&viewAll=department&page=,£6.00,£3.34/100g,£4.50 Clubcard Price,,/groceries/en-GB/products/285131570,https://digitalcontent.api.tesco.com/v2/media/ghs/0b677d65-e6da-4f09-ba92-8d9bcc0b0f5b/67d872e6-bac7-408f-ab16-6a524059b1c1_222315864.jpeg?h=225&w=225,
282279503,Lindt Lindor Strawberry & Cream Truffles 200G,https://www.tesco.com/groceries/en-GB/shop/food-cupboard/all?department=Christmas%20Treats&viewAll=department&page=,£5.50,£2.75/100g,£4.00 Clubcard Price,,/groceries/en-GB/products/282279503,https://digitalcontent.api.tesco.com/v2/media/ghs/fa434d4f-939a-43db-ae28-7c02119f4237/acc777f1-611e-4f3c-81b6-ef58b74f9fe3_558285085.jpeg?h=225&w=225,
306814652,Cadbury Dairy Milk Winter Mint Crisp 360G,https://www.tesco.com/groceries/en-GB/shop/food-cupboard/all?department=Christmas%20Treats&viewAll=department&page=,£3.00,£0.83/100g,,,/groceries/en-GB/products/306814652,https://digitalcontent.api.tesco.com/v2/media/ghs/719be850-af60-4b26-af00-861aec3d5531/e694b8c3-685a-4cbd-aa2a-ac1900e03aea_401121440.jpeg?h=225&w=225,
309789428,Dairy Box Boxed Chocolates 326G,https://www.tesco.com/groceries/en-GB/shop/food-cupboard/all?department=Christmas%20Treats&viewAll=department&page=,£5.10,£1.57/100g,£4.00 Clubcard Price,,/groceries/en-GB/products/309789428,https://digitalcontent.api.tesco.com/v2/media/ghs/bf8b241c-f903-4fed-9fcb-974dfe05f539/bef1a9b1-ba45-4567-9513-aa181891d202_1046858377.jpeg?h=225&w=225,
256600065,Lindt Santa 125G,https://www.tesco.com/groceries/en-GB/shop/food-cupboard/all?department=Christmas%20Treats&viewAll=department&page=,£2.50,£2.00/100g,,,/groceries/en-GB/products/256600065,https://digitalcontent.api.tesco.com/v2/media/ghs/e073f5bb-3af8-40fd-9f6c-46895ae38e84/snapshotimagehandler_691631409.jpeg?h=225&w=225,
309464997,Black Magic Boxed Chocolates 348G,https://www.tesco.com/groceries/en-GB/shop/food-cupboard/all?department=Christmas%20Treats&viewAll=department&page=,£5.10,£1.47/100g,£4.00 Clubcard Price,,/groceries/en-GB/products/309464997,https://digitalcontent.api.tesco.com/v2/media/ghs/a7b7b79b-d167-4fd6-8b0a-a03e66c4fb30/2d16ca02-4746-4a69-8531-0e45ed006740_823391767.jpeg?h=225&w=225,
299581677,Kp Nuts Dry Roasted Peanuts 375G,https://www.tesco.com/groceries/en-GB/shop/food-cupboard/all?department=Christmas%20Treats&viewAll=department&page=,£3.25,£0.87/100g,£2.75 Clubcard Price,,/groceries/en-GB/products/299581677,https://digitalcontent.api.tesco.com/v2/media/ghs/e8b0272b-bcb2-48df-b9b4-92b6a05c807e/1ba5ab8f-dd43-4d7f-a48b-4d05c73245f8_1042843551.jpeg?h=225&w=225,
312584741,Cadbury Dairy Milk Snowman 5 Pack 150G,https://www.tesco.com/groceries/en-GB/shop/food-cupboard/all?department=Christmas%20Treats&viewAll=department&page=,£2.50,£1.67/100g,,,/groceries/en-GB/products/312584741,https://digitalcontent.api.tesco.com/v2/media/ghs/88948234-58fa-497b-9fb0-a9f097a28abd/fc39f2b4-0806-47f4-9368-dc031434dcad_191561520.jpeg?h=225&w=225,
312340581,Cadbury Puddings 5 Pack 175G,https://www.tesco.com/groceries/en-GB/shop/food-cupboard/all?department=Christmas%20Treats&viewAll=department&page=,£2.50,£1.43/100g,,,/groceries/en-GB/products/312340581,https://digitalcontent.api.tesco.com/v2/media/ghs/208a6e57-746d-41eb-b9c9-2e9a1c58852c/008e2c95-56f1-4e68-bf2a-53424621bdf4_2107468825.jpeg?h=225&w=225,
301636951,Maltesers Truffle Medium Gift Box 200G,https://www.tesco.com/groceries/en-GB/shop/food-cupboard/all?department=Christmas%20Treats&viewAll=department&page=,£3.49,£1.75/100g,Aldi Price Match,,/groceries/en-GB/products/301636951,https://digitalcontent.api.tesco.com/v2/media/ghs/e8b66b53-5d45-4897-b193-c161d96635f9/9dd715f7-3058-4cf1-8d1e-067118f6627a_68911249.jpeg?h=225&w=225,
297885190,Kp Honey Roasted Peanuts 375G,https://www.tesco.com/groceries/en-GB/shop/food-cupboard/all?department=Christmas%20Treats&viewAll=department&page=,£3.25,£8.67/kg,£2.75 Clubcard Price,,/groceries/en-GB/products/297885190,https://digitalcontent.api.tesco.com/v2/media/ghs/b875320b-9858-470f-8518-ee61959d3604/snapshotimagehandler_2107139682.jpeg?h=225&w=225,
309480983,Tesco Mini Spekulatius 150G,https://www.tesco.com/groceries/en-GB/shop/food-cupboard/all?department=Christmas%20Treats&viewAll=department&page=,£1.20,£0.80/100g,,,/groceries/en-GB/products/309480983,https://digitalcontent.api.tesco.com/v2/media/ghs/ea089d4c-47f5-4f55-a700-50f0e4b6df81/a06282e8-0668-493a-9641-45813f4bc90c_268159107.jpeg?h=225&w=225,
309182541,Cadbury Jingly Bells Hazelnut Creme 73G,https://www.tesco.com/groceries/en-GB/shop/food-cupboard/all?department=Christmas%20Treats&viewAll=department&page=,£1.00,£1.37/100g,,,/groceries/en-GB/products/309182541,https://digitalcontent.api.tesco.com/v2/media/ghs/30d268bc-154d-4159-9f6b-d802e60a1347/13cde560-ec56-434f-b485-906e80181624_341101082.jpeg?h=225&w=225,
306503726,Lindt Lindor Milk Truffles 37G,https://www.tesco.com/groceries/en-GB/shop/food-cupboard/all?department=Christmas%20Treats&viewAll=department&page=,£1.45,£3.92/100g,£1.00 Clubcard Price,,/groceries/en-GB/products/306503726,https://digitalcontent.api.tesco.com/v2/media/ghs/e1b23302-2da3-4edf-99d9-da40c943cfe5/ccc36039-0f74-4c9c-ab5b-4fbaa61f434e_1031728107.jpeg?h=225&w=225,
312702977,Pringles Multigrain Less Salt Bbq Sauce 166G,https://www.tesco.com/groceries/en-GB/shop/food-cupboard/all?department=Christmas%20Treats&viewAll=department&page=,£2.00,£1.21/100g,,,/groceries/en-GB/products/312702977,https://digitalcontent.api.tesco.com/v2/media/ghs/4fd745fe-83ca-4785-9e94-b0e06ca2fd2a/97616731-8118-4570-9e2b-11db6a7b3aff_940587782.jpeg?h=225&w=225,
306809929,Toblerone Orange Twist 360G,https://www.tesco.com/groceries/en-GB/shop/food-cupboard/all?department=Christmas%20Treats&viewAll=department&page=,£3.50,£0.97/100g,,,/groceries/en-GB/products/306809929,https://digitalcontent.api.tesco.com/v2/media/ghs/176a4db6-6be0-48d6-a25f-9d6536b5306b/7cb7ed47-9c26-48d3-b9cf-e654e324f668_775819006.jpeg?h=225&w=225,
312565286,Tesco Finest Free From Cranberry & Amaretto Cookies 150G,https://www.tesco.com/groceries/en-GB/shop/food-cupboard/all?department=Christmas%20Treats&viewAll=department&page=,£2.00,£1.34/100g,,New,/groceries/en-GB/products/312565286,https://digitalcontent.api.tesco.com/v2/media/ghs/e3a9914a-9059-40d9-9bfa-c6074112f7f5/d7ad14af-4be5-4423-a302-e867145c8801_1187970336.jpeg?h=225&w=225,
265261169,Bendicks Mint Collection Boxed Chocolates 200G,https://www.tesco.com/groceries/en-GB/shop/food-cupboard/all?department=Christmas%20Treats&viewAll=department&page=,£5.00,£2.50/100g,£3.00 Clubcard Price,,/groceries/en-GB/products/265261169,https://digitalcontent.api.tesco.com/v2/media/ghs/39021ef6-9e11-44ce-a765-30203fc004f8/ae271090-214d-4b02-b0ca-aee9d60818b2_1416921663.jpeg?h=225&w=225,
309198321,Tesco Mini Chocolate Spekulatius 150G,https://www.tesco.com/groceries/en-GB/shop/food-cupboard/all?department=Christmas%20Treats&viewAll=department&page=,£1.20,£0.80/100g,,,/groceries/en-GB/products/309198321,https://digitalcontent.api.tesco.com/v2/media/ghs/1beac940-54b8-4532-8273-9d033fbaf44b/383725fc-b3a3-4ff1-a8e4-77c3106f5180_1366380325.jpeg?h=225&w=225,
306807367,Lindt Lindor Mini Milk Chocolate Truffles 80G,https://www.tesco.com/groceries/en-GB/shop/food-cupboard/all?department=Christmas%20Treats&viewAll=department&page=,£1.50,£1.88/100g,,,/groceries/en-GB/products/306807367,https://digitalcontent.api.tesco.com/v2/media/ghs/968590d9-f164-4cb5-a0b6-7fa336674912/snapshotimagehandler_853575843.jpeg?h=225&w=225,
310683097,Pringles Sizzl'n Spicy Chorizo Crisps 180G,https://www.tesco.com/groceries/en-GB/shop/food-cupboard/all?department=Christmas%20Treats&viewAll=department&page=,£2.10,£1.17/100g,,,/groceries/en-GB/products/310683097,https://digitalcontent.api.tesco.com/v2/media/ghs/dc35a465-c7e0-4d0f-b40a-6555e07a7894/2e3163a4-5e81-4621-829f-f0fb368e8a31_1104307173.jpeg?h=225&w=225,
306809561,Tesco Free From Chocolate Christmas Tree's 112G,https://www.tesco.com/groceries/en-GB/shop/food-cupboard/all?department=Christmas%20Treats&viewAll=department&page=,£1.50,£1.34/100g,,,/groceries/en-GB/products/306809561,https://digitalcontent.api.tesco.com/v2/media/ghs/9f816a8f-0ddc-41c2-b0f3-ca9333f3fc7f/aa4bf113-7f4e-4333-b6cb-92bc450acd28_1341361679.jpeg?h=225&w=225,
253998531,Nestle Little Rolo Giant Tube 100G,https://www.tesco.com/groceries/en-GB/shop/food-cupboard/all?department=Christmas%20Treats&viewAll=department&page=,£1.25,£1.25/100g,£1.00 Clubcard Price,,/groceries/en-GB/products/253998531,https://digitalcontent.api.tesco.com/v2/media/ghs/3b986eda-3ab9-4035-bc2b-6d9cbd3fd996/da85d0db-260a-4ff3-929d-d6b4a84e1ade_392290109.jpeg?h=225&w=225,
301440859,The Free From Kitchen Co. Advent Calendar 93G,https://www.tesco.com/groceries/en-GB/shop/food-cupboard/all?department=Christmas%20Treats&viewAll=department&page=,£2.00,£2.16/100g,,,/groceries/en-GB/products/301440859,https://digitalcontent.api.tesco.com/v2/media/ghs/b1c06088-c63c-4053-90e6-03903f0feef1/13076c8d-3a8a-4cc6-8fca-b95aeeba9bc9_1386424398.jpeg?h=225&w=225,
297385129,Tesco Coated Peanuts Pigs In Blankets 200G,https://www.tesco.com/groceries/en-GB/shop/food-cupboard/all?department=Christmas%20Treats&viewAll=department&page=,£1.20,£0.60/100g,£1.00 Clubcard Price,,/groceries/en-GB/products/297385129,https://digitalcontent.api.tesco.com/v2/media/ghs/26447959-bda3-4bc8-b746-6e70940f0ece/86dba961-d84a-4742-a1b2-4d3d47aba02e_514895492.jpeg?h=225&w=225,
306953469,Tesco Milk Chocolate Lollies 40G,https://www.tesco.com/groceries/en-GB/shop/food-cupboard/all?department=Christmas%20Treats&viewAll=department&page=,£1.00,£2.50/100g,,,/groceries/en-GB/products/306953469,https://digitalcontent.api.tesco.com/v2/media/ghs/6906c3f1-4e19-4fee-9d68-9c3122d4a46a/c9d37961-b9d1-42a2-b2a0-b65c79c01d5e_506218438.jpeg?h=225&w=225,
301715593,Lindt Milk Chocolate Snowman 40G,https://www.tesco.com/groceries/en-GB/shop/food-cupboard/all?department=Christmas%20Treats&viewAll=department&page=,£1.25,£3.13/100g,,,/groceries/en-GB/products/301715593,https://digitalcontent.api.tesco.com/v2/media/ghs/7fb75d34-5e83-44d0-aa41-d82303deec4e/snapshotimagehandler_600500315.jpeg?h=225&w=225,
311438001,Tesco Finest Harissa Nut Selection 225G,https://www.tesco.com/groceries/en-GB/shop/food-cupboard/all?department=Christmas%20Treats&viewAll=department&page=,£3.50,£15.56/kg,£3.00 Clubcard Price,,/groceries/en-GB/products/311438001,https://digitalcontent.api.tesco.com/v2/media/ghs/42516fc9-93c7-4487-b46d-03940b377e8b/6b1d1a30-e6dc-4376-a86a-af8515756652_714109179.jpeg?h=225&w=225,
274670057,Tesco Finest Salted Caramelised Nut Selection 225G,https://www.tesco.com/groceries/en-GB/shop/food-cupboard/all?department=Christmas%20Treats&viewAll=department&page=,£3.50,£15.56/kg,£3.00 Clubcard Price,,/groceries/en-GB/products/274670057,https://digitalcontent.api.tesco.com/v2/media/ghs/f9c296f1-4403-44e8-b200-69d7ff935d01/95410ba2-63b9-44db-b32a-ef96bd4f537c_501293885.jpeg?h=225&w=225,
301455433,Tesco White Chocolate Unicorn 100G,https://www.tesco.com/groceries/en-GB/shop/food-cupboard/all?department=Christmas%20Treats&viewAll=department&page=,£0.89,£0.89/100g,,,/groceries/en-GB/products/301455433,https://digitalcontent.api.tesco.com/v2/media/ghs/8a076dbb-65b7-41ee-994f-4f54c62151b5/a46dc5cb-b2ea-4e22-95d8-a070d3e8195c_1418589283.jpeg?h=225&w=225,
259263458,Cadbury Milk Tray 530G,https://www.tesco.com/groceries/en-GB/shop/food-cupboard/all?department=Christmas%20Treats&viewAll=department&page=,£5.80,£1.10/100g,£4.50 Clubcard Price,,/groceries/en-GB/products/259263458,https://digitalcontent.api.tesco.com/v2/media/ghs/fea1529e-78dd-45a7-a44e-12dd2718bc9b/snapshotimagehandler_1595309542.jpeg?h=225&w=225,
278636951,Tesco Finest Belgian Biscuit Selection 400G,https://www.tesco.com/groceries/en-GB/shop/food-cupboard/all?department=Christmas%20Treats&viewAll=department&page=,£6.00,£1.50/100g,£4.50 Clubcard Price,,/groceries/en-GB/products/278636951,https://digitalcontent.api.tesco.com/v2/media/ghs/1c1f3c74-a202-4854-ab06-f05d264a622e/aa1a548e-05d4-457f-8785-d67f1df09f29_428128140.jpeg?h=225&w=225,
309161860,Terrys Chocolate Orange Segsations 360G,https://www.tesco.com/groceries/en-GB/shop/food-cupboard/all?department=Christmas%20Treats&viewAll=department&page=,£3.50,£0.97/100g,£3.00 Clubcard Price,,/groceries/en-GB/products/309161860,https://digitalcontent.api.tesco.com/v2/media/ghs/c1a28fb8-7c5b-49e2-a27d-04f0cf0697df/196925da-09ed-4b18-94a9-ce615b2de9b8_393228631.jpeg?h=225&w=225,
258195592,Guylian Seashells 500G Box,https://www.tesco.com/groceries/en-GB/shop/food-cupboard/all?department=Christmas%20Treats&viewAll=department&page=,£10.00,£2.00/100g,£7.50 Clubcard Price,,/groceries/en-GB/products/258195592,https://digitalcontent.api.tesco.com/v2/media/ghs/8025e6c9-5f91-4404-9a5d-02b95d2e51c0/2641a6b2-924f-42a4-97d8-c42267b65658_1649378024.jpeg?h=225&w=225,
301715881,Lindt Lindor Milk Chocolate Truffles 600G,https://www.tesco.com/groceries/en-GB/shop/food-cupboard/all?department=Christmas%20Treats&viewAll=department&page=,£15.00,£2.50/100g,£10.00 Clubcard Price,,/groceries/en-GB/products/301715881,https://digitalcontent.api.tesco.com/v2/media/ghs/75067609-5e8b-4f43-9042-328d0d1c1452/snapshotimagehandler_69682334.jpeg?h=225&w=225,
304411469,Lindt Lindor Assorted Chocolate Truffles 525G,https://www.tesco.com/groceries/en-GB/shop/food-cupboard/all?department=Christmas%20Treats&viewAll=department&page=,£15.00,£2.86/100g,£10.00 Clubcard Price,,/groceries/en-GB/products/304411469,https://digitalcontent.api.tesco.com/v2/media/ghs/5b3f431a-3987-466d-9e83-46cbd09bafbb/5c800f02-acb7-417d-ae2d-a60e66276df9_818389527.jpeg?h=225&w=225,
311263276,Pukka Days Of Joy Advent Calendar 24 Tea Sachets,https://www.tesco.com/groceries/en-GB/shop/food-cupboard/all?department=Christmas%20Treats&viewAll=department&page=,£10.00,£0.42/each,,New,/groceries/en-GB/products/311263276,https://digitalcontent.api.tesco.com/v2/media/ghs/0a45b8c5-0a97-42f9-918b-52e1a13fb18c/31fc68de-7589-4bb6-9808-46abd15a28e9_1283578700.jpeg?h=225&w=225,
256048880,Lindt Lindor Assorted Chocolate Truffle Carton 337G,https://www.tesco.com/groceries/en-GB/shop/food-cupboard/all?department=Christmas%20Treats&viewAll=department&page=,£6.00,£1.79/100g,,,/groceries/en-GB/products/256048880,https://digitalcontent.api.tesco.com/v2/media/ghs/a8b54c1d-c742-4225-a0fa-cc9d8674a370/1b1b22b2-eca0-4fa9-9dbd-56bcde93844f_418519141.jpeg?h=225&w=225,
293378860,Lindt Lindor Limited Edition 337G,https://www.tesco.com/groceries/en-GB/shop/food-cupboard/all?department=Christmas%20Treats&viewAll=department&page=,£6.00,£1.79/100g,,,/groceries/en-GB/products/293378860,https://digitalcontent.api.tesco.com/v2/media/ghs/0c71972a-2d9d-425a-a24d-ce36a71a2afb/26be54aa-c9f8-46d1-967c-ecf2abc5de42_1230045587.jpeg?h=225&w=225,
309490648,Lindt Lindor Assorted Chocolate Selection Tin 450G,https://www.tesco.com/groceries/en-GB/shop/food-cupboard/all?department=Christmas%20Treats&viewAll=department&page=,£11.00,£2.45/100g,,,/groceries/en-GB/products/309490648,https://digitalcontent.api.tesco.com/v2/media/ghs/c1460941-d1b6-4ef7-bf8d-76ffe3ab77bf/b1bc1331-d1b5-4a33-a300-b06ce77c896e_544685161.jpeg?h=225&w=225,
302292237,Ferrero Collection Advent Calendar 271G,https://www.tesco.com/groceries/en-GB/shop/food-cupboard/all?department=Christmas%20Treats&viewAll=department&page=,£12.50,£4.62/100g,£10.50 Clubcard Price,,/groceries/en-GB/products/302292237,https://digitalcontent.api.tesco.com/v2/media/ghs/f9e0474c-89dc-4a59-8ed6-4d1f7076b8f9/1e9016ec-3df2-453a-baa6-fdc1299f7711_241434770.jpeg?h=225&w=225,
306816108,Ferrero Collection 12 Pieces Boxed Chocolates 135G,https://www.tesco.com/groceries/en-GB/shop/food-cupboard/all?department=Christmas%20Treats&viewAll=department&page=,£4.80,£3.56/100g,£4.00 Clubcard Price,,/groceries/en-GB/products/306816108,https://digitalcontent.api.tesco.com/v2/media/ghs/d399f176-6e7e-467e-b7ff-496b33531d5a/501fc8b2-e78d-48dc-be7d-fab5aa084659_1804580553.jpeg?h=225&w=225,
312103690,Quality Street Favourites Strawberry Delight 352G,https://www.tesco.com/groceries/en-GB/shop/food-cupboard/all?department=Christmas%20Treats&viewAll=department&page=,£5.00,£1.43/100g,,New,/groceries/en-GB/products/312103690,https://digitalcontent.api.tesco.com/v2/media/ghs/d97e0d9a-3e4e-4ae0-a08f-c24ea97e14da/7fa4a269-90a8-4d26-9431-4eb795bfd3b6_13155434.jpeg?h=225&w=225,
274678584,Tesco Brazil Nuts In Shell 300G,https://www.tesco.com/groceries/en-GB/shop/food-cupboard/all?department=Christmas%20Treats&viewAll=department&page=,£3.00,£10.00/kg,Any 2 for £5 Clubcard Price - Selected Tesco Core And In Shell Nuts 170g - 600g,,/groceries/en-GB/products/274678584,https://digitalcontent.api.tesco.com/v2/media/ghs/e7b4c49b-ad48-4eaa-bde9-11fb551a60cc/48864249-306c-43f0-95b1-e18f8aa05a88_564079540.jpeg?h=225&w=225,
302302498,Thorntons Classic Collection 262G,https://www.tesco.com/groceries/en-GB/shop/food-cupboard/all?department=Christmas%20Treats&viewAll=department&page=,£7.00,£2.68/100g,,,/groceries/en-GB/products/302302498,https://digitalcontent.api.tesco.com/v2/media/ghs/8f214255-0414-4d70-a7a3-c411adc3c520/e1b14a0b-248f-46a8-adc4-667463e80c60.jpeg?h=225&w=225,
312359093,Cadbury Dairy Milk Winter Orange Crisp 360G,https://www.tesco.com/groceries/en-GB/shop/food-cupboard/all?department=Christmas%20Treats&viewAll=department&page=,£3.00,£0.83/100g,,,/groceries/en-GB/products/312359093,https://digitalcontent.api.tesco.com/v2/media/ghs/a87e4c0e-f8ae-49af-aef1-e98c318a4098/711ae3e9-3039-48f7-99b5-3667eb0e2fd2_1774547972.jpeg?h=225&w=225,
297648568,Tesco Hazelnuts In Shell 350G,https://www.tesco.com/groceries/en-GB/shop/food-cupboard/all?department=Christmas%20Treats&viewAll=department&page=,£3.00,£8.58/kg,Any 2 for £5 Clubcard Price - Selected Tesco Core And In Shell Nuts 170g - 600g,,/groceries/en-GB/products/297648568,https://digitalcontent.api.tesco.com/v2/media/ghs/a46c6926-5cb3-4f91-a332-2e9e5955b951/7edec0ce-08f1-48cf-843b-3f39b544d8ad_1702297651.jpeg?h=225&w=225,
302302953,Lindt Christmas Teddy With Sweater Milk Chocolate 200G,https://www.tesco.com/groceries/en-GB/shop/food-cupboard/all?department=Christmas%20Treats&viewAll=department&page=,£4.00,£2.00/100g,,,/groceries/en-GB/products/302302953,https://digitalcontent.api.tesco.com/v2/media/ghs/ea7148e4-4ffc-412a-8ab4-4e94fe70962b/snapshotimagehandler_129531136.jpeg?h=225&w=225,
293134284,Monty Bojangles Choccy Scoffy Truffles 135G,https://www.tesco.com/groceries/en-GB/shop/food-cupboard/all?department=Christmas%20Treats&viewAll=department&page=,£3.50,£2.60/100g,£3.00 Clubcard Price,,/groceries/en-GB/products/293134284,https://digitalcontent.api.tesco.com/v2/media/ghs/2a10fcd6-6da0-4ce8-a1ab-a52e2d179c0e/bf83843b-ef44-46b8-b773-ef7ac8db63ad_659653324.jpeg?h=225&w=225,
309200233,Ferrero Rocher Grand Milk Chocolate Gift 125G,https://www.tesco.com/groceries/en-GB/shop/food-cupboard/all?department=Christmas%20Treats&viewAll=department&page=,£5.00,£4.00/100g,£4.00 Clubcard Price,,/groceries/en-GB/products/309200233,https://digitalcontent.api.tesco.com/v2/media/ghs/a6d8aa08-94d7-405b-b214-e512262f6236/d5955dbe-6dfc-44e2-8438-d9df5ff6960b_453583805.jpeg?h=225&w=225,
311668949,Monty Bojangles Vegan Selection Truffles 135G,https://www.tesco.com/groceries/en-GB/shop/food-cupboard/all?department=Christmas%20Treats&viewAll=department&page=,£3.50,£2.60/100g,£3.00 Clubcard Price,,/groceries/en-GB/products/311668949,https://digitalcontent.api.tesco.com/v2/media/ghs/eb2c30f9-9308-4628-8245-62f4e71b6ae5/1cd8e3ff-3c16-4cc2-9329-7307238f3244_966841365.jpeg?h=225&w=225,
309176860,Maltesers Teasers 335G,https://www.tesco.com/groceries/en-GB/shop/food-cupboard/all?department=Christmas%20Treats&viewAll=department&page=,£5.00,£1.50/100g,£4.00 Clubcard Price,,/groceries/en-GB/products/309176860,https://digitalcontent.api.tesco.com/v2/media/ghs/e5184f1b-7030-4ae2-b142-ec204f817528/370d5a00-b81f-4469-bc65-05e97f095b3c_507055942.jpeg?h=225&w=225,
307142736,Moo Free Oscar The Bear 80G,https://www.tesco.com/groceries/en-GB/shop/food-cupboard/all?department=Christmas%20Treats&viewAll=department&page=,£3.00,£3.75/100g,,New,/groceries/en-GB/products/307142736,https://digitalcontent.api.tesco.com/v2/media/ghs/15b3b021-7037-427b-ae6b-32302b0f8696/572996e1-23d8-4e6c-aa5e-d55079b7222b_817693377.jpeg?h=225&w=225,
297685391,Tesco Finest Medjool & Zamli Dates 400G,https://www.tesco.com/groceries/en-GB/shop/food-cupboard/all?department=Christmas%20Treats&viewAll=department&page=,£4.50,£11.25/kg,£4.00 Clubcard Price,,/groceries/en-GB/products/297685391,https://digitalcontent.api.tesco.com/v2/media/ghs/281790be-0a8d-419c-9626-0e1216de2356/a1a3109a-d8ff-4625-a68e-4da420948989_1230066945.jpeg?h=225&w=225,
312583264,Nomo Cookie Dough Filled Chocolate Drops 83G,https://www.tesco.com/groceries/en-GB/shop/food-cupboard/all?department=Christmas%20Treats&viewAll=department&page=,£4.00,£4.82/100g,,New,/groceries/en-GB/products/312583264,https://digitalcontent.api.tesco.com/v2/media/ghs/8b69cf53-1c80-4475-a8ee-2832edd36ac3/47603fe7-760a-4bf4-957e-d499f1705d03_698821397.jpeg?h=225&w=225,
307142609,Nomo No Missing Out Advent Calendar 96G,https://www.tesco.com/groceries/en-GB/shop/food-cupboard/all?department=Christmas%20Treats&viewAll=department&page=,£4.00,£4.17/100g,£3.50 Clubcard Price,,/groceries/en-GB/products/307142609,https://digitalcontent.api.tesco.com/v2/media/ghs/1c611df5-a746-4d64-8847-f3f5532d525e/089867c5-a86f-4e5b-8f4c-a2afce4e2417_472242462.jpeg?h=225&w=225,
293368721,Toblerone White 360G,https://www.tesco.com/groceries/en-GB/shop/food-cupboard/all?department=Christmas%20Treats&viewAll=department&page=,£3.50,£0.97/100g,,,/groceries/en-GB/products/293368721,https://digitalcontent.api.tesco.com/v2/media/ghs/c7cbf2dc-14fe-4f74-b7d4-bbd3d79fa34f/4dee2c8e-f00d-4909-9215-fc6b7fe40dfa_1427901817.jpeg?h=225&w=225,
308851621,After Eight Orange & Mint Dark Chocolate Thins 200G,https://www.tesco.com/groceries/en-GB/shop/food-cupboard/all?department=Christmas%20Treats&viewAll=department&page=,£2.50,£1.25/100g,£2.00 Clubcard Price,,/groceries/en-GB/products/308851621,https://digitalcontent.api.tesco.com/v2/media/ghs/b8c9fc13-63c6-4754-a4a8-548c1d12cd69/0a4a99d0-121f-48c9-8b5c-35723616a7bd_1278786420.jpeg?h=225&w=225,
255579074,Bendicks Bittermints Carton 200G,https://www.tesco.com/groceries/en-GB/shop/food-cupboard/all?department=Christmas%20Treats&viewAll=department&page=,£5.00,£2.50/100g,£3.00 Clubcard Price,,/groceries/en-GB/products/255579074,https://digitalcontent.api.tesco.com/v2/media/ghs/04c5ffa5-aedf-4572-bc55-cc039e67737e/26ae1935-5304-48f9-b381-2f44e06be28a_1726365424.jpeg?h=225&w=225,
270966532,Lindt Teddy Bear 100G,https://www.tesco.com/groceries/en-GB/shop/food-cupboard/all?department=Christmas%20Treats&viewAll=department&page=,£2.50,£2.50/100g,,,/groceries/en-GB/products/270966532,https://digitalcontent.api.tesco.com/v2/media/ghs/1e0c0fb6-3432-4fc9-8cdb-8b987e82bf68/snapshotimagehandler_574039905.jpeg?h=225&w=225,
312230982,Tesco Free From Onion And Herb Crackers 160G,https://www.tesco.com/groceries/en-GB/shop/food-cupboard/all?department=Christmas%20Treats&viewAll=department&page=,£1.60,£1.00/100g,,,/groceries/en-GB/products/312230982,https://digitalcontent.api.tesco.com/v2/media/ghs/cb7e8f4b-6973-4283-8aec-359e956df61f/194df906-8eb8-4eb3-a653-8b279228eb52_524228877.jpeg?h=225&w=225,
312563052,Buttermilk Plant Powered Choccy Orange Segments 100G,https://www.tesco.com/groceries/en-GB/shop/food-cupboard/all?department=Christmas%20Treats&viewAll=department&page=,£2.50,£2.50/100g,,New,/groceries/en-GB/products/312563052,https://digitalcontent.api.tesco.com/v2/media/ghs/da9895c2-9742-4629-82b0-c256efdd090e/47dcf7ad-c54c-4786-bf30-18c8a42d5350_847341267.jpeg?h=225&w=225,
301892599,Tesco Finest Belgian Chocolate Nut Tray 285G,https://www.tesco.com/groceries/en-GB/shop/food-cupboard/all?department=Christmas%20Treats&viewAll=department&page=,£5.50,£1.93/100g,£5.00 Clubcard Price,,/groceries/en-GB/products/301892599,https://digitalcontent.api.tesco.com/v2/media/ghs/6cfc4e04-7cdf-468f-98fe-5e52a5d2d84a/281c67b6-9f6d-4abf-8e3f-e6da6cbc4f2a_1062365835.jpeg?h=225&w=225,
304400275,Tesco Free From Turkey & Stuffing Tortilla Chips 150G,https://www.tesco.com/groceries/en-GB/shop/food-cupboard/all?department=Christmas%20Treats&viewAll=department&page=,£1.15,£0.77/100g,,,/groceries/en-GB/products/304400275,https://digitalcontent.api.tesco.com/v2/media/ghs/73343925-e702-406c-ab49-e56c6bb1274f/1460d928-1190-46ba-9cfa-6d2edce4701a_184912531.jpeg?h=225&w=225,
311788611,Mallow & Marsh Salted Caramel Marshmallows 100G,https://www.tesco.com/groceries/en-GB/shop/food-cupboard/all?department=Christmas%20Treats&viewAll=department&page=,£2.50,£2.50/100g,£2.00 Clubcard Price,,/groceries/en-GB/products/311788611,https://digitalcontent.api.tesco.com/v2/media/ghs/971f06c0-17da-412c-98e2-07c71cddef58/330e6b3e-216c-433a-a684-5f5d375c36b0_1214831321.jpeg?h=225&w=225,
301715570,Lindt Milk Chocolate Teddy 40G,https://www.tesco.com/groceries/en-GB/shop/food-cupboard/all?department=Christmas%20Treats&viewAll=department&page=,£1.25,£3.13/100g,,,/groceries/en-GB/products/301715570,https://digitalcontent.api.tesco.com/v2/media/ghs/75ba84d8-ea43-4745-b591-9582755381da/snapshotimagehandler_306028542.jpeg?h=225&w=225,
312360833,Marsh & Mallow Orange & Milk Chocolate Marshmallows 100G,https://www.tesco.com/groceries/en-GB/shop/food-cupboard/all?department=Christmas%20Treats&viewAll=department&page=,£2.50,£2.50/100g,£2.00 Clubcard Price,,/groceries/en-GB/products/312360833,https://digitalcontent.api.tesco.com/v2/media/ghs/c3761a93-6084-434a-94a8-0421e83061db/5c354e6f-6f0d-4ad1-9fd3-a24570d8cb9e_202523058.jpeg?h=225&w=225,
309182633,Tesco Milk Chocolate Medallion 80G,https://www.tesco.com/groceries/en-GB/shop/food-cupboard/all?department=Christmas%20Treats&viewAll=department&page=,£1.00,£1.25/100g,89p Clubcard Price,,/groceries/en-GB/products/309182633,https://digitalcontent.api.tesco.com/v2/media/ghs/01077363-e45d-4928-ba62-fdc47490a50a/ef72382a-2ed5-4e61-9dda-8ba096839524_660807999.jpeg?h=225&w=225,
307510883,Kit Kat Festive Friends Milk Chocolate Shapes 220G,https://www.tesco.com/groceries/en-GB/shop/food-cupboard/all?department=Christmas%20Treats&viewAll=department&page=,£3.00,£1.37/100g,,,/groceries/en-GB/products/307510883,https://digitalcontent.api.tesco.com/v2/media/ghs/2766069c-1590-43fc-b47a-3db2c1b642ee/eca3b4f2-4cff-40b6-8ebd-90b3d1199be0_1230389960.jpeg?h=225&w=225,
306812889,Tesco Finest Maple Nut Selection 225G,https://www.tesco.com/groceries/en-GB/shop/food-cupboard/all?department=Christmas%20Treats&viewAll=department&page=,£3.50,£1.56/100g,£3.00 Clubcard Price,,/groceries/en-GB/products/306812889,https://digitalcontent.api.tesco.com/v2/media/ghs/350a37d8-3977-4f53-b626-500e0a3d2af2/8f274b73-5d6b-469a-94ef-add33ead9657_1375774269.jpeg?h=225&w=225,
301636939,Maltesers Truffles Small Gift Box 54G,https://www.tesco.com/groceries/en-GB/shop/food-cupboard/all?department=Christmas%20Treats&viewAll=department&page=,£2.00,£3.71/100g,£1.00 Clubcard Price,,/groceries/en-GB/products/301636939,https://digitalcontent.api.tesco.com/v2/media/ghs/08096b92-1bbc-43cd-808e-019d91ab1006/23c02a2a-9592-4db4-98a9-dd24752aef84_1738991409.jpeg?h=225&w=225,
297675005,Tesco Finest Belgian Chocolate Nut Selection 225G,https://www.tesco.com/groceries/en-GB/shop/food-cupboard/all?department=Christmas%20Treats&viewAll=department&page=,£3.50,£15.56/kg,£3.00 Clubcard Price,,/groceries/en-GB/products/297675005,https://digitalcontent.api.tesco.com/v2/media/ghs/a618777a-9ab6-4b60-8201-f768f7f793cd/57c129c1-a824-4e15-8128-23fd686786c5_1369899110.jpeg?h=225&w=225,
311946914,Quality Street Assorted Milk & Dark Chocolate & Toffee Sharing Bag 382G,https://www.tesco.com/groceries/en-GB/shop/food-cupboard/all?department=Christmas%20Treats&viewAll=department&page=,£3.50,£0.92/100g,£3.00 Clubcard Price,,/groceries/en-GB/products/311946914,https://digitalcontent.api.tesco.com/v2/media/ghs/499a54cc-d7f1-484a-94f1-bce5f4e75351/89819370-b893-456d-801a-236d8b0237f3_139579252.jpeg?h=225&w=225,
267375446,Merci Finest Selection 400G,https://www.tesco.com/groceries/en-GB/shop/food-cupboard/all?department=Christmas%20Treats&viewAll=department&page=,£8.00,£2.00/100g,£5.00 Clubcard Price,,/groceries/en-GB/products/267375446,https://digitalcontent.api.tesco.com/v2/media/ghs/db2fb84e-f1cf-4138-8c47-5a45981fcc3f/9960cbd7-5bf9-4a05-9a4f-fa3e9c318b70_1937652956.jpeg?h=225&w=225,
274670126,Tesco Finest Hickory Smoked Nut Selection 225G,https://www.tesco.com/groceries/en-GB/shop/food-cupboard/all?department=Christmas%20Treats&viewAll=department&page=,£3.50,£15.56/kg,£3.00 Clubcard Price,,/groceries/en-GB/products/274670126,https://digitalcontent.api.tesco.com/v2/media/ghs/3124ccfb-3808-4992-904e-4ebbe955b8b3/2cbdd8d0-555b-41fa-90b5-31711ffc0254_1987099624.jpeg?h=225&w=225,
312718014,Lindt Festive Selection Tin Christmas Chocolate 400G,https://www.tesco.com/groceries/en-GB/shop/food-cupboard/all?department=Christmas%20Treats&viewAll=department&page=,£11.00,£2.75/100g,,New,/groceries/en-GB/products/312718014,https://digitalcontent.api.tesco.com/v2/media/ghs/f7f1cbd5-385b-4ee2-aff1-3a2813ae4ae1/d543cc08-5683-45aa-9b6f-0445ec1174e5_1879688566.jpeg?h=225&w=225,
301715909,Lindt Lindor Assorted Chocolate Truffles 600G,https://www.tesco.com/groceries/en-GB/shop/food-cupboard/all?department=Christmas%20Treats&viewAll=department&page=,£15.00,£2.50/100g,£10.00 Clubcard Price,,/groceries/en-GB/products/301715909,https://digitalcontent.api.tesco.com/v2/media/ghs/7ae7d4b1-1f40-4fe7-84c5-272ef7691459/snapshotimagehandler_1363389605.jpeg?h=225&w=225,
305053948,Lindt Master Chocolatier Collection 320G,https://www.tesco.com/groceries/en-GB/shop/food-cupboard/all?department=Christmas%20Treats&viewAll=department&page=,£13.00,£4.07/100g,£10.00 Clubcard Price,,/groceries/en-GB/products/305053948,https://digitalcontent.api.tesco.com/v2/media/ghs/25c91263-b24e-4ec1-ad27-df3ab7b864f0/40e994ff-44d7-42eb-9901-62996332fd43_1219943742.jpeg?h=225&w=225,
304403744,Lindt Creation Dessert Chocolate Selection Box 400G,https://www.tesco.com/groceries/en-GB/shop/food-cupboard/all?department=Christmas%20Treats&viewAll=department&page=,£15.00,£3.75/100g,£10.00 Clubcard Price,,/groceries/en-GB/products/304403744,https://digitalcontent.api.tesco.com/v2/media/ghs/9643f303-9736-48d1-b6b0-76eb121b4bd0/snapshotimagehandler_1950951822.jpeg?h=225&w=225,
301638091,Maltesers Truffles Large Gift Box 336G,https://www.tesco.com/groceries/en-GB/shop/food-cupboard/all?department=Christmas%20Treats&viewAll=department&page=,£7.00,£2.09/100g,,,/groceries/en-GB/products/301638091,https://digitalcontent.api.tesco.com/v2/media/ghs/ef1f18a0-5faa-4f0b-bed0-cf6f65e4b25d/48246070-9edc-474c-99f5-f630638dabde_753160974.jpeg?h=225&w=225,
289489212,Lindt Swiss Luxury Selection Chocolates 195G,https://www.tesco.com/groceries/en-GB/shop/food-cupboard/all?department=Christmas%20Treats&viewAll=department&page=,£8.00,£4.11/100g,£7.00 Clubcard Price,,/groceries/en-GB/products/289489212,https://digitalcontent.api.tesco.com/v2/media/ghs/ae2607ec-057e-44e6-8820-5eaa7ce5e22a/3fc4ba16-fe08-4387-a1bd-7bacc6c16217_1346513025.jpeg?h=225&w=225,
304554432,Lindt Nuxor Milk 165G,https://www.tesco.com/groceries/en-GB/shop/food-cupboard/all?department=Christmas%20Treats&viewAll=department&page=,£6.00,£3.64/100g,,,/groceries/en-GB/products/304554432,https://digitalcontent.api.tesco.com/v2/media/ghs/f572b529-47ff-4596-b217-b01bc5565e3e/1184cc81-fcea-41f6-927f-33646eeffdae_377455113.jpeg?h=225&w=225,
304554455,Lindt Nuxor Dark 165G,https://www.tesco.com/groceries/en-GB/shop/food-cupboard/all?department=Christmas%20Treats&viewAll=department&page=,£6.00,£3.64/100g,,,/groceries/en-GB/products/304554455,https://digitalcontent.api.tesco.com/v2/media/ghs/7fb1586b-7e26-4b88-8dbd-0ec9ab3ac5b1/cd5c1f01-df9d-47aa-93e2-dc8b245d0976_1421744136.jpeg?h=225&w=225,
293437818,Tesco Finest Belgian Chocolate Selection 200G,https://www.tesco.com/groceries/en-GB/shop/food-cupboard/all?department=Christmas%20Treats&viewAll=department&page=,£6.10,£3.05/100g,£5.00 Clubcard Price,,/groceries/en-GB/products/293437818,https://digitalcontent.api.tesco.com/v2/media/ghs/058c9448-f73a-4d28-a520-116baf91e1e5/ec068375-5e74-4798-8bbe-716405504a71_2125003439.jpeg?h=225&w=225,
285000627,Lilys Ultimate Chocolate Collection 220G,https://www.tesco.com/groceries/en-GB/shop/food-cupboard/all?department=Christmas%20Treats&viewAll=department&page=,£6.00,£2.73/100g,£5.00 Clubcard Price,,/groceries/en-GB/products/285000627,https://digitalcontent.api.tesco.com/v2/media/ghs/8d33ea1b-551e-483c-902c-687901da0899/c831bc6c-6714-4d85-84ac-58a211e2fdde_1493786765.jpeg?h=225&w=225,
304382491,Nairn's Gluten Free Savoury Biscuit Selection 235G,https://www.tesco.com/groceries/en-GB/shop/food-cupboard/all?department=Christmas%20Treats&viewAll=department&page=,£3.75,£1.60/100g,,,/groceries/en-GB/products/304382491,https://digitalcontent.api.tesco.com/v2/media/ghs/7e563d5d-7b10-467f-aa77-7ad04af6e691/snapshotimagehandler_107403644.jpeg?h=225&w=225,
308093515,Bendicks Mint Fondants 180G,https://www.tesco.com/groceries/en-GB/shop/food-cupboard/all?department=Christmas%20Treats&viewAll=department&page=,£5.00,£2.78/100g,£3.00 Clubcard Price,,/groceries/en-GB/products/308093515,https://digitalcontent.api.tesco.com/v2/media/ghs/99ec24dd-926e-4e51-9074-37833e7e2cff/5f6e4e7a-b0d4-4b2a-8cf6-79b4f7e93ea7_640776908.jpeg?h=225&w=225,
309191904,Thorntons Continental Collection Gift Wrapped 264G,https://www.tesco.com/groceries/en-GB/shop/food-cupboard/all?department=Christmas%20Treats&viewAll=department&page=,£10.00,£3.79/100g,£7.00 Clubcard Price,,/groceries/en-GB/products/309191904,https://digitalcontent.api.tesco.com/v2/media/ghs/c5c2c0a2-8511-4ae5-a9c8-160db7af4e39/b8610a3b-383e-4f5c-871b-b354ffe0702f_2014108047.jpeg?h=225&w=225,
311804910,Lily O'brien's Petit Desserts Collection 220G,https://www.tesco.com/groceries/en-GB/shop/food-cupboard/all?department=Christmas%20Treats&viewAll=department&page=,£6.00,£2.73/100g,,,/groceries/en-GB/products/311804910,https://digitalcontent.api.tesco.com/v2/media/ghs/74b84a8a-7799-48e7-a182-3cac62568b4c/82701c9d-60ac-4592-9f4b-93d90db3af18_729540126.jpeg?h=225&w=225,
297648580,Tesco Pecan Nuts In Shell 300G,https://www.tesco.com/groceries/en-GB/shop/food-cupboard/all?department=Christmas%20Treats&viewAll=department&page=,£3.00,£10.00/kg,Any 2 for £5 Clubcard Price - Selected Tesco Core And In Shell Nuts 170g - 600g,,/groceries/en-GB/products/297648580,https://digitalcontent.api.tesco.com/v2/media/ghs/74f89e3e-e6bb-4f0b-87fb-1e67f2c9fcf5/52926e53-5eb5-4054-a412-c88c056426a1_565666078.jpeg?h=225&w=225,
276546225,Ferrero Rocher Present 225G,https://www.tesco.com/groceries/en-GB/shop/food-cupboard/all?department=Christmas%20Treats&viewAll=department&page=,£6.50,£2.89/100g,,,/groceries/en-GB/products/276546225,https://digitalcontent.api.tesco.com/v2/media/ghs/3e6a56a5-eceb-4e12-bc42-1d001d386485/ffbc9fe7-47f4-4f6d-8b28-0386732f6699_78590056.jpeg?h=225&w=225,
285612312,Guylian Seahorse 336G,https://www.tesco.com/groceries/en-GB/shop/food-cupboard/all?department=Christmas%20Treats&viewAll=department&page=,£11.00,£3.28/100g,£6.00 Clubcard Price,,/groceries/en-GB/products/285612312,https://digitalcontent.api.tesco.com/v2/media/ghs/4bf349eb-4b0f-4cd5-b254-fc439ec0b6a6/8b624b02-f821-41f2-b254-4ecf12178948_1427851139.jpeg?h=225&w=225,
302303710,Lindt Lindor Milk Chocolate Truffles Cracker 100G,https://www.tesco.com/groceries/en-GB/shop/food-cupboard/all?department=Christmas%20Treats&viewAll=department&page=,£3.00,£3.00/100g,,,/groceries/en-GB/products/302303710,https://digitalcontent.api.tesco.com/v2/media/ghs/4d8bd72b-da37-4b93-899f-9ce4b8fc5e40/snapshotimagehandler_837706766.jpeg?h=225&w=225,
301970312,Guylian Belgian Deluxe Assortment 369G,https://www.tesco.com/groceries/en-GB/shop/food-cupboard/all?department=Christmas%20Treats&viewAll=department&page=,£11.00,£2.99/100g,£7.00 Clubcard Price,,/groceries/en-GB/products/301970312,https://digitalcontent.api.tesco.com/v2/media/ghs/afcf55e2-698d-4a81-be78-2377e01cd0ce/87e8fccc-d851-4606-acf8-66783ec79243_429535712.jpeg?h=225&w=225,
311782519,Lily O'brien's Desserts Collection 210G,https://www.tesco.com/groceries/en-GB/shop/food-cupboard/all?department=Christmas%20Treats&viewAll=department&page=,£6.00,£2.86/100g,£5.00 Clubcard Price,,/groceries/en-GB/products/311782519,https://digitalcontent.api.tesco.com/v2/media/ghs/dd019845-66b7-4ec8-bddb-6dc91cb59563/c8066960-dc65-4f8b-822b-60da90f708be_1131422760.jpeg?h=225&w=225,
293134163,Monty Bojangles Selection Of Cocoa Truffles 135G,https://www.tesco.com/groceries/en-GB/shop/food-cupboard/all?department=Christmas%20Treats&viewAll=department&page=,£3.50,£2.60/100g,£3.00 Clubcard Price,,/groceries/en-GB/products/293134163,https://digitalcontent.api.tesco.com/v2/media/ghs/34be7ae8-a6fd-4b0f-aee6-a0de37afc0fe/9cb39fd9-3837-4378-abb4-689227988f33_895186664.jpeg?h=225&w=225,
311808733,Maltesers Assorted Chocolate Truffles Box 200G,https://www.tesco.com/groceries/en-GB/shop/food-cupboard/all?department=Christmas%20Treats&viewAll=department&page=,£3.50,£1.75/100g,,New,/groceries/en-GB/products/311808733,https://digitalcontent.api.tesco.com/v2/media/ghs/3a47db13-f1d3-4402-a749-1875102d7fee/70658fb6-f06a-42dd-bec4-9860a73bde91_2082712059.jpeg?h=225&w=225,
302314720,Maltesers White Truffles 200G,https://www.tesco.com/groceries/en-GB/shop/food-cupboard/all?department=Christmas%20Treats&viewAll=department&page=,£3.49,£1.75/100g,,,/groceries/en-GB/products/302314720,https://digitalcontent.api.tesco.com/v2/media/ghs/fd46258f-87f1-44ec-ae95-7a25f1a837fe/f1257dd3-a016-44d8-ad1e-385fba65239e_2117083146.jpeg?h=225&w=225,
309174171,Ferrero Rocher Grand Dark Chocolate Gift 125G,https://www.tesco.com/groceries/en-GB/shop/food-cupboard/all?department=Christmas%20Treats&viewAll=department&page=,£5.00,£4.00/100g,£4.00 Clubcard Price,,/groceries/en-GB/products/309174171,https://digitalcontent.api.tesco.com/v2/media/ghs/b3b0ada6-5239-49cb-8c91-767844a7e50a/04d83419-4d82-4f8c-b2ac-55f017b849f4_1426229327.jpeg?h=225&w=225,
274650484,Tesco Finest Fruit & Nut Selection 225G,https://www.tesco.com/groceries/en-GB/shop/food-cupboard/all?department=Christmas%20Treats&viewAll=department&page=,£3.50,£15.56/kg,£3.00 Clubcard Price,,/groceries/en-GB/products/274650484,https://digitalcontent.api.tesco.com/v2/media/ghs/7ff061d2-7005-4ca8-86da-a02b2bb8cca7/46aa4e3a-aff5-43a8-a9e3-1ed2a4837b06_343024860.jpeg?h=225&w=225,
308845905,Galaxy Truffles Smooth Chocolate 190G,https://www.tesco.com/groceries/en-GB/shop/food-cupboard/all?department=Christmas%20Treats&viewAll=department&page=,£5.00,£2.64/100g,£3.50 Clubcard Price,,/groceries/en-GB/products/308845905,https://digitalcontent.api.tesco.com/v2/media/ghs/e1632373-e7b5-41b2-9cb0-f12c370f4915/dd8e85d2-0fd7-47b4-8294-4fed2c5abe28_584317867.jpeg?h=225&w=225,
309182558,Ferrero Raffaello Coconut & Almond Pralines 230G,https://www.tesco.com/groceries/en-GB/shop/food-cupboard/all?department=Christmas%20Treats&viewAll=department&page=,£3.99,£1.74/100g,,,/groceries/en-GB/products/309182558,https://digitalcontent.api.tesco.com/v2/media/ghs/5a741ff9-8b1f-482d-b8c6-90cc5621b075/561f8992-2b23-40b3-ae64-a61a55927f59_808753461.jpeg?h=225&w=225,
309484466,Tesco Finest Chocolate Coffee Nut Tray 265G,https://www.tesco.com/groceries/en-GB/shop/food-cupboard/all?department=Christmas%20Treats&viewAll=department&page=,£5.50,£20.76/kg,£5.00 Clubcard Price,,/groceries/en-GB/products/309484466,https://digitalcontent.api.tesco.com/v2/media/ghs/a13c11e6-1401-4c97-9f19-4d35bedf5225/aaab51ad-5dcf-4adf-971e-5e1d7b26c990_562273834.jpeg?h=225&w=225,
311935196,Tesco Finest Chocolate Orange Nut Selection 225G,https://www.tesco.com/groceries/en-GB/shop/food-cupboard/all?department=Christmas%20Treats&viewAll=department&page=,£3.50,£15.56/kg,£3.00 Clubcard Price,,/groceries/en-GB/products/311935196,https://digitalcontent.api.tesco.com/v2/media/ghs/588e045a-c9c4-4b6d-9a1a-55305b71658c/0b30dcf8-1f6d-4c1a-aa3e-f2099864731c_412314024.jpeg?h=225&w=225,
301916522,Tesco Finest White Chocolate & Coconut Hazelnuts 200G,https://www.tesco.com/groceries/en-GB/shop/food-cupboard/all?department=Christmas%20Treats&viewAll=department&page=,£3.50,£1.75/100g,£3.00 Clubcard Price,,/groceries/en-GB/products/301916522,https://digitalcontent.api.tesco.com/v2/media/ghs/c5250903-56a0-4a23-8438-3958171e38f2/fb19fa2a-0853-49ad-a56f-c3f3638a685a_1571214978.jpeg?h=225&w=225,
312364472,Tesco Free From Sea Salt & Chilli Crackers 160G,https://www.tesco.com/groceries/en-GB/shop/food-cupboard/all?department=Christmas%20Treats&viewAll=department&page=,£1.60,£1.00/100g,,,/groceries/en-GB/products/312364472,https://digitalcontent.api.tesco.com/v2/media/ghs/4e9384db-06d3-4cd1-8b06-9e8945f48301/add216b6-2de9-480a-8779-bf1ef9f97874_1556697610.jpeg?h=225&w=225,
309475419,Lindt Teddy Mini Truffles Sharing Bag 145G,https://www.tesco.com/groceries/en-GB/shop/food-cupboard/all?department=Christmas%20Treats&viewAll=department&page=,£3.00,£2.07/100g,,,/groceries/en-GB/products/309475419,https://digitalcontent.api.tesco.com/v2/media/ghs/8a7efa87-86fd-4e14-aedc-f8dce801e7b4/37dd2a69-bef0-4a20-807a-27298fdf1ccb_1807646458.jpeg?h=225&w=225,
297061490,Tesco Collection Chocolate Assortment 360G,https://www.tesco.com/groceries/en-GB/shop/food-cupboard/all?department=Christmas%20Treats&viewAll=department&page=,£3.50,£0.97/100g,,,/groceries/en-GB/products/297061490,https://digitalcontent.api.tesco.com/v2/media/ghs/19b85f76-61a0-4419-a2dd-c77d072ee217/0e1fe535-ed87-413d-9626-2a37dfe49893_1549539110.jpeg?h=225&w=225,
309783832,Toffifee 3X125g,https://www.tesco.com/groceries/en-GB/shop/food-cupboard/all?department=Christmas%20Treats&viewAll=department&page=,£4.00,£1.07/100g,£3.50 Clubcard Price,,/groceries/en-GB/products/309783832,https://digitalcontent.api.tesco.com/v2/media/ghs/5f8b4b4c-eadb-4907-8661-df31080f797d/snapshotimagehandler_470177782.jpeg?h=225&w=225,
279723063,Reeses Peanut Butter Snowman 141G,https://www.tesco.com/groceries/en-GB/shop/food-cupboard/all?department=Christmas%20Treats&viewAll=department&page=,£3.00,£2.13/100g,£2.50 Clubcard Price,,/groceries/en-GB/products/279723063,https://digitalcontent.api.tesco.com/v2/media/ghs/fe0b085c-33ec-4529-baae-814302789737/37ec3582-e05c-45a5-99e1-e6ec949ca188_307443867.jpeg?h=225&w=225,
312111674,Tesco Finest Marron Chestnuts 400G,https://www.tesco.com/groceries/en-GB/shop/food-cupboard/all?department=Christmas%20Treats&viewAll=department&page=,£3.50,£8.75/kg,£3.00 Clubcard Price,,/groceries/en-GB/products/312111674,https://digitalcontent.api.tesco.com/v2/media/ghs/a3e51d60-e3b8-4551-9869-dead15cbd9be/86c2c629-767f-4e88-b949-6e6abc200044.jpeg?h=225&w=225,
309789958,Tesco Finest After Dinner Chocolate Mint Tray 310G,https://www.tesco.com/groceries/en-GB/shop/food-cupboard/all?department=Christmas%20Treats&viewAll=department&page=,£5.50,£17.75/kg,£5.00 Clubcard Price,,/groceries/en-GB/products/309789958,https://digitalcontent.api.tesco.com/v2/media/ghs/15e3222d-228e-42e3-b152-c79ffee63e19/62cdd8f8-9172-44df-97d1-e09c1229bba4_1312166332.jpeg?h=225&w=225,
251827980,Ferrero Rocher Boxed Chocolates 375G,https://www.tesco.com/groceries/en-GB/shop/food-cupboard/all?department=Christmas%20Treats&viewAll=department&page=,£9.00,£2.40/100g,£7.50 Clubcard Price,,/groceries/en-GB/products/251827980,https://digitalcontent.api.tesco.com/v2/media/ghs/a0e6fbda-604a-4a50-a1ab-eb302feecc51/b944fc6f-bc20-4c1d-854c-ef5c3056eae2_973967702.jpeg?h=225&w=225,
293703930,Kinder Surprise Egg 100G,https://www.tesco.com/groceries/en-GB/shop/food-cupboard/all?department=Christmas%20Treats&viewAll=department&page=,£4.00,£4.00/100g,,,/groceries/en-GB/products/293703930,https://digitalcontent.api.tesco.com/v2/media/ghs/8092a69c-0385-4a40-a7e0-f9b4e1f41bc2/6ceac135-40ac-4769-b81e-83816e6e21e7_1022473917.jpeg?h=225&w=225,
309468198,Tesco Finest Zamli Dates 200G,https://www.tesco.com/groceries/en-GB/shop/food-cupboard/all?department=Christmas%20Treats&viewAll=department&page=,£2.50,£12.50/kg,£2.00 Clubcard Price,,/groceries/en-GB/products/309468198,https://digitalcontent.api.tesco.com/v2/media/ghs/1b53a0d8-c061-4811-a14f-e77751fb8ac2/f4c45196-e60f-4e53-b13d-834fd8f3182c_339270861.jpeg?h=225&w=225,
274661333,Tesco Finest Roasted Nut Selection With Sea Salt225g,https://www.tesco.com/groceries/en-GB/shop/food-cupboard/all?department=Christmas%20Treats&viewAll=department&page=,£3.50,£15.56/kg,£3.00 Clubcard Price,,/groceries/en-GB/products/274661333,https://digitalcontent.api.tesco.com/v2/media/ghs/9305a477-5908-4e2c-a1e8-1d27eb2f6bef/d3390b10-5925-4ff9-955c-503888d2a526_1599409728.jpeg?h=225&w=225,
309495050,Lindt Lindor Milk Chocolate Truffles 500G,https://www.tesco.com/groceries/en-GB/shop/food-cupboard/all?department=Christmas%20Treats&viewAll=department&page=,£10.00,£2.00/100g,,,/groceries/en-GB/products/309495050,https://digitalcontent.api.tesco.com/v2/media/ghs/ddddaca3-5338-4d88-bc27-e842e0b32699/ccb2863f-4766-4e5a-8482-bf2a99868455_15429363.jpeg?h=225&w=225,
312225355,Tesco Finest Ginger & Chocolate Shortbread 180G,https://www.tesco.com/groceries/en-GB/shop/food-cupboard/all?department=Christmas%20Treats&viewAll=department&page=,£4.00,£2.23/100g,,,/groceries/en-GB/products/312225355,https://digitalcontent.api.tesco.com/v2/media/ghs/6365660d-6491-4678-b1e9-3a1541f4df5e/87ec1387-0190-47b1-8c24-cf1819fa699e_487917828.jpeg?h=225&w=225,
301793775,Guylian Belgian Premium Assortment 764G,https://www.tesco.com/groceries/en-GB/shop/food-cupboard/all?department=Christmas%20Treats&viewAll=department&page=,£20.00,£2.62/100g,£14.00 Clubcard Price,,/groceries/en-GB/products/301793775,https://digitalcontent.api.tesco.com/v2/media/ghs/31245b54-28bc-4113-b431-3a87899d4f5c/snapshotimagehandler_1228544970.jpeg?h=225&w=225,
306808487,Ferrero Collection 30 Pieces Assorted Chocolates 324G,https://www.tesco.com/groceries/en-GB/shop/food-cupboard/all?department=Christmas%20Treats&viewAll=department&page=,£10.50,£3.25/100g,£8.50 Clubcard Price,,/groceries/en-GB/products/306808487,https://digitalcontent.api.tesco.com/v2/media/ghs/e38d36f0-4c5e-4ab1-a7bc-af0ed30aeb88/991fad5b-4fde-474e-8683-1e3abbd1ea12_126517335.jpeg?h=225&w=225,
310693655,Tesco Finest Medjool Date Selection 335G,https://www.tesco.com/groceries/en-GB/shop/food-cupboard/all?department=Christmas%20Treats&viewAll=department&page=,£10.00,£29.86/kg,£8.00 Clubcard Price,,/groceries/en-GB/products/310693655,https://digitalcontent.api.tesco.com/v2/media/ghs/6308274e-08f3-4901-a233-1695159cece3/73dbc2c9-c2b5-44e3-99f4-bec878139193_245876551.jpeg?h=225&w=225,
306799352,Ferrero Collection 42 Pieces Boxed Chocolates 464G,https://www.tesco.com/groceries/en-GB/shop/food-cupboard/all?department=Christmas%20Treats&viewAll=department&page=,£12.50,£2.70/100g,,,/groceries/en-GB/products/306799352,https://digitalcontent.api.tesco.com/v2/media/ghs/9d27bc57-071e-479a-98bb-c392c28955c7/82c913e1-462b-4777-8793-e760a018eeaa_2107389144.jpeg?h=225&w=225,
302290176,Thorntons Classic Collection Milk White Dark Chocolate 262G,https://www.tesco.com/groceries/en-GB/shop/food-cupboard/all?department=Christmas%20Treats&viewAll=department&page=,£7.00,£2.68/100g,,,/groceries/en-GB/products/302290176,https://digitalcontent.api.tesco.com/v2/media/ghs/7f74d29a-03c1-4782-8d40-fa500804f699/dd3ce12c-e918-448b-84a4-0fb3010fd9c5_1633771920.jpeg?h=225&w=225,
285104228,Tesco Deglet Nour. Dates 400G,https://www.tesco.com/groceries/en-GB/shop/food-cupboard/all?department=Christmas%20Treats&viewAll=department&page=,£3.00,£7.50/kg,£2.50 Clubcard Price,,/groceries/en-GB/products/285104228,https://digitalcontent.api.tesco.com/v2/media/ghs/d2c0c36e-c77c-4330-aca8-9357af4b14b6/d8438c0d-1c32-4c89-b31a-3039bb3c3c7c_1431156675.jpeg?h=225&w=225,
304393443,Tesco Goose Fat 320G,https://www.tesco.com/groceries/en-GB/shop/food-cupboard/all?department=Christmas%20Food%20Cupboard&viewAll=department&page=,£3.95,£1.24/100g,,,/groceries/en-GB/products/304393443,https://digitalcontent.api.tesco.com/v2/media/ghs/e8d6a5cf-591b-4294-992e-c0fd136f4f50/080d101d-18b7-479b-8c61-0692a78e8208_1701161691.jpeg?h=225&w=225,
271074203,Tesco Cranberries 200G,https://www.tesco.com/groceries/en-GB/shop/food-cupboard/all?department=Christmas%20Food%20Cupboard&viewAll=department&page=,£2.50,£12.50/kg,,,/groceries/en-GB/products/271074203,https://digitalcontent.api.tesco.com/v2/media/ghs/b1718154-115a-48be-8e98-91d92265834c/3d42635a-ddc7-49ac-b9ed-51378fdacf07_1146292982.jpeg?h=225&w=225,
266573328,Hellmann's Light Squeezy Mayonnaise 750Ml,https://www.tesco.com/groceries/en-GB/shop/food-cupboard/all?department=Christmas%20Food%20Cupboard&viewAll=department&page=,£3.40,£0.45/100ml,,,/groceries/en-GB/products/266573328,https://digitalcontent.api.tesco.com/v2/media/ghs/9f611cab-016a-4c51-ac2b-0c65b4c31d5d/da247c91-ff28-441e-96c9-475f901c8477_492708384.jpeg?h=225&w=225,
266573311,Hellmann's Real Squeezy Mayonnaise 750Ml,https://www.tesco.com/groceries/en-GB/shop/food-cupboard/all?department=Christmas%20Food%20Cupboard&viewAll=department&page=,£3.40,£0.45/100ml,,,/groceries/en-GB/products/266573311,https://digitalcontent.api.tesco.com/v2/media/ghs/11535590-f3b4-4a0c-a1e1-06406f6d862d/f258e8ec-8bc4-4667-94e1-55345a563d14_869991663.jpeg?h=225&w=225,
250535520,Tesco Ready To Roll Fondant Icing 1Kg,https://www.tesco.com/groceries/en-GB/shop/food-cupboard/all?department=Christmas%20Food%20Cupboard&viewAll=department&page=,£2.00,£0.20/100g,,,/groceries/en-GB/products/250535520,https://digitalcontent.api.tesco.com/v2/media/ghs/4cdddb50-4189-4218-8384-751cb9b0c334/5b9086c8-1680-4aec-92af-9f892e5158c1_300612321.jpeg?h=225&w=225,
264876970,Tesco Finest Horseradish Sauce 170G,https://www.tesco.com/groceries/en-GB/shop/food-cupboard/all?department=Christmas%20Food%20Cupboard&viewAll=department&page=,£1.85,£1.09/100g,,,/groceries/en-GB/products/264876970,https://digitalcontent.api.tesco.com/v2/media/ghs/bd99d660-c9bf-4547-8ad8-8713fede9c35/339fb36a-a059-4f74-8623-fee7dae49f41_1844995899.jpeg?h=225&w=225,
312210021,Bisto Best Chicken Gravy 230G,https://www.tesco.com/groceries/en-GB/shop/food-cupboard/all?department=Christmas%20Food%20Cupboard&viewAll=department&page=,£2.95,£1.29/100g,£2.50 Clubcard Price,,/groceries/en-GB/products/312210021,https://digitalcontent.api.tesco.com/v2/media/ghs/7bcc512e-db52-4ccc-9b9f-b340af180871/e49e09f6-3e5a-4dff-8727-1cbbc02f5c89_565151293.jpeg?h=225&w=225,
254914365,Tesco Whole Blanched Almonds 100G,https://www.tesco.com/groceries/en-GB/shop/food-cupboard/all?department=Christmas%20Food%20Cupboard&viewAll=department&page=,£1.60,£16.00/kg,,,/groceries/en-GB/products/254914365,https://digitalcontent.api.tesco.com/v2/media/ghs/5ef33695-3ed3-4977-9c18-91673dcfea79/803a0eed-900d-4761-9a73-7e26330babd5_1535105257.jpeg?h=225&w=225,
311795683,Bisto Best Beef Gravy 230G,https://www.tesco.com/groceries/en-GB/shop/food-cupboard/all?department=Christmas%20Food%20Cupboard&viewAll=department&page=,£2.95,£1.29/100g,£2.50 Clubcard Price,,/groceries/en-GB/products/311795683,https://digitalcontent.api.tesco.com/v2/media/ghs/8c73c76f-ad4c-4284-a802-61520f87b392/2c5cb6ae-09cb-48ad-b795-0921184aea60_1276071876.jpeg?h=225&w=225,
289645831,Merchant Gourmet Whole Chestnuts 180G,https://www.tesco.com/groceries/en-GB/shop/food-cupboard/all?department=Christmas%20Food%20Cupboard&viewAll=department&page=,,,,,/groceries/en-GB/products/289645831,https://digitalcontent.api.tesco.com/v2/media/ghs/d927b1f1-a2b7-43fc-aa29-8317ba129ab0/f742fd42-fb00-45aa-8378-d1549ccf5cbc_720003686.jpeg?h=225&w=225,This product's currently out of stock
280068606,Tesco Whole Pickled Gherkins 680G,https://www.tesco.com/groceries/en-GB/shop/food-cupboard/all?department=Christmas%20Food%20Cupboard&viewAll=department&page=,£2.10,£0.57/100g DR.WT,,,/groceries/en-GB/products/280068606,https://digitalcontent.api.tesco.com/v2/media/ghs/b63be697-80e5-42e0-8cda-e89ce77ee4a3/9cd5cdb3-258b-4479-95bf-e05f16d5a837_693106118.jpeg?h=225&w=225,
289013456,Tesco Finest Cranberry Sauce 220G,https://www.tesco.com/groceries/en-GB/shop/food-cupboard/all?department=Christmas%20Food%20Cupboard&viewAll=department&page=,£1.75,£0.80/100g,,,/groceries/en-GB/products/289013456,https://digitalcontent.api.tesco.com/v2/media/ghs/ad708aa3-de64-48b5-a34f-7244e890a511/71093b7b-25bc-4506-8ebe-bb5a4c2ea25c_1137134629.jpeg?h=225&w=225,
312088856,Schwartz Signature Gravy 155G,https://www.tesco.com/groceries/en-GB/shop/food-cupboard/all?department=Christmas%20Food%20Cupboard&viewAll=department&page=,£2.75,£1.78/100g,,New,/groceries/en-GB/products/312088856,https://digitalcontent.api.tesco.com/v2/media/ghs/289ab928-7244-4a53-a568-f07d745e2d87/13c13fea-6501-47f2-bcd9-cc228af1df00_309295759.jpeg?h=225&w=225,
312358497,Bisto Best Turkey Gravy 230G,https://www.tesco.com/groceries/en-GB/shop/food-cupboard/all?department=Christmas%20Food%20Cupboard&viewAll=department&page=,£2.95,£1.29/100g,£2.50 Clubcard Price,,/groceries/en-GB/products/312358497,https://digitalcontent.api.tesco.com/v2/media/ghs/974618e0-7e14-4f5d-8df0-40cb0e428a44/df772ebc-85a4-4968-9349-347916805807_1463744672.jpeg?h=225&w=225,
254914584,Tesco Marzipan 500G,https://www.tesco.com/groceries/en-GB/shop/food-cupboard/all?department=Christmas%20Food%20Cupboard&viewAll=department&page=,£2.05,£0.41/100g,,,/groceries/en-GB/products/254914584,https://digitalcontent.api.tesco.com/v2/media/ghs/d2e88b4c-8d46-4147-9504-74892c173a3f/018c7206-7922-4896-a2be-4c1dbc0c93bc_1795484942.jpeg?h=225&w=225,
280517479,Tesco Finest Chicken Gravy 350Ml,https://www.tesco.com/groceries/en-GB/shop/food-cupboard/all?department=Christmas%20Food%20Cupboard&viewAll=department&page=,£1.75,£0.50/100ml,,,/groceries/en-GB/products/280517479,https://digitalcontent.api.tesco.com/v2/media/ghs/67860e6c-d724-4e45-9fbf-cefcbe5d2ad1/e38d0162-fae7-40c8-aedc-657fd992fe93_47943199.jpeg?h=225&w=225,
254998702,Tesco Toasted Flaked Almonds 100G,https://www.tesco.com/groceries/en-GB/shop/food-cupboard/all?department=Christmas%20Food%20Cupboard&viewAll=department&page=,£1.60,£16.00/kg,,,/groceries/en-GB/products/254998702,https://digitalcontent.api.tesco.com/v2/media/ghs/7970069c-5ca1-4c09-b465-3937dbc63357/905dc8dc-199a-48b8-96f0-b5e2f678c612_946474349.jpeg?h=225&w=225,
312582259,Schwartz Signature Chicken Gravy 155G,https://www.tesco.com/groceries/en-GB/shop/food-cupboard/all?department=Christmas%20Food%20Cupboard&viewAll=department&page=,£2.75,£1.78/100g,,New,/groceries/en-GB/products/312582259,https://digitalcontent.api.tesco.com/v2/media/ghs/ddc8d315-5fbe-40da-a1d0-8792fe03b5ac/115664c1-1eab-4f7c-8586-76f342e6e992_930801018.jpeg?h=225&w=225,
262614852,Tesco Finest Mincemeat 411G,https://www.tesco.com/groceries/en-GB/shop/food-cupboard/all?department=Christmas%20Food%20Cupboard&viewAll=department&page=,£2.00,£4.87/kg,,,/groceries/en-GB/products/262614852,https://digitalcontent.api.tesco.com/v2/media/ghs/b4ec6c54-dd8f-4939-9f71-c59602106e48/b785ea13-3585-4c31-82ee-6ffba27e4508_411890215.jpeg?h=225&w=225,
278756935,Tesco Finest Chicken Stock 450Ml,https://www.tesco.com/groceries/en-GB/shop/food-cupboard/all?department=Christmas%20Food%20Cupboard&viewAll=department&page=,£1.75,£0.39/100ml,,,/groceries/en-GB/products/278756935,https://digitalcontent.api.tesco.com/v2/media/ghs/3feab74c-b9e2-4589-a017-db6ddf6f8826/86f09cc0-810a-401d-8942-a269f4e5cfa7_1311389580.jpeg?h=225&w=225,
312986847,Schwartz Signature Beef Gravy 155G,https://www.tesco.com/groceries/en-GB/shop/food-cupboard/all?department=Christmas%20Food%20Cupboard&viewAll=department&page=,£2.75,£1.78/100g,,New,/groceries/en-GB/products/312986847,https://digitalcontent.api.tesco.com/v2/media/ghs/cd93994c-f0e8-478b-b088-65f4a835b32a/73fd4621-f440-4d27-b5bc-e617837e2d18_174654606.jpeg?h=225&w=225,
307143672,Cake Decor Christmas Cupcake Cases 25 Pack,https://www.tesco.com/groceries/en-GB/shop/food-cupboard/all?department=Christmas%20Food%20Cupboard&viewAll=department&page=,£1.50,£0.06/each,,New,/groceries/en-GB/products/307143672,https://digitalcontent.api.tesco.com/v2/media/ghs/650a2c23-d1c3-405f-827f-6f8dd8f08534/041d5ff6-ec7e-45c7-93c1-16e56fd7cc13_1512849191.jpeg?h=225&w=225,
250181618,Heinz Top Down Squeezy Tomato Ketchup Sauce 700G,https://www.tesco.com/groceries/en-GB/shop/food-cupboard/all?department=Christmas%20Food%20Cupboard&viewAll=department&page=,£3.30,£0.47/100g,£2.95 Clubcard Price,,/groceries/en-GB/products/250181618,https://digitalcontent.api.tesco.com/v2/media/ghs/f72817a1-f1b2-43bf-b1a9-a736b9bb4a9e/9f0297fa-1093-48d6-a481-ac65836f1a4b_909247106.jpeg?h=225&w=225,
289013681,Tesco Finest Red Onion Chutney 230G,https://www.tesco.com/groceries/en-GB/shop/food-cupboard/all?department=Christmas%20Food%20Cupboard&viewAll=department&page=,£1.50,£0.65/100g,,,/groceries/en-GB/products/289013681,,
252077252,Oxo 12 Vegetable Stock Cubes 71G,https://www.tesco.com/groceries/en-GB/shop/food-cupboard/all?department=Christmas%20Food%20Cupboard&viewAll=department&page=,£1.75,£2.47/100g,£1.50 Clubcard Price,,/groceries/en-GB/products/252077252,https://digitalcontent.api.tesco.com/v2/media/ghs/8e417e59-94fe-4712-84be-bb6044b81dc9/e745796e-41f8-4f84-98cc-3f9a3310ce92_1555086530.jpeg?h=225&w=225,
254915940,Tesco Mincemeat 411G,https://www.tesco.com/groceries/en-GB/shop/food-cupboard/all?department=Christmas%20Food%20Cupboard&viewAll=department&page=,£1.65,£4.02/kg,£1.25 Clubcard Price,,/groceries/en-GB/products/254915940,https://digitalcontent.api.tesco.com/v2/media/ghs/e97f6c3d-68d3-48be-8147-68f3f2ca925c/8e5ef110-4765-4616-aae3-117dc0a27663_859353736.jpeg?h=225&w=225,
254881114,Oxo 12 Chicken Stock Cubes 71G,https://www.tesco.com/groceries/en-GB/shop/food-cupboard/all?department=Christmas%20Food%20Cupboard&viewAll=department&page=,£1.75,£2.47/100g,£1.50 Clubcard Price,,/groceries/en-GB/products/254881114,https://digitalcontent.api.tesco.com/v2/media/ghs/86f94cc0-4824-4676-a0b3-6d328c8a6173/63a30971-cbc5-4060-846f-c9e64b35b1c7_941229577.jpeg?h=225&w=225,
296186885,Colman's Tartare Sauce 144G,https://www.tesco.com/groceries/en-GB/shop/food-cupboard/all?department=Christmas%20Food%20Cupboard&viewAll=department&page=,£1.50,£1.05/100g,£1.00 Clubcard Price,,/groceries/en-GB/products/296186885,https://digitalcontent.api.tesco.com/v2/media/ghs/61b7b388-5b8e-4632-81b4-a04410e306e1/7e5058ad-ce4e-41e1-8e11-4c0fe8fd75ea_670533477.jpeg?h=225&w=225,
254881051,Oxo 12 Beef Stock Cubes 71G,https://www.tesco.com/groceries/en-GB/shop/food-cupboard/all?department=Christmas%20Food%20Cupboard&viewAll=department&page=,£1.75,£2.47/100g,£1.50 Clubcard Price,,/groceries/en-GB/products/254881051,https://digitalcontent.api.tesco.com/v2/media/ghs/25035408-7044-460d-a034-cd4d777f8c18/8079e35a-133b-4c4e-bb7c-ecf97f78f14d_1596407803.jpeg?h=225&w=225,
299667790,Paxo Sage & Onion Stuffing Mix 340G,https://www.tesco.com/groceries/en-GB/shop/food-cupboard/all?department=Christmas%20Food%20Cupboard&viewAll=department&page=,£2.50,£0.74/100g,,,/groceries/en-GB/products/299667790,https://digitalcontent.api.tesco.com/v2/media/ghs/42860a35-ab37-4cdd-ba89-63fb011df75d/f33d2091-4dc5-4eb7-b30f-7b12be23a341_1719757719.jpeg?h=225&w=225,
260245738,Tesco Finest Meringue Nests 8S,https://www.tesco.com/groceries/en-GB/shop/food-cupboard/all?department=Christmas%20Food%20Cupboard&viewAll=department&page=,£1.80,£0.22/each,£1.25 Clubcard Price,,/groceries/en-GB/products/260245738,https://digitalcontent.api.tesco.com/v2/media/ghs/e7000827-e1a7-4e4a-8087-dee68d488fc1/d1c06d3a-1284-4345-bd29-d0225a0f3a02_226281286.jpeg?h=225&w=225,
309481354,Bisto Chicken Gravy Granules 190G,https://www.tesco.com/groceries/en-GB/shop/food-cupboard/all?department=Christmas%20Food%20Cupboard&viewAll=department&page=,£2.00,£1.06/100g,£1.50 Clubcard Price,,/groceries/en-GB/products/309481354,https://digitalcontent.api.tesco.com/v2/media/ghs/0f8c6f99-63f6-43d8-92ca-27a421ee27d1/edc0f85e-2345-4179-866f-947cb2ec52a7_292938066.jpeg?h=225&w=225,
309449428,Bisto Favourite Gravy Granules 190G,https://www.tesco.com/groceries/en-GB/shop/food-cupboard/all?department=Christmas%20Food%20Cupboard&viewAll=department&page=,£2.00,£1.06/100g,£1.50 Clubcard Price,,/groceries/en-GB/products/309449428,https://digitalcontent.api.tesco.com/v2/media/ghs/c3a13570-8cdc-4207-9cd4-89fb264c1dff/e12aafac-7824-48a8-a309-e51e208e5fed_99943252.jpeg?h=225&w=225,
296186827,Colman's Bramley Apple Sauce 155G,https://www.tesco.com/groceries/en-GB/shop/food-cupboard/all?department=Christmas%20Food%20Cupboard&viewAll=department&page=,£1.50,£0.97/100g,£1.00 Clubcard Price,,/groceries/en-GB/products/296186827,https://digitalcontent.api.tesco.com/v2/media/ghs/f0c12784-4684-444a-a080-c65e96800b94/2c2d1abb-dd3c-4460-b621-8c6cd6842b5b_1518922170.jpeg?h=225&w=225,
307136312,Cake Decor Crazy Christmas Faces 22G,https://www.tesco.com/groceries/en-GB/shop/food-cupboard/all?department=Christmas%20Food%20Cupboard&viewAll=department&page=,£1.50,£68.19/kg,,New,/groceries/en-GB/products/307136312,https://digitalcontent.api.tesco.com/v2/media/ghs/24d94634-b7f0-47df-84c1-54760f48e82e/b2a9974d-b904-4402-a15e-8d9bffa3e00c_1836623282.jpeg?h=225&w=225,
254887027,Colman's Original English Mustard 100G,https://www.tesco.com/groceries/en-GB/shop/food-cupboard/all?department=Christmas%20Food%20Cupboard&viewAll=department&page=,£1.25,£1.25/100g,£1.00 Clubcard Price,,/groceries/en-GB/products/254887027,https://digitalcontent.api.tesco.com/v2/media/ghs/0140a301-0a29-4def-b68b-45f4f47f94c0/a82542fe-c661-49eb-bc02-f71a7c63a6d4_1761481972.jpeg?h=225&w=225,
296186804,Colman's Horseradish Sauce 136G,https://www.tesco.com/groceries/en-GB/shop/food-cupboard/all?department=Christmas%20Food%20Cupboard&viewAll=department&page=,£1.50,£1.11/100g,£1.00 Clubcard Price,,/groceries/en-GB/products/296186804,https://digitalcontent.api.tesco.com/v2/media/ghs/6b1c5e28-fad8-4be5-95d5-c9af53ccf8b8/7173e9c5-b1b8-4caf-a927-6ebc8ca8054d_936650632.jpeg?h=225&w=225,
296186862,Colman's Mint Sauce 165G,https://www.tesco.com/groceries/en-GB/shop/food-cupboard/all?department=Christmas%20Food%20Cupboard&viewAll=department&page=,£1.50,£0.91/100g,£1.00 Clubcard Price,,/groceries/en-GB/products/296186862,https://digitalcontent.api.tesco.com/v2/media/ghs/76668743-f261-4295-8365-8364f97dd5e4/395382d2-b545-416c-bbb4-e6c4a8fe15ec_475560144.jpeg?h=225&w=225,
273952198,Knorr Rich Beef Stock Pot 4 X 28G,https://www.tesco.com/groceries/en-GB/shop/food-cupboard/all?department=Christmas%20Food%20Cupboard&viewAll=department&page=,£1.65,£1.48/100g,,,/groceries/en-GB/products/273952198,https://digitalcontent.api.tesco.com/v2/media/ghs/eb689565-7b3d-47f6-9487-7071153e4cff/931dfc9b-e1c5-4168-b0fd-61ff5e510968_2031223909.jpeg?h=225&w=225,
299667778,Paxo Sage & Onion Stuffing Mix 170G,https://www.tesco.com/groceries/en-GB/shop/food-cupboard/all?department=Christmas%20Food%20Cupboard&viewAll=department&page=,£1.70,£1.00/100g,£1.50 Clubcard Price,,/groceries/en-GB/products/299667778,https://digitalcontent.api.tesco.com/v2/media/ghs/d9476271-bedb-4cbf-8278-e74832bf7242/2b2044df-ea24-4a5e-ab71-49b078713b97_1820801068.jpeg?h=225&w=225,
256632303,Branston Pickle 360G,https://www.tesco.com/groceries/en-GB/shop/food-cupboard/all?department=Christmas%20Food%20Cupboard&viewAll=department&page=,£1.60,£0.44/100g,,,/groceries/en-GB/products/256632303,https://digitalcontent.api.tesco.com/v2/media/ghs/651b225a-c57f-49a8-8c32-409fc0612fe3/e634cca5-e4ea-4acf-9f52-3e12ef83c96c_741446452.jpeg?h=225&w=225,
256633210,Branston Small Chunk Pickle 360G,https://www.tesco.com/groceries/en-GB/shop/food-cupboard/all?department=Christmas%20Food%20Cupboard&viewAll=department&page=,£1.60,£0.44/100g,,,/groceries/en-GB/products/256633210,https://digitalcontent.api.tesco.com/v2/media/ghs/6706df23-9f01-4d4f-9157-71a2278e0944/e9b56148-18d3-4de6-9d16-91ba25d93137_920672077.jpeg?h=225&w=225,
255055901,Baxters Baby Beetroot 567G,https://www.tesco.com/groceries/en-GB/shop/food-cupboard/all?department=Christmas%20Food%20Cupboard&viewAll=department&page=,£2.00,£0.49/100g DR.WT,£1.25 Clubcard Price,,/groceries/en-GB/products/255055901,https://digitalcontent.api.tesco.com/v2/media/ghs/af295784-a05e-4ccb-932d-4f925d74edbb/37390f52-267b-433b-864a-b900e30931d3_1748349684.jpeg?h=225&w=225,
259338780,Knorr Chicken Stock Pot 4 X 28G,https://www.tesco.com/groceries/en-GB/shop/food-cupboard/all?department=Christmas%20Food%20Cupboard&viewAll=department&page=,£1.65,£1.48/100g,,,/groceries/en-GB/products/259338780,https://digitalcontent.api.tesco.com/v2/media/ghs/849bd253-e2ad-44f0-903a-d3bb76e633c9/cf00886e-f0d3-4901-926a-010e02cc3040_1500787654.jpeg?h=225&w=225,
259339243,Knorr Vegetable Stock Pot 4 X 28G,https://www.tesco.com/groceries/en-GB/shop/food-cupboard/all?department=Christmas%20Food%20Cupboard&viewAll=department&page=,£1.65,£1.48/100g,,,/groceries/en-GB/products/259339243,https://digitalcontent.api.tesco.com/v2/media/ghs/8fd14803-239f-4f06-b357-73bdc2edbf12/8099c72a-5fa0-408e-a56e-9a6ab25c0f23_1468039547.jpeg?h=225&w=225,
271266178,Ocean Spray Smooth Cranberry Sauce 250G,https://www.tesco.com/groceries/en-GB/shop/food-cupboard/all?department=Christmas%20Food%20Cupboard&viewAll=department&page=,£1.55,£0.62/100g,£1.00 Clubcard Price,,/groceries/en-GB/products/271266178,https://digitalcontent.api.tesco.com/v2/media/ghs/fdc6be0e-33fd-454b-8cf6-2940684c8b24/0c764e59-f5f5-4604-a212-a13b435032e3_1595312691.jpeg?h=225&w=225,
271266005,Ocean Spray Whole Berry Cranberry Sauce 250G,https://www.tesco.com/groceries/en-GB/shop/food-cupboard/all?department=Christmas%20Food%20Cupboard&viewAll=department&page=,£1.55,£0.62/100g,£1.00 Clubcard Price,,/groceries/en-GB/products/271266005,https://digitalcontent.api.tesco.com/v2/media/ghs/8e4a3674-9add-4a28-9695-df6c4669b96c/82ca5543-c63e-4453-a9d7-8affe3f39abf_1151478919.jpeg?h=225&w=225,
309471838,Tesco Duck Fat 320G,https://www.tesco.com/groceries/en-GB/shop/food-cupboard/all?department=Christmas%20Food%20Cupboard&viewAll=department&page=,£3.95,£1.24/100g,,,/groceries/en-GB/products/309471838,https://digitalcontent.api.tesco.com/v2/media/ghs/0f6b6545-a003-4103-a100-070555ad36b5/280e920e-037c-42b1-b31c-dfee835861b8_1327574198.jpeg?h=225&w=225,
306932120,Tesco Finest French Brandy Marzipan 500G,https://www.tesco.com/groceries/en-GB/shop/food-cupboard/all?department=Christmas%20Food%20Cupboard&viewAll=department&page=,£3.50,£0.70/100g,,,/groceries/en-GB/products/306932120,https://digitalcontent.api.tesco.com/v2/media/ghs/74f98e55-9ffb-4f11-a052-0bc2e1524f4d/8373a992-540e-4b5e-a8af-6eb2d2248fbd_1320667247.jpeg?h=225&w=225,
300345916,Tesco Finest Salted Caramel Sauce 250G,https://www.tesco.com/groceries/en-GB/shop/food-cupboard/all?department=Christmas%20Food%20Cupboard&viewAll=department&page=,£2.90,£1.16/100g,,,/groceries/en-GB/products/300345916,https://digitalcontent.api.tesco.com/v2/media/ghs/fb3df02e-a01d-4da6-9972-2705096a16e6/50a55577-7209-46cf-ab6b-f94717dd1d71_764920527.jpeg?h=225&w=225,
311950154,Dr. Oetker Reindeer Cheer Sprinkles 115G,https://www.tesco.com/groceries/en-GB/shop/food-cupboard/all?department=Christmas%20Food%20Cupboard&viewAll=department&page=,£2.30,£20.00/kg,,New,/groceries/en-GB/products/311950154,https://digitalcontent.api.tesco.com/v2/media/ghs/50335fbe-0bea-4137-8c5e-7cd68b2ceb01/440dc872-5338-416a-9d9d-c33bbfb29ddc_2000646229.jpeg?h=225&w=225,
288794183,Tesco Finest Sage & Red Onion Stuffing 130G,https://www.tesco.com/groceries/en-GB/shop/food-cupboard/all?department=Christmas%20Food%20Cupboard&viewAll=department&page=,£1.90,£14.62/kg,,,/groceries/en-GB/products/288794183,https://digitalcontent.api.tesco.com/v2/media/ghs/a5c101f4-6d54-4cb4-a9af-cdc971fc5b02/066a64fa-c404-46e9-91d1-d347ee158389_404288158.jpeg?h=225&w=225,
271754096,Gressingham Duck Fat 250G,https://www.tesco.com/groceries/en-GB/shop/food-cupboard/all?department=Christmas%20Food%20Cupboard&viewAll=department&page=,£3.00,£12.00/kg,,,/groceries/en-GB/products/271754096,https://digitalcontent.api.tesco.com/v2/media/ghs/82ffdd74-1ea4-47cf-9897-fb74bc73a0ad/4c27d801-c196-457b-8960-d50722e4e790_672753737.jpeg?h=225&w=225,
288805713,Tesco Finest Apple & Cranberry Stuffing Mix 130G,https://www.tesco.com/groceries/en-GB/shop/food-cupboard/all?department=Christmas%20Food%20Cupboard&viewAll=department&page=,£1.90,£14.62/kg,,,/groceries/en-GB/products/288805713,https://digitalcontent.api.tesco.com/v2/media/ghs/3ea08e3f-cff6-4293-977d-309f57c2afbd/76340235-afd1-4814-b75b-3ea60aaa8bb8_1112590000.jpeg?h=225&w=225,
312221152,Dr. Oetker Christmas Mix Sprinkles 76G,https://www.tesco.com/groceries/en-GB/shop/food-cupboard/all?department=Christmas%20Food%20Cupboard&viewAll=department&page=,£2.30,£30.27/kg,,New,/groceries/en-GB/products/312221152,https://digitalcontent.api.tesco.com/v2/media/ghs/9105cafc-6c3d-418a-b6f5-01422fb3a497/00c70e2a-035a-47dc-98ee-fe904fe9bd18_1192808785.jpeg?h=225&w=225,
273236211,Tesco Finest Hollandaise Sauce 165G,https://www.tesco.com/groceries/en-GB/shop/food-cupboard/all?department=Christmas%20Food%20Cupboard&viewAll=department&page=,£1.85,£1.13/100g,,,/groceries/en-GB/products/273236211,https://digitalcontent.api.tesco.com/v2/media/ghs/69b4718d-1218-4214-aa4d-a0cd4c7bdd19/snapshotimagehandler_1965530057.jpeg?h=225&w=225,
279250092,Tesco Finest Tartare Sauce 175G,https://www.tesco.com/groceries/en-GB/shop/food-cupboard/all?department=Christmas%20Food%20Cupboard&viewAll=department&page=,£1.75,£1.00/100g,,,/groceries/en-GB/products/279250092,https://digitalcontent.api.tesco.com/v2/media/ghs/a7d45593-cbe3-4f86-bc48-34ef9dc179d9/ed02c086-055d-4366-91eb-ac19783c4774_261949828.jpeg?h=225&w=225,
278906004,Tesco Ready Rolled Marzipan 400G,https://www.tesco.com/groceries/en-GB/shop/food-cupboard/all?department=Christmas%20Food%20Cupboard&viewAll=department&page=,£3.00,£0.75/100g,,,/groceries/en-GB/products/278906004,https://digitalcontent.api.tesco.com/v2/media/ghs/c5ced920-29d6-4843-8247-7e2ef6f74da7/26cf4291-793c-4a8a-afd1-b997bd51cb97_1282041374.jpeg?h=225&w=225,
312834671,Hazelmere Goose Fat Blend With Beef Drippin220g,https://www.tesco.com/groceries/en-GB/shop/food-cupboard/all?department=Christmas%20Food%20Cupboard&viewAll=department&page=,£2.10,£9.55/kg,,,/groceries/en-GB/products/312834671,https://digitalcontent.api.tesco.com/v2/media/ghs/101e4396-2ea9-478a-9960-ae8a584fd762/d2eb3210-c3ae-4945-a6de-b0d3a987c75c_993077973.jpeg?h=225&w=225,
312217895,Bisto Best Lamb Gravy 230G,https://www.tesco.com/groceries/en-GB/shop/food-cupboard/all?department=Christmas%20Food%20Cupboard&viewAll=department&page=,£2.95,£1.29/100g,£2.50 Clubcard Price,,/groceries/en-GB/products/312217895,https://digitalcontent.api.tesco.com/v2/media/ghs/56d4bc49-0b4b-4b5a-918b-4cc336396a55/4daceac3-0323-4c1a-826d-db7a8de24e4f_589601363.jpeg?h=225&w=225,
312098775,Bisto Best Vegetable Gravy 230G,https://www.tesco.com/groceries/en-GB/shop/food-cupboard/all?department=Christmas%20Food%20Cupboard&viewAll=department&page=,£2.95,£1.29/100g,£2.50 Clubcard Price,,/groceries/en-GB/products/312098775,https://digitalcontent.api.tesco.com/v2/media/ghs/1f58f302-2307-4058-97ec-dd4fc0901d32/28242e61-c1bd-4b6d-8677-ae80ea034844_1073491427.jpeg?h=225&w=225,
278757047,Tesco Finest Vegetable Stock 450Ml,https://www.tesco.com/groceries/en-GB/shop/food-cupboard/all?department=Christmas%20Food%20Cupboard&viewAll=department&page=,£1.75,£0.39/100ml,,,/groceries/en-GB/products/278757047,https://digitalcontent.api.tesco.com/v2/media/ghs/03eb0e42-bfa9-4f04-9b21-5688b7af13ff/50798272-cb1a-417c-aff3-47708994d2ec_1714206720.jpeg?h=225&w=225,
279232684,Tesco Finest British Bramley Apple Sauce With Cider 200G,https://www.tesco.com/groceries/en-GB/shop/food-cupboard/all?department=Christmas%20Food%20Cupboard&viewAll=department&page=,£1.75,£0.88/100g,,,/groceries/en-GB/products/279232684,https://digitalcontent.api.tesco.com/v2/media/ghs/99f4167e-0242-4412-8e3b-8802aec4a7a8/5f41b534-faff-428c-9132-9fa59a71b8b8_850104204.jpeg?h=225&w=225,
311957043,Dr.Oetker 4 Christmas Glittery Coloured Decorating Icing76g,https://www.tesco.com/groceries/en-GB/shop/food-cupboard/all?department=Christmas%20Food%20Cupboard&viewAll=department&page=,£2.00,£26.32/kg,,New,/groceries/en-GB/products/311957043,https://digitalcontent.api.tesco.com/v2/media/ghs/6e985e6e-a93d-4bf4-a5d2-6b3ec5d35a26/85098f02-3945-47af-abd3-288d1db7dd34_234226752.jpeg?h=225&w=225,
309458354,Tesco Finest Cooking Dark Chocolate 100G,https://www.tesco.com/groceries/en-GB/shop/food-cupboard/all?department=Christmas%20Food%20Cupboard&viewAll=department&page=,£1.50,£1.50/100g,,,/groceries/en-GB/products/309458354,https://digitalcontent.api.tesco.com/v2/media/ghs/e8e1295b-beff-4a85-a931-61fc38ccee04/60095a2f-5eb5-4d28-a1ca-3bcecd98b3e1_1573287746.jpeg?h=225&w=225,
278757151,Tesco Finest Beef Stock 450Ml,https://www.tesco.com/groceries/en-GB/shop/food-cupboard/all?department=Christmas%20Food%20Cupboard&viewAll=department&page=,£1.75,£0.39/100ml,,,/groceries/en-GB/products/278757151,https://digitalcontent.api.tesco.com/v2/media/ghs/8534b6ae-09df-4be1-9566-e937d0147ca1/ca81c864-255f-46e8-b172-6df6e86f4cd7_234702079.jpeg?h=225&w=225,
250535664,Tesco Ready To Roll Fondant Icing 500G,https://www.tesco.com/groceries/en-GB/shop/food-cupboard/all?department=Christmas%20Food%20Cupboard&viewAll=department&page=,£1.65,£0.33/100g,,,/groceries/en-GB/products/250535664,https://digitalcontent.api.tesco.com/v2/media/ghs/5801fac4-ab8a-4176-b60c-af5c2e39c897/9b49117a-452d-4a51-ae56-9325dc725300_798058006.jpeg?h=225&w=225,
311949675,Heinz Seriously Good Vegan Mayonnaise 775G,https://www.tesco.com/groceries/en-GB/shop/food-cupboard/all?department=Christmas%20Food%20Cupboard&viewAll=department&page=,£3.30,£0.43/100g,,,/groceries/en-GB/products/311949675,https://digitalcontent.api.tesco.com/v2/media/ghs/ba6c2bc0-9c05-4f4c-a3ed-10053a9c46f1/4fd516ab-9a08-4dfb-820b-a1f6c1000f8b_743117520.jpeg?h=225&w=225,
309496256,Branston Piccalilli 360G,https://www.tesco.com/groceries/en-GB/shop/food-cupboard/all?department=Christmas%20Food%20Cupboard&viewAll=department&page=,£1.49,£0.41/100g,Aldi Price Match,,/groceries/en-GB/products/309496256,https://digitalcontent.api.tesco.com/v2/media/ghs/3eaf6531-c4e8-4a0a-9b8a-b2f736ed7063/62ed5dac-295a-4ee5-92d2-e34779f17d33_103124419.jpeg?h=225&w=225,
280517456,Tesco Finest Beef Gravy 350Ml,https://www.tesco.com/groceries/en-GB/shop/food-cupboard/all?department=Christmas%20Food%20Cupboard&viewAll=department&page=,£1.75,£0.50/100ml,,,/groceries/en-GB/products/280517456,https://digitalcontent.api.tesco.com/v2/media/ghs/ed779d1e-064d-48c1-8ec3-48035e40afa1/3ffd43b4-70ff-497e-a7c9-46741148b1e6_1763807017.jpeg?h=225&w=225,
309458187,Tesco Organic Flaked Almonds 100G,https://www.tesco.com/groceries/en-GB/shop/food-cupboard/all?department=Christmas%20Food%20Cupboard&viewAll=department&page=,£2.30,£23.00/kg,,,/groceries/en-GB/products/309458187,https://digitalcontent.api.tesco.com/v2/media/ghs/30cc048f-aa54-4b37-b2ff-9592cac1a91f/82214ef4-a100-4c8a-a725-5ff0d4f6b3c9_1700445309.jpeg?h=225&w=225,
251776273,Garners Original Pickled Onions 454G,https://www.tesco.com/groceries/en-GB/shop/food-cupboard/all?department=Christmas%20Food%20Cupboard&viewAll=department&page=,£3.00,£1.31/100g DR.WT,£2.50 Clubcard Price,,/groceries/en-GB/products/251776273,https://digitalcontent.api.tesco.com/v2/media/ghs/163b3ffe-43b4-48f0-82e9-268bd6f75168/98ccbb5d-d99c-44a9-ae1a-8ff2e42c6b6e_1558960247.jpeg?h=225&w=225,
307141461,Tesco Finest Spiced Apple & Pear Chutney 220G,https://www.tesco.com/groceries/en-GB/shop/food-cupboard/all?department=Christmas%20Food%20Cupboard&viewAll=department&page=,£1.50,£0.68/100g,,,/groceries/en-GB/products/307141461,https://digitalcontent.api.tesco.com/v2/media/ghs/853a289a-3b1b-4ff4-a9e7-39dec7bab442/b8d888f8-f49c-4b19-a9a7-d8ad0d5b3658_379001241.jpeg?h=225&w=225,
309208720,Tesco Finest Fig & Balsamic Chutney 210G,https://www.tesco.com/groceries/en-GB/shop/food-cupboard/all?department=Christmas%20Food%20Cupboard&viewAll=department&page=,£1.50,£0.72/100g,,,/groceries/en-GB/products/309208720,https://digitalcontent.api.tesco.com/v2/media/ghs/89ac6be8-7569-4ea8-b256-44a5a9171427/99033ca1-518d-4c9e-966c-036c0f90218f_2042164028.jpeg?h=225&w=225,
312347395,Cake Decor Festive Figure Assortment,https://www.tesco.com/groceries/en-GB/shop/food-cupboard/all?department=Christmas%20Food%20Cupboard&viewAll=department&page=,£1.50,£1.50/each,,New,/groceries/en-GB/products/312347395,https://digitalcontent.api.tesco.com/v2/media/ghs/63f6f19d-ce51-4f74-94e8-14bd0202b699/c0974fbf-513f-4422-8ff8-9e4f601d2fea_1223368902.jpeg?h=225&w=225,
305042610,Tesco Finest Sweet Tomato & Birds Eye Chilli Chutney 220G,https://www.tesco.com/groceries/en-GB/shop/food-cupboard/all?department=Christmas%20Food%20Cupboard&viewAll=department&page=,£1.50,£0.68/100g,,,/groceries/en-GB/products/305042610,https://digitalcontent.api.tesco.com/v2/media/ghs/5a41f3d4-1782-46f5-bd7a-0fbe081fdc10/128ce220-32b0-446a-bacc-ea3a5a3fd282_433459423.jpeg?h=225&w=225,
309473069,Bisto Vegetable Gravy Granules 190G,https://www.tesco.com/groceries/en-GB/shop/food-cupboard/all?department=Christmas%20Food%20Cupboard&viewAll=department&page=,£2.00,£1.06/100g,£1.50 Clubcard Price,,/groceries/en-GB/products/309473069,https://digitalcontent.api.tesco.com/v2/media/ghs/9bbd9299-cfad-482c-9eb7-018c99a1650f/c582b68c-770d-444e-9908-22f0f32d27ab_796346261.jpeg?h=225&w=225,
305979475,Oxo 12 Meat Free Stock Cubes Beef Flavour 71G,https://www.tesco.com/groceries/en-GB/shop/food-cupboard/all?department=Christmas%20Food%20Cupboard&viewAll=department&page=,£1.75,£2.47/100g,£1.50 Clubcard Price,,/groceries/en-GB/products/305979475,https://digitalcontent.api.tesco.com/v2/media/ghs/0a689523-8092-4ade-9e24-a278f4a0d46f/70b1b580-7938-461d-9fbe-3a7672d75631_1555429910.jpeg?h=225&w=225,
312213677,Dr. Oetker 12 Dark Chocolate Christmas Trees 25G,https://www.tesco.com/groceries/en-GB/shop/food-cupboard/all?department=Christmas%20Food%20Cupboard&viewAll=department&page=,£1.80,£72.00/kg,,New,/groceries/en-GB/products/312213677,https://digitalcontent.api.tesco.com/v2/media/ghs/01843841-47c4-443e-ae1d-3cf4f1ffde2f/d2ab8392-3595-406a-8481-4b1491d47e42_1383481695.jpeg?h=225&w=225,
296186840,Colman's Seafood Sauce 155G,https://www.tesco.com/groceries/en-GB/shop/food-cupboard/all?department=Christmas%20Food%20Cupboard&viewAll=department&page=,£1.50,£0.97/100g,£1.00 Clubcard Price,,/groceries/en-GB/products/296186840,https://digitalcontent.api.tesco.com/v2/media/ghs/24519c3c-0000-4e9e-bc9c-9f1551a54524/bb8894fe-826e-417f-9235-0f2e8c883559_535768344.jpeg?h=225&w=225,
309179920,Bisto Turkey Gravy Granules 190G,https://www.tesco.com/groceries/en-GB/shop/food-cupboard/all?department=Christmas%20Food%20Cupboard&viewAll=department&page=,£2.00,£1.06/100g,£1.50 Clubcard Price,,/groceries/en-GB/products/309179920,https://digitalcontent.api.tesco.com/v2/media/ghs/d2a1f3ce-ada0-416e-a0f5-a4b87684677c/c00d06fb-6b67-4906-8497-7078bde6982a_1100271132.jpeg?h=225&w=225,
285047249,Tesco Finest Turkey Gravy 350Ml,https://www.tesco.com/groceries/en-GB/shop/food-cupboard/all?department=Christmas%20Food%20Cupboard&viewAll=department&page=,£1.75,£0.50/100ml,,,/groceries/en-GB/products/285047249,https://digitalcontent.api.tesco.com/v2/media/ghs/b132f22c-ce8a-42a3-a6f6-a0a17bbb46bd/snapshotimagehandler_1341212161.jpeg?h=225&w=225,
305438160,Tesco Finest Mango Apricot & Coriander Chutney 220G,https://www.tesco.com/groceries/en-GB/shop/food-cupboard/all?department=Christmas%20Food%20Cupboard&viewAll=department&page=,£1.50,£0.68/100g,,,/groceries/en-GB/products/305438160,https://digitalcontent.api.tesco.com/v2/media/ghs/844cfc78-d6be-4ac0-85f0-67a2b8b87c75/942bd9fb-6428-4470-9e76-1267b9625f12_110504532.jpeg?h=225&w=225,
311668687,Tesco Ready Rolled Sweet Shortcrust Pastry 320G,https://www.tesco.com/groceries/en-GB/shop/food-cupboard/all?department=Christmas%20Food%20Cupboard&viewAll=department&page=,£1.60,£0.50/100g,,New,/groceries/en-GB/products/311668687,https://digitalcontent.api.tesco.com/v2/media/ghs/f3841e38-3e8b-4770-a058-e4d78630a70c/44fde42c-5df8-4a2a-ba7f-8dad0ecd3920.jpeg?h=225&w=225,
312343027,Cake Decor 12 Festive Sugar Cake Decorations,https://www.tesco.com/groceries/en-GB/shop/food-cupboard/all?department=Christmas%20Food%20Cupboard&viewAll=department&page=,£1.50,£0.12/each,,New,/groceries/en-GB/products/312343027,https://digitalcontent.api.tesco.com/v2/media/ghs/15ff46a4-2f15-4bd7-9931-04abd3701218/7ad939d5-b96f-49f7-a123-7caf4fa48147_330348650.jpeg?h=225&w=225,
307733544,Tesco Finest British Beef & Red Onion Gravy Granules 200G,https://www.tesco.com/groceries/en-GB/shop/food-cupboard/all?department=Christmas%20Food%20Cupboard&viewAll=department&page=,£1.65,£0.82/100g,,,/groceries/en-GB/products/307733544,https://digitalcontent.api.tesco.com/v2/media/ghs/569be6a4-ea1b-4770-b345-b1d57f620ed0/02a4f2ca-b801-4a0c-bc05-3a960776d58d_1383854386.jpeg?h=225&w=225,
307758970,Tesco Finest British Chicken Sage & Onion Gravy Granules 200G,https://www.tesco.com/groceries/en-GB/shop/food-cupboard/all?department=Christmas%20Food%20Cupboard&viewAll=department&page=,£1.65,£0.82/100g,,,/groceries/en-GB/products/307758970,https://digitalcontent.api.tesco.com/v2/media/ghs/0777dfa9-9350-42dc-b1a8-f51aac05a4e3/35fb72e5-6a77-4f97-aae7-ef2ddbdf13b6_1429513742.jpeg?h=225&w=225,
310143541,Paxo Low Salt Sage & Onion Stuffing Mix 170G,https://www.tesco.com/groceries/en-GB/shop/food-cupboard/all?department=Christmas%20Food%20Cupboard&viewAll=department&page=,£1.70,£10.00/kg,,,/groceries/en-GB/products/310143541,https://digitalcontent.api.tesco.com/v2/media/ghs/525ac6aa-9900-462e-9649-cda0bf5cdf38/799e5615-456a-4192-b860-5d07455c91d2_2040559068.jpeg?h=225&w=225,
304788472,Paxo Chestnut & Cranberry Stuffing Mix 170G,https://www.tesco.com/groceries/en-GB/shop/food-cupboard/all?department=Christmas%20Food%20Cupboard&viewAll=department&page=,£1.70,£10.00/kg,£1.50 Clubcard Price,,/groceries/en-GB/products/304788472,https://digitalcontent.api.tesco.com/v2/media/ghs/a6991fc9-3547-4b63-80a8-53ba8476a361/8ed1d5be-d784-47c4-b7b5-e0662240d026_1906626866.jpeg?h=225&w=225,
313160573,Paxo Turkey & Bacon Flavour Stuffing Mix 170G,https://www.tesco.com/groceries/en-GB/shop/food-cupboard/all?department=Christmas%20Food%20Cupboard&viewAll=department&page=,£1.50,£8.83/kg,,,/groceries/en-GB/products/313160573,https://digitalcontent.api.tesco.com/v2/media/ghs/8a8ed297-6ce5-4799-9340-a5312261f985/ad0e67a0-e274-4117-8569-f19ad7d7b7d5_412852217.jpeg?h=225&w=225,
305047518,Tesco Plant Chef Vegan Mayonnaise 270G,https://www.tesco.com/groceries/en-GB/shop/food-cupboard/all?department=Christmas%20Food%20Cupboard&viewAll=department&page=,£0.80,£0.30/100g,,,/groceries/en-GB/products/305047518,https://digitalcontent.api.tesco.com/v2/media/ghs/5dc6b766-6304-4246-b934-881d9e7f0cb3/cf625e06-a88e-4ef2-9cfc-1b757997728f_1906331415.jpeg?h=225&w=225,
309449250,Tesco Organic Cranberries 100G,https://www.tesco.com/groceries/en-GB/shop/food-cupboard/all?department=Christmas%20Food%20Cupboard&viewAll=department&page=,£2.50,£25.00/kg,,,/groceries/en-GB/products/309449250,https://digitalcontent.api.tesco.com/v2/media/ghs/2c82a3e1-16e8-48f6-ae34-55ac4b4981a6/01e2f307-041d-4f0b-b095-09407140812b_2055194435.jpeg?h=225&w=225,
309485678,Tesco Finest Caramel For Baking 400G,https://www.tesco.com/groceries/en-GB/shop/food-cupboard/all?department=Christmas%20Food%20Cupboard&viewAll=department&page=,£3.00,£0.75/100g,,,/groceries/en-GB/products/309485678,https://digitalcontent.api.tesco.com/v2/media/ghs/7094e843-5bc6-45aa-94c4-8b759a6d5852/80245593-1acb-413f-b1fc-a53fda04f7fa_530952229.jpeg?h=225&w=225,
309473617,Tesco Organic Walnut Pieces 100G,https://www.tesco.com/groceries/en-GB/shop/food-cupboard/all?department=Christmas%20Food%20Cupboard&viewAll=department&page=,£2.30,£23.00/kg,,,/groceries/en-GB/products/309473617,https://digitalcontent.api.tesco.com/v2/media/ghs/51e55f37-4c3c-4c57-b9b3-e7f807081073/92f085ea-7133-4f14-bedd-952cb9ff41dd_289262920.jpeg?h=225&w=225,
284932948,Garners Pickled Cabbage 454G,https://www.tesco.com/groceries/en-GB/shop/food-cupboard/all?department=Christmas%20Food%20Cupboard&viewAll=department&page=,£3.50,£1.85/100g DR.WT,£2.50 Clubcard Price,,/groceries/en-GB/products/284932948,https://digitalcontent.api.tesco.com/v2/media/ghs/2d06c965-804b-484b-806e-13eb951e139d/13beb720-786f-46f8-8eaf-16f561eaebdc_123481944.jpeg?h=225&w=225,
312093089,Cake Decor Christmas Snowman Cupcake Kit 233G,https://www.tesco.com/groceries/en-GB/shop/food-cupboard/all?department=Christmas%20Food%20Cupboard&viewAll=department&page=,£2.50,£10.73/kg,,,/groceries/en-GB/products/312093089,https://digitalcontent.api.tesco.com/v2/media/ghs/4e1c3456-e31a-403c-a0eb-5a05baf08372/002da2c8-ddd6-47b6-9847-0e1824909887_1348745548.jpeg?h=225&w=225,
311782312,Cake Decor Christmas Jumper Biscuit Kit 194G,https://www.tesco.com/groceries/en-GB/shop/food-cupboard/all?department=Christmas%20Food%20Cupboard&viewAll=department&page=,£2.50,£12.89/kg,,,/groceries/en-GB/products/311782312,https://digitalcontent.api.tesco.com/v2/media/ghs/f26d47a9-47b7-47a5-81fa-ac11afe02050/97ef97e0-d083-4ece-b0f8-bee80e7abc61_1084021258.jpeg?h=225&w=225,
273235765,Tesco Finest Bearnaise Sauce 165G,https://www.tesco.com/groceries/en-GB/shop/food-cupboard/all?department=Christmas%20Food%20Cupboard&viewAll=department&page=,£1.85,£1.13/100g,,,/groceries/en-GB/products/273235765,https://digitalcontent.api.tesco.com/v2/media/ghs/1d1368d6-8eef-4ecb-8941-c3eb82058379/5249113d-627e-4ff3-bd89-2a0ff1c471ee_1010711397.jpeg?h=225&w=225,
309471124,Tesco Finest Madagascan Vanilla Frosting 400G,https://www.tesco.com/groceries/en-GB/shop/food-cupboard/all?department=Christmas%20Food%20Cupboard&viewAll=department&page=,£2.30,£0.58/100g,,,/groceries/en-GB/products/309471124,https://digitalcontent.api.tesco.com/v2/media/ghs/e1f2b850-1736-444c-98c6-b2ef257bfea5/b2120ef0-bcf2-4e47-9a1c-da8f4520002f_1680607930.jpeg?h=225&w=225,
309748063,Garner's Pickled Cauliflower With Ginger & Turmeric 450G,https://www.tesco.com/groceries/en-GB/shop/food-cupboard/all?department=Christmas%20Food%20Cupboard&viewAll=department&page=,£3.00,£1.43/100g DR.WT,£2.50 Clubcard Price,,/groceries/en-GB/products/309748063,https://digitalcontent.api.tesco.com/v2/media/ghs/520b5190-d8d6-4a6d-9a0b-bd29709774e9/8893a46c-8ffb-46cb-ae4e-58d5bf42ab48_2092935948.jpeg?h=225&w=225,
306953354,Tesco Finest Chocolate & Brazilian Orange Frosting 400G,https://www.tesco.com/groceries/en-GB/shop/food-cupboard/all?department=Christmas%20Food%20Cupboard&viewAll=department&page=,£2.30,£0.58/100g,,,/groceries/en-GB/products/306953354,https://digitalcontent.api.tesco.com/v2/media/ghs/db2f52c3-da5a-44b8-a923-4452628dac8e/e6d74169-e402-46a1-a9c3-11249a014975_1503362258.jpeg?h=225&w=225,
306937443,Tesco Finest Belgian Chocolate Ganache 400G,https://www.tesco.com/groceries/en-GB/shop/food-cupboard/all?department=Christmas%20Food%20Cupboard&viewAll=department&page=,£3.00,£0.75/100g,,,/groceries/en-GB/products/306937443,https://digitalcontent.api.tesco.com/v2/media/ghs/71648937-6c5a-443d-8b85-bd09f300773e/97b69281-45ff-4f75-addb-f47d38f1fbd0_1241602739.jpeg?h=225&w=225,
309745947,Garner's Pickled Red Onion In Blueberry Vinegar 440G,https://www.tesco.com/groceries/en-GB/shop/food-cupboard/all?department=Christmas%20Food%20Cupboard&viewAll=department&page=,£3.00,£1.50/100g DR.WT,£2.50 Clubcard Price,,/groceries/en-GB/products/309745947,https://digitalcontent.api.tesco.com/v2/media/ghs/cf8ea368-4f6a-42b4-aa27-6efc6116bc84/12f22d1a-d178-4d3d-865b-c331662705e0_1273433690.jpeg?h=225&w=225,
275974825,Dr Oetker Giant Chocolate Stars 20G,https://www.tesco.com/groceries/en-GB/shop/food-cupboard/all?department=Christmas%20Food%20Cupboard&viewAll=department&page=,£1.80,£9.00/100g,,,/groceries/en-GB/products/275974825,https://digitalcontent.api.tesco.com/v2/media/ghs/a9773f5b-ae90-474e-9b10-f906ff53ceb8/73c257e7-221e-4570-a786-ce29584c66f3_742005190.jpeg?h=225&w=225,
301065065,Tesco Finest Aioli 165G,https://www.tesco.com/groceries/en-GB/shop/food-cupboard/all?department=Christmas%20Food%20Cupboard&viewAll=department&page=,£2.10,£1.28/100g,,,/groceries/en-GB/products/301065065,https://digitalcontent.api.tesco.com/v2/media/ghs/60cfb0d3-c1a3-4a8c-b70c-71bb8ff1862e/a982eb02-1058-422e-8248-7d416a1f9bf3_2141482719.jpeg?h=225&w=225,
309493609,Dr Oetker 12 Milk Chocolate Gold Pearls 36G,https://www.tesco.com/groceries/en-GB/shop/food-cupboard/all?department=Christmas%20Food%20Cupboard&viewAll=department&page=,£2.00,£5.56/100g,£1.50 Clubcard Price,,/groceries/en-GB/products/309493609,https://digitalcontent.api.tesco.com/v2/media/ghs/950dc223-a6fb-4ac8-baa7-e6e278a0fb5d/75cac67d-317c-46ff-86dc-9b354763005a_1241978483.jpeg?h=225&w=225,
307143453,Dr Oetker Decorating Icing Gold 50G,https://www.tesco.com/groceries/en-GB/shop/food-cupboard/all?department=Christmas%20Food%20Cupboard&viewAll=department&page=,£1.80,£3.60/100g,,,/groceries/en-GB/products/307143453,https://digitalcontent.api.tesco.com/v2/media/ghs/b27b2720-bb4c-4524-ac83-40080571239a/42e08d9d-b695-4f43-9fc8-c548b0528898_169276177.jpeg?h=225&w=225,
307143758,Dr. Oetker Decorating Icing White 50G,https://www.tesco.com/groceries/en-GB/shop/food-cupboard/all?department=Christmas%20Food%20Cupboard&viewAll=department&page=,£1.80,£3.60/100g,,,/groceries/en-GB/products/307143758,https://digitalcontent.api.tesco.com/v2/media/ghs/7e27dc16-d35d-4a79-b558-6a543c824bbf/19b70d42-a3cc-4266-a66b-b983986ddd48_81153653.jpeg?h=225&w=225,
311951308,Cake Decor Christmas Wafer Snowflakes 4G,https://www.tesco.com/groceries/en-GB/shop/food-cupboard/all?department=Christmas%20Food%20Cupboard&viewAll=department&page=,£1.50,£375.00/kg,,New,/groceries/en-GB/products/311951308,https://digitalcontent.api.tesco.com/v2/media/ghs/072a7a7a-9e23-4a6b-a843-c725a143ca8d/01fbeb52-16ad-4b81-a037-fc277d496e83_656323106.jpeg?h=225&w=225,
309488560,Tesco Finest Cooking Dark Chocolate Buttons 100G,https://www.tesco.com/groceries/en-GB/shop/food-cupboard/all?department=Christmas%20Food%20Cupboard&viewAll=department&page=,£1.00,£1.00/100g,,,/groceries/en-GB/products/309488560,https://digitalcontent.api.tesco.com/v2/media/ghs/163659c1-3f97-4f6e-a88e-962ee53013d1/a352b0bc-f754-4b3e-ac45-17c284ee2fc5_1204587293.jpeg?h=225&w=225,
266357101,Tesco Almonds 200G,https://www.tesco.com/groceries/en-GB/shop/food-cupboard/all?department=Dried%20Fruit%2C%20Nuts%2C%20Nutrient%20Powders%20%26%20Seeds&viewAll=department&page=,£2.65,£13.25/kg,,,/groceries/en-GB/products/266357101,https://digitalcontent.api.tesco.com/v2/media/ghs/529a5055-e55a-41ac-8d63-79343bc55723/9d303868-ede5-46d1-a563-7f410c3275f6.jpeg?h=225&w=225,
271074203,Tesco Cranberries 200G,https://www.tesco.com/groceries/en-GB/shop/food-cupboard/all?department=Dried%20Fruit%2C%20Nuts%2C%20Nutrient%20Powders%20%26%20Seeds&viewAll=department&page=,£2.50,£12.50/kg,,,/groceries/en-GB/products/271074203,https://digitalcontent.api.tesco.com/v2/media/ghs/b1718154-115a-48be-8e98-91d92265834c/3d42635a-ddc7-49ac-b9ed-51378fdacf07_1146292982.jpeg?h=225&w=225,
266375033,Tesco Mixed Nuts 200G,https://www.tesco.com/groceries/en-GB/shop/food-cupboard/all?department=Dried%20Fruit%2C%20Nuts%2C%20Nutrient%20Powders%20%26%20Seeds&viewAll=department&page=,£2.65,£13.25/kg,,,/groceries/en-GB/products/266375033,https://digitalcontent.api.tesco.com/v2/media/ghs/93d1f294-82e7-4194-a94c-d8acc52ac1c5/f374bfe3-c9af-439d-995f-a2f584f24622.jpeg?h=225&w=225,
299577245,Kp Original Salted Peanuts 250G,https://www.tesco.com/groceries/en-GB/shop/food-cupboard/all?department=Dried%20Fruit%2C%20Nuts%2C%20Nutrient%20Powders%20%26%20Seeds&viewAll=department&page=,£2.65,£10.60/kg,,,/groceries/en-GB/products/299577245,https://digitalcontent.api.tesco.com/v2/media/ghs/24087ae8-9dab-4865-8b41-4df2649115ae/3df67d51-102f-440c-87bd-3edf654674f3_1091342178.jpeg?h=225&w=225,
284982842,Bear Pure Fruit Yoyo Raspberry 5 X 20G,https://www.tesco.com/groceries/en-GB/shop/food-cupboard/all?department=Dried%20Fruit%2C%20Nuts%2C%20Nutrient%20Powders%20%26%20Seeds&viewAll=department&page=,£2.60,£2.60/100g,,,/groceries/en-GB/products/284982842,https://digitalcontent.api.tesco.com/v2/media/ghs/43808744-2b77-4631-97ef-4f432f62ca7e/72308951-54fe-434e-941e-f01c0d79a7dd_1638454971.jpeg?h=225&w=225,
254142569,Wholefood Pine Nuts 100G,https://www.tesco.com/groceries/en-GB/shop/food-cupboard/all?department=Dried%20Fruit%2C%20Nuts%2C%20Nutrient%20Powders%20%26%20Seeds&viewAll=department&page=,£3.60,£36.00/kg,,,/groceries/en-GB/products/254142569,https://digitalcontent.api.tesco.com/v2/media/ghs/46336145-69cc-4726-848d-97497593fb8e/517bcce8-aeb2-42af-9af8-aa9198d62b9c.jpeg?h=225&w=225,
302676947,Tesco Finest Medjool Dates 200G,https://www.tesco.com/groceries/en-GB/shop/food-cupboard/all?department=Dried%20Fruit%2C%20Nuts%2C%20Nutrient%20Powders%20%26%20Seeds&viewAll=department&page=,£2.50,£12.50/kg,,,/groceries/en-GB/products/302676947,https://digitalcontent.api.tesco.com/v2/media/ghs/dc17400b-4081-40c6-94b3-06078b097ae0/97b80587-f7a8-49ae-af50-6d2c1a7842af_49173485.jpeg?h=225&w=225,
299581619,Kp Dry Roasted Peanuts 250G,https://www.tesco.com/groceries/en-GB/shop/food-cupboard/all?department=Dried%20Fruit%2C%20Nuts%2C%20Nutrient%20Powders%20%26%20Seeds&viewAll=department&page=,£2.65,£10.60/kg,,,/groceries/en-GB/products/299581619,https://digitalcontent.api.tesco.com/v2/media/ghs/f199bb23-f680-4412-b81c-7241c999f2fb/d0f1cbae-f62b-49ec-8eb5-baaa1b7a39f4_759354615.jpeg?h=225&w=225,
255300888,Tesco Ready To Eat Prunes 500G,https://www.tesco.com/groceries/en-GB/shop/food-cupboard/all?department=Dried%20Fruit%2C%20Nuts%2C%20Nutrient%20Powders%20%26%20Seeds&viewAll=department&page=,£3.00,£6.00/kg,,,/groceries/en-GB/products/255300888,https://digitalcontent.api.tesco.com/v2/media/ghs/5ad45893-b8e5-4333-b844-b5b55b912bda/337cc469-aa71-4fcc-81d6-75f050336250_706374692.jpeg?h=225&w=225,
296546961,Tesco Walnuts 200G,https://www.tesco.com/groceries/en-GB/shop/food-cupboard/all?department=Dried%20Fruit%2C%20Nuts%2C%20Nutrient%20Powders%20%26%20Seeds&viewAll=department&page=,£2.65,£13.25/kg,,,/groceries/en-GB/products/296546961,https://digitalcontent.api.tesco.com/v2/media/ghs/38731b21-9dab-48ed-b7d2-07c97e956a49/95b44f7a-0d1a-4ceb-9cb6-fe80e1afab1f.jpeg?h=225&w=225,
253024187,Tesco Ready To Eat Apricots 500G,https://www.tesco.com/groceries/en-GB/shop/food-cupboard/all?department=Dried%20Fruit%2C%20Nuts%2C%20Nutrient%20Powders%20%26%20Seeds&viewAll=department&page=,£3.60,£7.20/kg,,,/groceries/en-GB/products/253024187,https://digitalcontent.api.tesco.com/v2/media/ghs/41850e9b-a0cd-42f3-8a23-d928a2b157b0/6a41a94f-f450-4093-86e7-1b800171df2b_269117068.jpeg?h=225&w=225,
300201309,Kp Original Salted Peanuts 415G,https://www.tesco.com/groceries/en-GB/shop/food-cupboard/all?department=Dried%20Fruit%2C%20Nuts%2C%20Nutrient%20Powders%20%26%20Seeds&viewAll=department&page=,£3.50,£8.44/kg,£3.00 Clubcard Price,,/groceries/en-GB/products/300201309,https://digitalcontent.api.tesco.com/v2/media/ghs/1cd8f51e-f18c-49b4-861f-94129e1e766e/9e9c2105-b42f-490b-b51b-3017e32ba607_680861242.jpeg?h=225&w=225,
271189177,Bear Strawberry Yoyo Multipack 5X20g,https://www.tesco.com/groceries/en-GB/shop/food-cupboard/all?department=Dried%20Fruit%2C%20Nuts%2C%20Nutrient%20Powders%20%26%20Seeds&viewAll=department&page=,£2.60,£2.60/100g,,,/groceries/en-GB/products/271189177,https://digitalcontent.api.tesco.com/v2/media/ghs/ea322aad-27c1-44a1-831f-44ab5ab503f1/fc788070-e294-43ec-8f1a-a797e0fa7ed7_1839729355.jpeg?h=225&w=225,
268419141,Tesco Unsalted Mixed Nuts 200G,https://www.tesco.com/groceries/en-GB/shop/food-cupboard/all?department=Dried%20Fruit%2C%20Nuts%2C%20Nutrient%20Powders%20%26%20Seeds&viewAll=department&page=,£2.00,£10.00/kg,,,/groceries/en-GB/products/268419141,https://digitalcontent.api.tesco.com/v2/media/ghs/e35f87d4-86e7-46ae-a2d2-817ea958abcc/5eeebabc-78ee-4b22-87d9-400f5f94e527_1693778421.jpeg?h=225&w=225,
274171043,Tesco Soft Pitted Dates 250G,https://www.tesco.com/groceries/en-GB/shop/food-cupboard/all?department=Dried%20Fruit%2C%20Nuts%2C%20Nutrient%20Powders%20%26%20Seeds&viewAll=department&page=,£1.85,£7.40/kg,,,/groceries/en-GB/products/274171043,https://digitalcontent.api.tesco.com/v2/media/ghs/f7d4b6cd-d1c4-4167-8f14-6c824fc91b38/a14cc0bf-5fbe-4be2-afa3-ec5eaebfd532.jpeg?h=225&w=225,
302202720,Fruit Bowl Yogurt Flakes Strawberry 5X21g,https://www.tesco.com/groceries/en-GB/shop/food-cupboard/all?department=Dried%20Fruit%2C%20Nuts%2C%20Nutrient%20Powders%20%26%20Seeds&viewAll=department&page=,£2.25,£2.15/100g,,,/groceries/en-GB/products/302202720,https://digitalcontent.api.tesco.com/v2/media/ghs/9cab1868-fe96-40d5-b485-e71891dcc6e2/40d1ff07-fcdf-437f-910c-08039ffac045_1177937983.jpeg?h=225&w=225,
254915329,Tesco Dried Mixed Fruit 500G,https://www.tesco.com/groceries/en-GB/shop/food-cupboard/all?department=Dried%20Fruit%2C%20Nuts%2C%20Nutrient%20Powders%20%26%20Seeds&viewAll=department&page=,£1.70,£3.40/kg,Any 2 for £3.20 Clubcard Price - Selected Tesco Dried Fruits 500g,,/groceries/en-GB/products/254915329,https://digitalcontent.api.tesco.com/v2/media/ghs/7766ec03-b16e-46d3-a5ed-2f9dce5ad739/46ccb740-0ae7-4900-9898-56c59189482b_1135221097.jpeg?h=225&w=225,
259169069,Tesco Sultanas 500G,https://www.tesco.com/groceries/en-GB/shop/food-cupboard/all?department=Dried%20Fruit%2C%20Nuts%2C%20Nutrient%20Powders%20%26%20Seeds&viewAll=department&page=,£1.80,£3.60/kg,Any 2 for £3.20 Clubcard Price - Selected Tesco Dried Fruits 500g,,/groceries/en-GB/products/259169069,https://digitalcontent.api.tesco.com/v2/media/ghs/2c0b8096-f437-462e-aba4-aba2ffbfd955/58449cd4-5a4a-4a5b-ab85-90070c037b0b_2024922141.jpeg?h=225&w=225,
268285067,Tesco Roasted &Salted Cashew Nuts 350G,https://www.tesco.com/groceries/en-GB/shop/food-cupboard/all?department=Dried%20Fruit%2C%20Nuts%2C%20Nutrient%20Powders%20%26%20Seeds&viewAll=department&page=,£4.00,£11.43/kg,,,/groceries/en-GB/products/268285067,https://digitalcontent.api.tesco.com/v2/media/ghs/4ed8ecdd-5084-4c48-a52e-49b1ffcd986a/6050220a-f0b0-4f60-b1de-b88f5c365a50_1138455620.jpeg?h=225&w=225,
254915364,Tesco Seedless Raisins 500G,https://www.tesco.com/groceries/en-GB/shop/food-cupboard/all?department=Dried%20Fruit%2C%20Nuts%2C%20Nutrient%20Powders%20%26%20Seeds&viewAll=department&page=,£1.80,£3.60/kg,Any 2 for £3.20 Clubcard Price - Selected Tesco Dried Fruits 500g,,/groceries/en-GB/products/254915364,https://digitalcontent.api.tesco.com/v2/media/ghs/cff6c196-763f-44eb-bb7e-b8b8852a360a/ca6393a2-18e6-431e-bc11-1b053d7786bf_372520981.jpeg?h=225&w=225,
270934167,Tesco Yogurt Coated Strawberry Fruit Bites 125G,https://www.tesco.com/groceries/en-GB/shop/food-cupboard/all?department=Dried%20Fruit%2C%20Nuts%2C%20Nutrient%20Powders%20%26%20Seeds&viewAll=department&page=,£2.00,£1.60/100g,,,/groceries/en-GB/products/270934167,https://digitalcontent.api.tesco.com/v2/media/ghs/0987663c-dce0-4b59-8095-b3175d9cbf1e/c57dfbe0-2a1c-44a7-9dd6-fbdeb1c81a4d_779985684.jpeg?h=225&w=225,
260733201,Wholefood Dried Mango 100G,https://www.tesco.com/groceries/en-GB/shop/food-cupboard/all?department=Dried%20Fruit%2C%20Nuts%2C%20Nutrient%20Powders%20%26%20Seeds&viewAll=department&page=,£1.85,£18.50/kg,,,/groceries/en-GB/products/260733201,https://digitalcontent.api.tesco.com/v2/media/ghs/db475d48-597d-497d-b6cc-c21218a82252/71b4b077-d126-44f1-9b7d-38857aca494e.jpeg?h=225&w=225,
302685533,Tesco Brazil Nuts 200G,https://www.tesco.com/groceries/en-GB/shop/food-cupboard/all?department=Dried%20Fruit%2C%20Nuts%2C%20Nutrient%20Powders%20%26%20Seeds&viewAll=department&page=,£2.65,£13.25/kg,,,/groceries/en-GB/products/302685533,https://digitalcontent.api.tesco.com/v2/media/ghs/f03e2077-af6c-4113-a703-2565d27c5495/2d99815e-9567-44ee-ae08-e13e9fa0b512.jpeg?h=225&w=225,
254915306,Tesco Currants 500G,https://www.tesco.com/groceries/en-GB/shop/food-cupboard/all?department=Dried%20Fruit%2C%20Nuts%2C%20Nutrient%20Powders%20%26%20Seeds&viewAll=department&page=,£1.80,£3.60/kg,Any 2 for £3.20 Clubcard Price - Selected Tesco Dried Fruits 500g,,/groceries/en-GB/products/254915306,https://digitalcontent.api.tesco.com/v2/media/ghs/cefcd41e-fd80-49a4-be9b-7f653bd1bff6/8337f198-b86e-446e-8173-832a107f4223_202537856.jpeg?h=225&w=225,
282799976,Walker Sensation Thai Sweet Chilli Nuts 150G,https://www.tesco.com/groceries/en-GB/shop/food-cupboard/all?department=Dried%20Fruit%2C%20Nuts%2C%20Nutrient%20Powders%20%26%20Seeds&viewAll=department&page=,£1.99,£13.27/kg,,,/groceries/en-GB/products/282799976,https://digitalcontent.api.tesco.com/v2/media/ghs/b43094b8-f297-466e-a2d5-84fc2f820c18/e56c2dd0-bc16-476d-a322-15a251c30b17_752878583.jpeg?h=225&w=225,
303001858,Tesco Seedless Raisins 12 Pack 168G,https://www.tesco.com/groceries/en-GB/shop/food-cupboard/all?department=Dried%20Fruit%2C%20Nuts%2C%20Nutrient%20Powders%20%26%20Seeds&viewAll=department&page=,£1.30,£7.74/kg,,,/groceries/en-GB/products/303001858,https://digitalcontent.api.tesco.com/v2/media/ghs/7786331f-89ca-4e21-857c-9bb6b0b586a4/e200aa86-aad9-4763-b2bb-8b28ad1c8f54_493624316.jpeg?h=225&w=225,
257260044,Tesco Glace Cherries 200G,https://www.tesco.com/groceries/en-GB/shop/food-cupboard/all?department=Dried%20Fruit%2C%20Nuts%2C%20Nutrient%20Powders%20%26%20Seeds&viewAll=department&page=,£1.65,£8.25/kg,,,/groceries/en-GB/products/257260044,https://digitalcontent.api.tesco.com/v2/media/ghs/c4c76635-91fe-4f07-a092-f4bede245883/53ab4207-24f0-482d-be1f-1f8cb12720a3_246613498.jpeg?h=225&w=225,
293702580,Tesco Glace Cherry Halves 200G,https://www.tesco.com/groceries/en-GB/shop/food-cupboard/all?department=Dried%20Fruit%2C%20Nuts%2C%20Nutrient%20Powders%20%26%20Seeds&viewAll=department&page=,£1.65,£8.25/kg,,,/groceries/en-GB/products/293702580,https://digitalcontent.api.tesco.com/v2/media/ghs/9c5725d6-4b43-4557-a56a-ae962e56606e/3d026731-75db-499a-84b4-7f90cdeca41c_1176581768.jpeg?h=225&w=225,
297512084,Tesco Roasted Salted Peanuts 550G,https://www.tesco.com/groceries/en-GB/shop/food-cupboard/all?department=Dried%20Fruit%2C%20Nuts%2C%20Nutrient%20Powders%20%26%20Seeds&viewAll=department&page=,£2.00,£3.64/kg,,,/groceries/en-GB/products/297512084,https://digitalcontent.api.tesco.com/v2/media/ghs/ea8180bb-631d-48f9-83f1-6448d462b7fe/d6106dee-7e44-433a-8860-e6be9bb38bfc_1010739733.jpeg?h=225&w=225,
306802205,Mr Porky Original Scratchings 65G,https://www.tesco.com/groceries/en-GB/shop/food-cupboard/all?department=Dried%20Fruit%2C%20Nuts%2C%20Nutrient%20Powders%20%26%20Seeds&viewAll=department&page=,£0.85,£1.31/100g,,,/groceries/en-GB/products/306802205,https://digitalcontent.api.tesco.com/v2/media/ghs/99c38db8-f29e-4021-ad0f-c4611daf16de/f0dcc2d0-ad2f-454c-b508-7c9c049c9282_2015097005.jpeg?h=225&w=225,
309163190,Kellogg's Fruit Winders Double Apple & Strawberry 5X17g,https://www.tesco.com/groceries/en-GB/shop/food-cupboard/all?department=Dried%20Fruit%2C%20Nuts%2C%20Nutrient%20Powders%20%26%20Seeds&viewAll=department&page=,£1.25,£1.48/100g,,,/groceries/en-GB/products/309163190,https://digitalcontent.api.tesco.com/v2/media/ghs/e14d0af4-c235-476f-81ed-3b9d842bf74f/9b4c70ba-7e28-4142-9783-d993c94dfbe5_2139252733.jpeg?h=225&w=225,
297512061,Tesco Dry Roasted Peanuts 550G,https://www.tesco.com/groceries/en-GB/shop/food-cupboard/all?department=Dried%20Fruit%2C%20Nuts%2C%20Nutrient%20Powders%20%26%20Seeds&viewAll=department&page=,£2.00,£3.64/kg,,,/groceries/en-GB/products/297512061,https://digitalcontent.api.tesco.com/v2/media/ghs/2f7d27aa-13e1-4e96-9a15-7cc6c366617d/3c58366e-5d09-46a6-bf32-d202fd71d111_1365047647.jpeg?h=225&w=225,
254914244,Tesco Italian Mixed Peel 200G,https://www.tesco.com/groceries/en-GB/shop/food-cupboard/all?department=Dried%20Fruit%2C%20Nuts%2C%20Nutrient%20Powders%20%26%20Seeds&viewAll=department&page=,£1.00,£5.00/kg,,,/groceries/en-GB/products/254914244,https://digitalcontent.api.tesco.com/v2/media/ghs/9ac6ae4d-bf56-43aa-8bf7-ae7e2e1852a5/6aaeb1b2-04d4-4354-855b-52120f7612e8_2009029663.jpeg?h=225&w=225,
309188051,Kellogg's Fruit Winders Strawberry 5X17g,https://www.tesco.com/groceries/en-GB/shop/food-cupboard/all?department=Dried%20Fruit%2C%20Nuts%2C%20Nutrient%20Powders%20%26%20Seeds&viewAll=department&page=,£1.25,£1.48/100g,,,/groceries/en-GB/products/309188051,https://digitalcontent.api.tesco.com/v2/media/ghs/847ae58d-fb60-4c97-a520-25f0be333830/8e7050a9-f42f-41bc-8ef9-2c5459e6a310_1683150263.jpeg?h=225&w=225,
258057537,Tesco Soft Apricots 250G,https://www.tesco.com/groceries/en-GB/shop/food-cupboard/all?department=Dried%20Fruit%2C%20Nuts%2C%20Nutrient%20Powders%20%26%20Seeds&viewAll=department&page=,£1.85,£7.40/kg,,,/groceries/en-GB/products/258057537,https://digitalcontent.api.tesco.com/v2/media/ghs/6bace6e5-f5f7-4cd3-82b7-753187429d73/88377fe5-3164-485d-8096-122170c7c735.jpeg?h=225&w=225,
297393586,Paw Patrol Snack Raisins 126G (9X14g),https://www.tesco.com/groceries/en-GB/shop/food-cupboard/all?department=Dried%20Fruit%2C%20Nuts%2C%20Nutrient%20Powders%20%26%20Seeds&viewAll=department&page=,£1.00,£0.79/100g,,,/groceries/en-GB/products/297393586,https://digitalcontent.api.tesco.com/v2/media/ghs/092362e0-0793-4bd7-900e-2fbb9b44df27/c953545d-2a98-497d-b0a7-210baf6f6fd0_2132590493.jpeg?h=225&w=225,
265879153,Tesco Sweet Chilli Coated Peanuts 200G,https://www.tesco.com/groceries/en-GB/shop/food-cupboard/all?department=Dried%20Fruit%2C%20Nuts%2C%20Nutrient%20Powders%20%26%20Seeds&viewAll=department&page=,£1.20,£6.00/kg,£1.00 Clubcard Price,,/groceries/en-GB/products/265879153,https://digitalcontent.api.tesco.com/v2/media/ghs/dcd397a9-dc2d-460a-b6a2-22fe05af68e9/92199146-4130-4d34-8eac-936b0e5d8a1f_122700028.jpeg?h=225&w=225,
297508936,Tesco Dry Roasted Peanuts 200G,https://www.tesco.com/groceries/en-GB/shop/food-cupboard/all?department=Dried%20Fruit%2C%20Nuts%2C%20Nutrient%20Powders%20%26%20Seeds&viewAll=department&page=,£1.00,£5.00/kg,,,/groceries/en-GB/products/297508936,https://digitalcontent.api.tesco.com/v2/media/ghs/3b356bb7-76e0-4470-8cf7-4a57db5046ac/cecfdd70-ca13-4de4-86c6-af48fdb04088_521410912.jpeg?h=225&w=225,
299497633,Tesco Cashew Nuts 25G,https://www.tesco.com/groceries/en-GB/shop/food-cupboard/all?department=Dried%20Fruit%2C%20Nuts%2C%20Nutrient%20Powders%20%26%20Seeds&viewAll=department&page=,£0.60,£2.40/100g,Any 3 for 2 Clubcard Price - Cheapest Product Free - Selected Tesco Dried Fruit Or Nuts,,/groceries/en-GB/products/299497633,https://digitalcontent.api.tesco.com/v2/media/ghs/32b57584-ba0a-434f-82d3-850450165f76/70cdc3cd-659a-4160-8f46-5d0dfaaa312a.jpeg?h=225&w=225,
250218366,Tesco Unsalted Mixed Nuts & Raisins 500G,https://www.tesco.com/groceries/en-GB/shop/food-cupboard/all?department=Dried%20Fruit%2C%20Nuts%2C%20Nutrient%20Powders%20%26%20Seeds&viewAll=department&page=,£2.25,£4.50/kg,,,/groceries/en-GB/products/250218366,https://digitalcontent.api.tesco.com/v2/media/ghs/3a379f50-51f9-44e3-b3f9-4b0b990785eb/64e25f8b-b40b-4200-a352-3ed79c84cbc1_856492056.jpeg?h=225&w=225,
304409853,Tesco Honey Roast Peanuts & Cashews 200G,https://www.tesco.com/groceries/en-GB/shop/food-cupboard/all?department=Dried%20Fruit%2C%20Nuts%2C%20Nutrient%20Powders%20%26%20Seeds&viewAll=department&page=,£1.65,£8.25/kg,,,/groceries/en-GB/products/304409853,https://digitalcontent.api.tesco.com/v2/media/ghs/b8fe1894-a064-4253-a52e-70e306edeed9/127e0214-9d66-4b38-ba7f-4ffb9d8c32a8_1660372110.jpeg?h=225&w=225,
299772320,Grower's Harvest Sultanas 500G,https://www.tesco.com/groceries/en-GB/shop/food-cupboard/all?department=Dried%20Fruit%2C%20Nuts%2C%20Nutrient%20Powders%20%26%20Seeds&viewAll=department&page=,£0.99,£1.98/kg,Aldi Price Match,,/groceries/en-GB/products/299772320,https://digitalcontent.api.tesco.com/v2/media/ghs/6d64b30b-8537-43af-8b18-67388957c331/fc44e187-8c7a-4ed2-9465-3747f9edb8bc_1923627761.jpeg?h=225&w=225,
300410429,Stockwell & Co Fruit And Nut Mix 200G,https://www.tesco.com/groceries/en-GB/shop/food-cupboard/all?department=Dried%20Fruit%2C%20Nuts%2C%20Nutrient%20Powders%20%26%20Seeds&viewAll=department&page=,£0.55,£2.75/kg,Aldi Price Match,,/groceries/en-GB/products/300410429,https://digitalcontent.api.tesco.com/v2/media/ghs/2ec664f1-1e99-41ac-895f-b49ce76a5877/c95f021c-a589-4aac-b731-6ef924f37c07_47954121.jpeg?h=225&w=225,
300283810,Stockwell & Co Roasted & Salted Peanuts 200G,https://www.tesco.com/groceries/en-GB/shop/food-cupboard/all?department=Dried%20Fruit%2C%20Nuts%2C%20Nutrient%20Powders%20%26%20Seeds&viewAll=department&page=,£0.46,£2.30/kg,Aldi Price Match,,/groceries/en-GB/products/300283810,https://digitalcontent.api.tesco.com/v2/media/ghs/aa9209ba-8c68-44a8-8a6b-d13f0b54dbc1/137eccae-f811-4def-a3fd-1e0b3278f1d3_247543772.jpeg?h=225&w=225,
300283833,Stockwell & Co Roasted & Salted Peanuts 400G,https://www.tesco.com/groceries/en-GB/shop/food-cupboard/all?department=Dried%20Fruit%2C%20Nuts%2C%20Nutrient%20Powders%20%26%20Seeds&viewAll=department&page=,£0.91,£2.28/kg,,,/groceries/en-GB/products/300283833,https://digitalcontent.api.tesco.com/v2/media/ghs/305d331f-443b-40c9-97fc-79e1d32a9155/da5a7878-5c6e-4ca3-955e-219f72c602bd_1064346851.jpeg?h=225&w=225,
301970829,Stockwell & Co Roasted & Salted Cashews 125G,https://www.tesco.com/groceries/en-GB/shop/food-cupboard/all?department=Dried%20Fruit%2C%20Nuts%2C%20Nutrient%20Powders%20%26%20Seeds&viewAll=department&page=,£0.73,£5.84/kg,Aldi Price Match,,/groceries/en-GB/products/301970829,https://digitalcontent.api.tesco.com/v2/media/ghs/33dd29f4-8976-492d-bbc0-09aa22008328/4ac01985-bfee-4a80-ac58-684b223716c3_573429198.jpeg?h=225&w=225,
271072620,Tesco Wholefoods 4 Seed Mix 300G,https://www.tesco.com/groceries/en-GB/shop/food-cupboard/all?department=Dried%20Fruit%2C%20Nuts%2C%20Nutrient%20Powders%20%26%20Seeds&viewAll=department&page=,£2.40,£8.00/kg,,,/groceries/en-GB/products/271072620,https://digitalcontent.api.tesco.com/v2/media/ghs/d785240d-bd00-4457-a607-893ac644a2ac/8e8a2c58-0289-44ee-9844-1dfa9698da21_1854225042.jpeg?h=225&w=225,
257379526,Tesco Roasted & Salted Pistachio Nuts 300G,https://www.tesco.com/groceries/en-GB/shop/food-cupboard/all?department=Dried%20Fruit%2C%20Nuts%2C%20Nutrient%20Powders%20%26%20Seeds&viewAll=department&page=,£3.35,£11.17/kg,,,/groceries/en-GB/products/257379526,https://digitalcontent.api.tesco.com/v2/media/ghs/82b282be-e0bd-41c9-b9d3-03ef84ed1376/3918d391-aca9-43bd-bb66-f0e3220fe9c7_1688929914.jpeg?h=225&w=225,
280484770,Whitworths Stoned Sayer Dates 300G,https://www.tesco.com/groceries/en-GB/shop/food-cupboard/all?department=Dried%20Fruit%2C%20Nuts%2C%20Nutrient%20Powders%20%26%20Seeds&viewAll=department&page=,£2.00,£6.67/kg,,,/groceries/en-GB/products/280484770,https://digitalcontent.api.tesco.com/v2/media/ghs/bac7768a-fbd4-4d5e-a984-c88be21c570c/9a8bba03-a16a-4ecd-9c6c-12a035abef22_1158864716.jpeg?h=225&w=225,
279568413,Nakd Cocoa Orange Bars 4 Pack 140G,https://www.tesco.com/groceries/en-GB/shop/food-cupboard/all?department=Dried%20Fruit%2C%20Nuts%2C%20Nutrient%20Powders%20%26%20Seeds&viewAll=department&page=,£3.00,£2.15/100g,,,/groceries/en-GB/products/279568413,https://digitalcontent.api.tesco.com/v2/media/ghs/c5b57331-6b8c-4ba9-a9f6-0657f141c853/5a0908f4-2c3f-4a03-83dd-97d0150ce101_1600348620.jpeg?h=225&w=225,
284982669,Bear Pure Fruit Yoyo Mango 5 X 20G,https://www.tesco.com/groceries/en-GB/shop/food-cupboard/all?department=Dried%20Fruit%2C%20Nuts%2C%20Nutrient%20Powders%20%26%20Seeds&viewAll=department&page=,£2.60,£2.60/100g,,,/groceries/en-GB/products/284982669,https://digitalcontent.api.tesco.com/v2/media/ghs/a0d1255c-3b39-414e-82b7-858812db7229/ecbfde66-e8da-480e-9619-136f2c323d50_1586095955.jpeg?h=225&w=225,
267718819,Whitworths Banana Chips 175G,https://www.tesco.com/groceries/en-GB/shop/food-cupboard/all?department=Dried%20Fruit%2C%20Nuts%2C%20Nutrient%20Powders%20%26%20Seeds&viewAll=department&page=,£2.00,£11.43/kg,,,/groceries/en-GB/products/267718819,https://digitalcontent.api.tesco.com/v2/media/ghs/8039b8f2-50bd-49c0-89b2-5753c2ef76ec/5d493bbc-35a5-4e1a-ba47-aeab5c99115f_1389920710.jpeg?h=225&w=225,
308469399,Nakd Blueberry Muffin Fruit & Nut Bars 4X35g,https://www.tesco.com/groceries/en-GB/shop/food-cupboard/all?department=Dried%20Fruit%2C%20Nuts%2C%20Nutrient%20Powders%20%26%20Seeds&viewAll=department&page=,£3.00,£2.15/100g,,,/groceries/en-GB/products/308469399,https://digitalcontent.api.tesco.com/v2/media/ghs/2dad07e0-23a1-4d2c-8d26-4290e5d30fb0/8a7fd0c9-8ca5-4969-afdf-d031d3cf616e_637879465.jpeg?h=225&w=225,
284983000,Bear Pure Fruit Yoyo Apple 5 X 20G,https://www.tesco.com/groceries/en-GB/shop/food-cupboard/all?department=Dried%20Fruit%2C%20Nuts%2C%20Nutrient%20Powders%20%26%20Seeds&viewAll=department&page=,£2.60,£2.60/100g,,,/groceries/en-GB/products/284983000,https://digitalcontent.api.tesco.com/v2/media/ghs/443f7b86-ac7d-4c91-b54f-1e3388ca1289/f7ffaab1-a6bb-4504-804e-d91cd18273bd_1703506511.jpeg?h=225&w=225,
282614122,Bear Blackcurrant Yoyo Multipack 5X20g,https://www.tesco.com/groceries/en-GB/shop/food-cupboard/all?department=Dried%20Fruit%2C%20Nuts%2C%20Nutrient%20Powders%20%26%20Seeds&viewAll=department&page=,£2.60,£2.60/100g,,,/groceries/en-GB/products/282614122,https://digitalcontent.api.tesco.com/v2/media/ghs/affe8864-47d1-4021-b3ce-1182594a4fe9/e55f39d1-0c9b-4db5-9185-de94addac920_986296656.jpeg?h=225&w=225,
271238241,Whitworths Cranberries 150G,https://www.tesco.com/groceries/en-GB/shop/food-cupboard/all?department=Dried%20Fruit%2C%20Nuts%2C%20Nutrient%20Powders%20%26%20Seeds&viewAll=department&page=,£2.00,£13.34/kg,,,/groceries/en-GB/products/271238241,https://digitalcontent.api.tesco.com/v2/media/ghs/c5549502-4245-4d9f-8d1c-8bc3141f60f7/2e3c8125-e731-45b9-a629-5dd0320ba134_1604662056.jpeg?h=225&w=225,
302986373,Tesco Apple & Strawberry Fruit Slurpers 4X90g,https://www.tesco.com/groceries/en-GB/shop/food-cupboard/all?department=Dried%20Fruit%2C%20Nuts%2C%20Nutrient%20Powders%20%26%20Seeds&viewAll=department&page=,£2.10,£0.58/100g,,,/groceries/en-GB/products/302986373,https://digitalcontent.api.tesco.com/v2/media/ghs/e3af6516-e652-4cbb-80e6-0a84837dc4fd/5eab012c-52e8-4d23-a042-26e1b523e560_1487701111.jpeg?h=225&w=225,
301971017,Fruit Bowl Strawberry Peelers 5X16g,https://www.tesco.com/groceries/en-GB/shop/food-cupboard/all?department=Dried%20Fruit%2C%20Nuts%2C%20Nutrient%20Powders%20%26%20Seeds&viewAll=department&page=,£2.50,£3.13/100g,,,/groceries/en-GB/products/301971017,https://digitalcontent.api.tesco.com/v2/media/ghs/a73bf074-3ce3-44f0-9668-d0eb842527ef/f4c9feed-2b5f-4ba0-b302-31aef7a29a4e_1099876261.jpeg?h=225&w=225,
265285233,Fruit Factory Multi Fruit Strings 5X 20G,https://www.tesco.com/groceries/en-GB/shop/food-cupboard/all?department=Dried%20Fruit%2C%20Nuts%2C%20Nutrient%20Powders%20%26%20Seeds&viewAll=department&page=,£2.35,£2.35/100g,,,/groceries/en-GB/products/265285233,https://digitalcontent.api.tesco.com/v2/media/ghs/f0aadffc-c1fa-431e-95b0-5d578b969597/84d9d074-a0d1-4e93-aa93-26c756598814_730001025.jpeg?h=225&w=225,
300201298,Kp Dry Roasted Peanuts 415G,https://www.tesco.com/groceries/en-GB/shop/food-cupboard/all?department=Dried%20Fruit%2C%20Nuts%2C%20Nutrient%20Powders%20%26%20Seeds&viewAll=department&page=,£3.50,£8.44/kg,£3.00 Clubcard Price,,/groceries/en-GB/products/300201298,https://digitalcontent.api.tesco.com/v2/media/ghs/10195316-9980-49e9-8055-47667c9f3222/7cc5c4ed-6ba1-4f90-a5c6-2a2ded6217db_1163641900.jpeg?h=225&w=225,
308109009,Kind Dark Chocolate Nuts & Sea Salt Bars 3 X 30G,https://www.tesco.com/groceries/en-GB/shop/food-cupboard/all?department=Dried%20Fruit%2C%20Nuts%2C%20Nutrient%20Powders%20%26%20Seeds&viewAll=department&page=,£3.00,£3.34/100g,,,/groceries/en-GB/products/308109009,https://digitalcontent.api.tesco.com/v2/media/ghs/a342273e-1a00-4cfe-aa6a-348d7812f11b/e3120ef2-b564-4b96-9606-9aca984ba2eb_2060030066.jpeg?h=225&w=225,
254914365,Tesco Whole Blanched Almonds 100G,https://www.tesco.com/groceries/en-GB/shop/food-cupboard/all?department=Dried%20Fruit%2C%20Nuts%2C%20Nutrient%20Powders%20%26%20Seeds&viewAll=department&page=,£1.60,£16.00/kg,,,/groceries/en-GB/products/254914365,https://digitalcontent.api.tesco.com/v2/media/ghs/5ef33695-3ed3-4977-9c18-91673dcfea79/803a0eed-900d-4761-9a73-7e26330babd5_1535105257.jpeg?h=225&w=225,
302154223,Fruit Bowl Raisin Yogurt 5X25g,https://www.tesco.com/groceries/en-GB/shop/food-cupboard/all?department=Dried%20Fruit%2C%20Nuts%2C%20Nutrient%20Powders%20%26%20Seeds&viewAll=department&page=,£2.25,£1.80/100g,,,/groceries/en-GB/products/302154223,https://digitalcontent.api.tesco.com/v2/media/ghs/e7a01880-33e4-4ffa-ad6c-101a85c556bc/3c5bca9d-6f9b-4a28-9d9e-657d795f63e3_606850185.jpeg?h=225&w=225,
309452245,Tesco 5 Coated Raisins In A Yogurt Coating 125G,https://www.tesco.com/groceries/en-GB/shop/food-cupboard/all?department=Dried%20Fruit%2C%20Nuts%2C%20Nutrient%20Powders%20%26%20Seeds&viewAll=department&page=,£2.00,£1.60/100g,,,/groceries/en-GB/products/309452245,https://digitalcontent.api.tesco.com/v2/media/ghs/c2f539eb-ff74-473f-9d14-20b2871a5de8/e76a2a10-3cbb-4bfd-a855-8c692112d890_1825681583.jpeg?h=225&w=225,
265388463,Fruit Factory Multi Fruit Stars 5 Pack 100G,https://www.tesco.com/groceries/en-GB/shop/food-cupboard/all?department=Dried%20Fruit%2C%20Nuts%2C%20Nutrient%20Powders%20%26%20Seeds&viewAll=department&page=,£2.35,£2.35/100g,,,/groceries/en-GB/products/265388463,https://digitalcontent.api.tesco.com/v2/media/ghs/2a2f7adc-71b7-47c4-b516-379d24599722/402cd0ed-7697-4736-bffd-4b44580ada07_710269085.jpeg?h=225&w=225,
286783732,Whitworths Dried Golden Malatya Apricots 140G,https://www.tesco.com/groceries/en-GB/shop/food-cupboard/all?department=Dried%20Fruit%2C%20Nuts%2C%20Nutrient%20Powders%20%26%20Seeds&viewAll=department&page=,£1.60,£11.43/kg,,,/groceries/en-GB/products/286783732,https://digitalcontent.api.tesco.com/v2/media/ghs/18e70505-c9b4-47bf-8df2-1ce41ebb63ba/431efe01-ed32-4287-8884-e3cc1f3bf752_1611222000.jpeg?h=225&w=225,
254998702,Tesco Toasted Flaked Almonds 100G,https://www.tesco.com/groceries/en-GB/shop/food-cupboard/all?department=Dried%20Fruit%2C%20Nuts%2C%20Nutrient%20Powders%20%26%20Seeds&viewAll=department&page=,£1.60,£16.00/kg,,,/groceries/en-GB/products/254998702,https://digitalcontent.api.tesco.com/v2/media/ghs/67860e6c-d724-4e45-9fbf-cefcbe5d2ad1/e38d0162-fae7-40c8-aedc-657fd992fe93_47943199.jpeg?h=225&w=225,
280484355,Whitworths Extra Juicy Sultanas 325G,https://www.tesco.com/groceries/en-GB/shop/food-cupboard/all?department=Dried%20Fruit%2C%20Nuts%2C%20Nutrient%20Powders%20%26%20Seeds&viewAll=department&page=,£2.00,£6.16/kg,,,/groceries/en-GB/products/280484355,https://digitalcontent.api.tesco.com/v2/media/ghs/3a9a581f-474e-431a-b1ad-6f51f3557b33/86d71712-d93b-457f-b858-96905267f2ab_5951860.jpeg?h=225&w=225,
302182270,Fruit Bowl Yogurt Flakes Raspberry 5X21g,https://www.tesco.com/groceries/en-GB/shop/food-cupboard/all?department=Dried%20Fruit%2C%20Nuts%2C%20Nutrient%20Powders%20%26%20Seeds&viewAll=department&page=,£2.25,£2.15/100g,,,/groceries/en-GB/products/302182270,https://digitalcontent.api.tesco.com/v2/media/ghs/188f1dd5-a451-40aa-9903-4349aa769baf/1fc35be6-0053-419d-adf3-1c4ecb3b69be_2137589377.jpeg?h=225&w=225,
293333267,Graze Bbq Crunch 104G,https://www.tesco.com/groceries/en-GB/shop/food-cupboard/all?department=Dried%20Fruit%2C%20Nuts%2C%20Nutrient%20Powders%20%26%20Seeds&viewAll=department&page=,£2.50,£2.41/100g,,,/groceries/en-GB/products/293333267,https://digitalcontent.api.tesco.com/v2/media/ghs/0925c7c2-98cf-4c22-b74f-e68bf562d2e4/a32fb5c2-5220-4371-b54b-e930babee681_543037755.jpeg?h=225&w=225,
272969733,Walkers Sensations Honey & Salt Peanut 145G,https://www.tesco.com/groceries/en-GB/shop/food-cupboard/all?department=Dried%20Fruit%2C%20Nuts%2C%20Nutrient%20Powders%20%26%20Seeds&viewAll=department&page=,£1.99,£13.73/kg,,,/groceries/en-GB/products/272969733,https://digitalcontent.api.tesco.com/v2/media/ghs/48c273fb-009f-47b0-a4a9-ad62a66c8df0/9bdb18c1-207c-4bd6-82da-353e826e68ac_2137674374.jpeg?h=225&w=225,
291399819,Eat Natural Bars Maple Syrup Pecan & Peanut 45G,https://www.tesco.com/groceries/en-GB/shop/food-cupboard/all?department=Dried%20Fruit%2C%20Nuts%2C%20Nutrient%20Powders%20%26%20Seeds&viewAll=department&page=,£2.20,£1.63/100g,,,/groceries/en-GB/products/291399819,https://digitalcontent.api.tesco.com/v2/media/ghs/b5d6f9f6-705f-48c6-a9bc-10c0fdf4959a/b849b00b-0406-4bf8-9ee1-2b48bede1d56_2016420620.jpeg?h=225&w=225,
268420455,Tesco Roasted Salted Mixed Nuts 200G,https://www.tesco.com/groceries/en-GB/shop/food-cupboard/all?department=Dried%20Fruit%2C%20Nuts%2C%20Nutrient%20Powders%20%26%20Seeds&viewAll=department&page=,£2.00,£10.00/kg,,,/groceries/en-GB/products/268420455,https://digitalcontent.api.tesco.com/v2/media/ghs/da6dbe42-7f44-40cd-b40d-41ab996e605e/deb7c21d-905d-4853-843f-9d22c7c8b78c_517990215.jpeg?h=225&w=225,
266386982,Tesco Sunflower Seeds 150G,https://www.tesco.com/groceries/en-GB/shop/food-cupboard/all?department=Dried%20Fruit%2C%20Nuts%2C%20Nutrient%20Powders%20%26%20Seeds&viewAll=department&page=,£1.00,£6.67/kg,,,/groceries/en-GB/products/266386982,https://digitalcontent.api.tesco.com/v2/media/ghs/b154e05a-00f3-4ef6-9846-e9f1803cb704/fd3d6ef9-1211-43ff-96c1-121c70600bda.jpeg?h=225&w=225,
251495069,Tesco Roasted Salted Pistachio Nuts 150G,https://www.tesco.com/groceries/en-GB/shop/food-cupboard/all?department=Dried%20Fruit%2C%20Nuts%2C%20Nutrient%20Powders%20%26%20Seeds&viewAll=department&page=,£1.70,£11.34/kg,,,/groceries/en-GB/products/251495069,https://digitalcontent.api.tesco.com/v2/media/ghs/3b8a9959-bacd-449e-b92a-7ef9e8fce701/e8f6e0fe-cfb0-4298-abfb-153eea930945_1111493184.jpeg?h=225&w=225,
297385240,Tesco Roasted Salted Cashew Nuts 150G,https://www.tesco.com/groceries/en-GB/shop/food-cupboard/all?department=Dried%20Fruit%2C%20Nuts%2C%20Nutrient%20Powders%20%26%20Seeds&viewAll=department&page=,£2.00,£13.34/kg,,,/groceries/en-GB/products/297385240,https://digitalcontent.api.tesco.com/v2/media/ghs/92d7b640-a0ac-4025-9d03-0de72fb1cac8/f4ba30dd-dbee-46a5-b2c7-e831de2f829b_446256051.jpeg?h=225&w=225,
297512049,Tesco Jumbo Roasted Salted Peanuts 200G,https://www.tesco.com/groceries/en-GB/shop/food-cupboard/all?department=Dried%20Fruit%2C%20Nuts%2C%20Nutrient%20Powders%20%26%20Seeds&viewAll=department&page=,£1.20,£6.00/kg,,,/groceries/en-GB/products/297512049,https://digitalcontent.api.tesco.com/v2/media/ghs/c45d5502-6dcc-42d9-96fb-c68603d68a13/edde3749-c6e4-41c8-91aa-73a8b036cdfd_1787161716.jpeg?h=225&w=225,
297508873,Tesco Honey Roasted Cashews 150G,https://www.tesco.com/groceries/en-GB/shop/food-cupboard/all?department=Dried%20Fruit%2C%20Nuts%2C%20Nutrient%20Powders%20%26%20Seeds&viewAll=department&page=,£2.00,£13.34/kg,,,/groceries/en-GB/products/297508873,https://digitalcontent.api.tesco.com/v2/media/ghs/bb38a081-41b7-400e-9947-580fb82a4a1c/c6845bf8-6f49-432a-b7f2-25ab86e60e47_1917339559.jpeg?h=225&w=225,
259652136,Tesco Sesame Seeds 100G,https://www.tesco.com/groceries/en-GB/shop/food-cupboard/all?department=Dried%20Fruit%2C%20Nuts%2C%20Nutrient%20Powders%20%26%20Seeds&viewAll=department&page=,£1.00,£10.00/kg,,,/groceries/en-GB/products/259652136,https://digitalcontent.api.tesco.com/v2/media/ghs/76a34aeb-7f89-47df-9138-17464b13ae8d/07940136-653f-469b-82d5-0d499236f3ee_1642342721.jpeg?h=225&w=225,
293722740,Graze Punchy Nut Punchy Protein Sharing Bag 118G,https://www.tesco.com/groceries/en-GB/shop/food-cupboard/all?department=Dried%20Fruit%2C%20Nuts%2C%20Nutrient%20Powders%20%26%20Seeds&viewAll=department&page=,£2.50,£2.12/100g,,,/groceries/en-GB/products/293722740,https://digitalcontent.api.tesco.com/v2/media/ghs/ed358aed-e4fe-402e-992d-cb3c8e7372da/c86771c0-c3b7-45df-80fa-8cc3afd1fa11_2111089081.jpeg?h=225&w=225,
297385262,Tesco Jumbo Roasted Salted Cashew Nuts 150G,https://www.tesco.com/groceries/en-GB/shop/food-cupboard/all?department=Dried%20Fruit%2C%20Nuts%2C%20Nutrient%20Powders%20%26%20Seeds&viewAll=department&page=,£2.00,£13.34/kg,,,/groceries/en-GB/products/297385262,https://digitalcontent.api.tesco.com/v2/media/ghs/4f1a84d9-bd6a-4865-845c-604011eabf44/2c0fca6c-2014-4838-a152-6e5b45d01364_289816489.jpeg?h=225&w=225,
309205359,Kellogg's Fruit Winders Doubles Strawberry & Blackcurrant 5X17g,https://www.tesco.com/groceries/en-GB/shop/food-cupboard/all?department=Dried%20Fruit%2C%20Nuts%2C%20Nutrient%20Powders%20%26%20Seeds&viewAll=department&page=,£1.25,£1.48/100g,,,/groceries/en-GB/products/309205359,https://digitalcontent.api.tesco.com/v2/media/ghs/5c1049ba-f24f-4942-b1fe-1153cee743b3/6eca1230-db2f-4b14-ba33-59dc674b3384_318284445.jpeg?h=225&w=225,
268345256,Tesco Bbq Flavoured Coated Peanuts 200G,https://www.tesco.com/groceries/en-GB/shop/food-cupboard/all?department=Dried%20Fruit%2C%20Nuts%2C%20Nutrient%20Powders%20%26%20Seeds&viewAll=department&page=,£1.20,£6.00/kg,£1.00 Clubcard Price,,/groceries/en-GB/products/268345256,https://digitalcontent.api.tesco.com/v2/media/ghs/eab59f9f-d98c-4e2d-8c70-13e8ca4af233/2065bbb6-bd52-4542-b069-8577a3716d66_515457449.jpeg?h=225&w=225,
297511989,Tesco Roasted Salted Peanuts 200G,https://www.tesco.com/groceries/en-GB/shop/food-cupboard/all?department=Dried%20Fruit%2C%20Nuts%2C%20Nutrient%20Powders%20%26%20Seeds&viewAll=department&page=,£1.00,£5.00/kg,,,/groceries/en-GB/products/297511989,https://digitalcontent.api.tesco.com/v2/media/ghs/5b1e7c7a-c63e-4625-beba-fb44f1966b68/9b048400-494f-4cfa-ad5f-6ef8e9c85e7f_549291819.jpeg?h=225&w=225,
289082062,Peppa Pig Mini Snack Raisins 9X14g,https://www.tesco.com/groceries/en-GB/shop/food-cupboard/all?department=Dried%20Fruit%2C%20Nuts%2C%20Nutrient%20Powders%20%26%20Seeds&viewAll=department&page=,£1.00,£7.94/kg,,,/groceries/en-GB/products/289082062,https://digitalcontent.api.tesco.com/v2/media/ghs/82571644-b7f5-4b60-b0a8-b7f2e169a441/5760c500-8a7c-4643-a371-8ef58be6098c_1970585572.jpeg?h=225&w=225,
306811004,Mr. Porky Crispy Pork Strips 35G,https://www.tesco.com/groceries/en-GB/shop/food-cupboard/all?department=Dried%20Fruit%2C%20Nuts%2C%20Nutrient%20Powders%20%26%20Seeds&viewAll=department&page=,£1.00,£2.86/100g,,,/groceries/en-GB/products/306811004,https://digitalcontent.api.tesco.com/v2/media/ghs/7a616984-3d0e-43c6-af91-c164cdf1bd04/f8bef1c4-4a1c-491a-a423-e742342d2531_2049763217.jpeg?h=225&w=225,
302677353,Tesco Fruit & Nut Snack Pot 55G,https://www.tesco.com/groceries/en-GB/shop/food-cupboard/all?department=Dried%20Fruit%2C%20Nuts%2C%20Nutrient%20Powders%20%26%20Seeds&viewAll=department&page=,£0.85,£1.55/100g,Any 3 for 2 Clubcard Price - Cheapest Product Free - Selected Tesco Dried Fruit Or Nuts,,/groceries/en-GB/products/302677353,https://digitalcontent.api.tesco.com/v2/media/ghs/e4c4a8e4-7e6c-4962-a5ec-ca22cf8623ef/8bfdbfa2-eee8-44a7-a0e9-776614cd7f3f.jpeg?h=225&w=225,
290594510,Tesco Chia Seeds 150G,https://www.tesco.com/groceries/en-GB/shop/food-cupboard/all?department=Dried%20Fruit%2C%20Nuts%2C%20Nutrient%20Powders%20%26%20Seeds&viewAll=department&page=,£1.00,£6.67/kg,,,/groceries/en-GB/products/290594510,https://digitalcontent.api.tesco.com/v2/media/ghs/21fe410e-63ac-4148-8d88-9929a1b2a8d2/9444268a-9694-48d4-95bd-eee3760a972a.jpeg?h=225&w=225,
302685683,Tesco Snack Pack Mango 35G,https://www.tesco.com/groceries/en-GB/shop/food-cupboard/all?department=Dried%20Fruit%2C%20Nuts%2C%20Nutrient%20Powders%20%26%20Seeds&viewAll=department&page=,£0.85,£24.29/kg,Any 3 for 2 Clubcard Price - Cheapest Product Free - Selected Tesco Dried Fruit Or Nuts,,/groceries/en-GB/products/302685683,https://digitalcontent.api.tesco.com/v2/media/ghs/169938b8-76c2-4823-939f-205de5e5c5ef/ecb2b5fe-03c8-4975-9016-1be14a0db899.jpeg?h=225&w=225,
283111735,Tesco Cashew Nuts Snack Pack 60G,https://www.tesco.com/groceries/en-GB/shop/food-cupboard/all?department=Dried%20Fruit%2C%20Nuts%2C%20Nutrient%20Powders%20%26%20Seeds&viewAll=department&page=,£0.85,£1.42/100g,Any 3 for 2 Clubcard Price - Cheapest Product Free - Selected Tesco Dried Fruit Or Nuts,,/groceries/en-GB/products/283111735,https://digitalcontent.api.tesco.com/v2/media/ghs/e7d4b7fb-d63f-4096-95c4-0f3c24da0bc9/13974ff2-8f68-4f8e-ba6b-b55a981cd604.jpeg?h=225&w=225,
271667055,Tesco Mixed Nuts 250G,https://www.tesco.com/groceries/en-GB/shop/food-cupboard/all?department=Dried%20Fruit%2C%20Nuts%2C%20Nutrient%20Powders%20%26%20Seeds&viewAll=department&page=,£3.35,£13.40/kg,,,/groceries/en-GB/products/271667055,https://digitalcontent.api.tesco.com/v2/media/ghs/63ac7ded-d0ac-43d8-8cc0-9028af736007/5d0ddc5e-ac6b-46e6-ba28-bbbf33648e21_665762074.jpeg?h=225&w=225,
284196413,Eat Me Dates Deglet Nourishing Pitted 200G,https://www.tesco.com/groceries/en-GB/shop/food-cupboard/all?department=Dried%20Fruit%2C%20Nuts%2C%20Nutrient%20Powders%20%26%20Seeds&viewAll=department&page=,£2.50,£12.50/kg,,,/groceries/en-GB/products/284196413,https://digitalcontent.api.tesco.com/v2/media/ghs/5fc13bf4-aa69-49ac-b28b-d4910a098100/b0582027-c525-473b-959f-ef802504f864_1505523491.jpeg?h=225&w=225,
271073878,Tesco Pecans Nuts 250G,https://www.tesco.com/groceries/en-GB/shop/food-cupboard/all?department=Dried%20Fruit%2C%20Nuts%2C%20Nutrient%20Powders%20%26%20Seeds&viewAll=department&page=,£4.50,£18.00/kg,,,/groceries/en-GB/products/271073878,https://digitalcontent.api.tesco.com/v2/media/ghs/65ab0f30-b2ef-479b-835b-0d5b1e93c265/24223a98-2bd7-4915-bfcf-835cea551607_2038027822.jpeg?h=225&w=225,
271063268,Tesco Flame Raisins 500G,https://www.tesco.com/groceries/en-GB/shop/food-cupboard/all?department=Dried%20Fruit%2C%20Nuts%2C%20Nutrient%20Powders%20%26%20Seeds&viewAll=department&page=,£2.95,£5.90/kg,,,/groceries/en-GB/products/271063268,https://digitalcontent.api.tesco.com/v2/media/ghs/05f2107b-0b6e-48d5-85ce-1bcd2302b061/1f3f8fde-226b-4a0f-949b-18b199d2f6d7_491415871.jpeg?h=225&w=225,
286782799,Bear Pure Fruit Yoyo Strawberry 9X20g,https://www.tesco.com/groceries/en-GB/shop/food-cupboard/all?department=Dried%20Fruit%2C%20Nuts%2C%20Nutrient%20Powders%20%26%20Seeds&viewAll=department&page=,£4.25,£2.37/100g,,,/groceries/en-GB/products/286782799,https://digitalcontent.api.tesco.com/v2/media/ghs/4bafa3c9-030f-4850-901a-49d02511d99b/3a2c4bd0-5e97-45a1-84bf-70c52f5ebbeb_321581877.jpeg?h=225&w=225,
266387520,Tesco Fruit And Nut 200G,https://www.tesco.com/groceries/en-GB/shop/food-cupboard/all?department=Dried%20Fruit%2C%20Nuts%2C%20Nutrient%20Powders%20%26%20Seeds&viewAll=department&page=,£2.65,£13.25/kg,,,/groceries/en-GB/products/266387520,https://digitalcontent.api.tesco.com/v2/media/ghs/42b98dd9-5eb5-45b2-b0e5-68713af3f5c8/4a028c77-4e73-4e1b-b507-884018baad23.jpeg?h=225&w=225,
295684372,Bear Yoyo Sours Strawberry & Apple 10 Rolls 5 Pack,https://www.tesco.com/groceries/en-GB/shop/food-cupboard/all?department=Dried%20Fruit%2C%20Nuts%2C%20Nutrient%20Powders%20%26%20Seeds&viewAll=department&page=,£2.60,£2.60/100g,,,/groceries/en-GB/products/295684372,https://digitalcontent.api.tesco.com/v2/media/ghs/060f375f-bc81-4f4b-9ab7-961b039d9dc2/680f2816-c3f5-493b-8d99-9f469b3e8d07_17505243.jpeg?h=225&w=225,
256514378,Tesco Walnut Halves 250G,https://www.tesco.com/groceries/en-GB/shop/food-cupboard/all?department=Dried%20Fruit%2C%20Nuts%2C%20Nutrient%20Powders%20%26%20Seeds&viewAll=department&page=,£3.50,£14.00/kg,,,/groceries/en-GB/products/256514378,https://digitalcontent.api.tesco.com/v2/media/ghs/10cc1f58-e7ef-4a65-b422-17be7672cd2d/88792f63-b262-4464-928c-48868d59405e_485453873.jpeg?h=225&w=225,
306934210,Bear Giant Yoyo Strawberry & Mango 5 X 20G,https://www.tesco.com/groceries/en-GB/shop/food-cupboard/all?department=Dried%20Fruit%2C%20Nuts%2C%20Nutrient%20Powders%20%26%20Seeds&viewAll=department&page=,£2.60,£2.60/100g,,,/groceries/en-GB/products/306934210,https://digitalcontent.api.tesco.com/v2/media/ghs/289b22c2-501e-41b4-9672-6eed2e27ebf0/35dbcbe0-f251-422d-b956-9bb95cfee33c_123720015.jpeg?h=225&w=225,
278339174,Nakd Cocoa Delight Bars 4 Pack 140G,https://www.tesco.com/groceries/en-GB/shop/food-cupboard/all?department=Dried%20Fruit%2C%20Nuts%2C%20Nutrient%20Powders%20%26%20Seeds&viewAll=department&page=,£3.00,£2.15/100g,,,/groceries/en-GB/products/278339174,https://digitalcontent.api.tesco.com/v2/media/ghs/14646f35-d1b6-4c20-9751-41b8e369e4fe/7d35dd08-54c8-425a-80c8-6f7ab6f36c0a_904389952.jpeg?h=225&w=225,
264903484,Whitworths Sunny Raisins 14 X 14G,https://www.tesco.com/groceries/en-GB/shop/food-cupboard/all?department=Dried%20Fruit%2C%20Nuts%2C%20Nutrient%20Powders%20%26%20Seeds&viewAll=department&page=,£2.10,£10.72/kg,,,/groceries/en-GB/products/264903484,https://digitalcontent.api.tesco.com/v2/media/ghs/33439dae-77ed-4582-9e2d-a9c79e9a9787/b3753cc3-d532-41da-9dc6-8a133ad94524_403411215.jpeg?h=225&w=225,
306927708,Bear Giant Yoyo Apple & Blackcurrant 5 X 20G,https://www.tesco.com/groceries/en-GB/shop/food-cupboard/all?department=Dried%20Fruit%2C%20Nuts%2C%20Nutrient%20Powders%20%26%20Seeds&viewAll=department&page=,£2.60,£2.60/100g,,,/groceries/en-GB/products/306927708,https://digitalcontent.api.tesco.com/v2/media/ghs/81c552cb-f68c-43ef-82cd-65437caa6368/10c5fcab-9fbe-40bf-9176-e13935e70d13_688898975.jpeg?h=225&w=225,
291513167,Nakd Bakwell Tart Bars 4 Pack 140G,https://www.tesco.com/groceries/en-GB/shop/food-cupboard/all?department=Dried%20Fruit%2C%20Nuts%2C%20Nutrient%20Powders%20%26%20Seeds&viewAll=department&page=,£3.00,£2.15/100g,,,/groceries/en-GB/products/291513167,https://digitalcontent.api.tesco.com/v2/media/ghs/1b59c745-ad8a-43ff-9f3b-37c8bcc0d97e/8132dbff-5c75-4d57-a442-f510ca89534d_1318529354.jpeg?h=225&w=225,
302986396,Tesco Apple & Banana Fruit Slurpers 4X90g,https://www.tesco.com/groceries/en-GB/shop/food-cupboard/all?department=Dried%20Fruit%2C%20Nuts%2C%20Nutrient%20Powders%20%26%20Seeds&viewAll=department&page=,£2.10,£0.58/100g,,,/groceries/en-GB/products/302986396,https://digitalcontent.api.tesco.com/v2/media/ghs/0d381b47-2bed-4ec1-b608-e982f58eff57/79abacc1-33e8-4b87-9479-655166f295c6_283292783.jpeg?h=225&w=225,
301970992,Fruit Bowl Raspberry Peelers 5X16g,https://www.tesco.com/groceries/en-GB/shop/food-cupboard/all?department=Dried%20Fruit%2C%20Nuts%2C%20Nutrient%20Powders%20%26%20Seeds&viewAll=department&page=,£2.50,£3.13/100g,,,/groceries/en-GB/products/301970992,https://digitalcontent.api.tesco.com/v2/media/ghs/3061b554-f41a-4268-b3c1-cf48cd7ad6cb/ab1a4973-4f94-4328-8233-fa9d3d69728d_108148254.jpeg?h=225&w=225,
265285285,Fruit Factory Fruit Strings Strawberry 5X20g,https://www.tesco.com/groceries/en-GB/shop/food-cupboard/all?department=Dried%20Fruit%2C%20Nuts%2C%20Nutrient%20Powders%20%26%20Seeds&viewAll=department&page=,£2.35,£2.35/100g,,,/groceries/en-GB/products/265285285,https://digitalcontent.api.tesco.com/v2/media/ghs/7673e8d9-8ec4-4dcc-9847-bb8aded3d41f/4795da65-d438-40ef-8351-ead9efc751f0_1236992923.jpeg?h=225&w=225,
302677029,Tesco Finest Roasted Nut Selection 190G,https://www.tesco.com/groceries/en-GB/shop/food-cupboard/all?department=Dried%20Fruit%2C%20Nuts%2C%20Nutrient%20Powders%20%26%20Seeds&viewAll=department&page=,£3.50,£18.43/kg,,,/groceries/en-GB/products/302677029,https://digitalcontent.api.tesco.com/v2/media/ghs/0edcbf52-1886-4268-a682-77687ab7ecf7/a6e2f98f-76e2-4099-b783-55ff4f26c9bb_1949167741.jpeg?h=225&w=225,
271074445,Tesco Soft Figs 440G,https://www.tesco.com/groceries/en-GB/shop/food-cupboard/all?department=Dried%20Fruit%2C%20Nuts%2C%20Nutrient%20Powders%20%26%20Seeds&viewAll=department&page=,£3.15,£7.16/kg,,,/groceries/en-GB/products/271074445,https://digitalcontent.api.tesco.com/v2/media/ghs/8024e51a-4aa7-4bb8-97de-da4d88f56c74/f75eecd3-7daa-48bc-a79f-7e1475d8398e_180754118.jpeg?h=225&w=225,
297754839,Gogo Squeez Fruit Snack Apple Strawberry 4X90g,https://www.tesco.com/groceries/en-GB/shop/food-cupboard/all?department=Dried%20Fruit%2C%20Nuts%2C%20Nutrient%20Powders%20%26%20Seeds&viewAll=department&page=,£2.55,£0.71/100g,£1.91 Clubcard Price,,/groceries/en-GB/products/297754839,https://digitalcontent.api.tesco.com/v2/media/ghs/df16e9fb-5886-49c9-8496-6f8b7bf40a12/4b2ffba8-aa3f-47bc-bd04-f7b67bf72e0a_2095892017.jpeg?h=225&w=225,
265388411,Fruit Factory Fruit Hearts Strawberry 5X20g,https://www.tesco.com/groceries/en-GB/shop/food-cupboard/all?department=Dried%20Fruit%2C%20Nuts%2C%20Nutrient%20Powders%20%26%20Seeds&viewAll=department&page=,£2.35,£2.35/100g,,,/groceries/en-GB/products/265388411,https://digitalcontent.api.tesco.com/v2/media/ghs/8c59ed8a-bd53-460c-9980-4805e66f7df4/c4d36dfc-888b-430a-bd26-7fd6c1ea3a27_277436579.jpeg?h=225&w=225,
250281502,Tesco Organic Medjool Dates 200G,https://www.tesco.com/groceries/en-GB/shop/food-cupboard/all?department=Dried%20Fruit%2C%20Nuts%2C%20Nutrient%20Powders%20%26%20Seeds&viewAll=department&page=,£2.50,£12.50/kg,,,/groceries/en-GB/products/250281502,https://digitalcontent.api.tesco.com/v2/media/ghs/1957c027-7678-49e4-8714-71436808a598/5248e971-460e-4611-812f-3603a26c2aa9.jpeg?h=225&w=225,
306802211,Forest Feast Honey & Salt Peanuts & Cashews 120G,https://www.tesco.com/groceries/en-GB/shop/food-cupboard/all?department=Dried%20Fruit%2C%20Nuts%2C%20Nutrient%20Powders%20%26%20Seeds&viewAll=department&page=,£3.20,£26.67/kg,,New,/groceries/en-GB/products/306802211,https://digitalcontent.api.tesco.com/v2/media/ghs/5be884c7-4cfd-4584-822c-77c714eb3588/bcdbd46b-2cb9-4792-ae7a-d0cfc57b2796_421733027.jpeg?h=225&w=225,
302296521,Eat Natural Simply Vegan Bars 3 X 45G,https://www.tesco.com/groceries/en-GB/shop/food-cupboard/all?department=Dried%20Fruit%2C%20Nuts%2C%20Nutrient%20Powders%20%26%20Seeds&viewAll=department&page=,£2.20,£1.63/100g,,,/groceries/en-GB/products/302296521,https://digitalcontent.api.tesco.com/v2/media/ghs/9f9734ed-c088-42be-b355-9a3a3b140b20/4f8502c3-f248-4ec5-8213-7b741ffeb539_110206064.jpeg?h=225&w=225,
297385498,Kp Salt & Vinegar Peanuts 225G,https://www.tesco.com/groceries/en-GB/shop/food-cupboard/all?department=Dried%20Fruit%2C%20Nuts%2C%20Nutrient%20Powders%20%26%20Seeds&viewAll=department&page=,£2.65,£11.78/kg,£2.00 Clubcard Price,,/groceries/en-GB/products/297385498,https://digitalcontent.api.tesco.com/v2/media/ghs/08466f26-6327-42aa-98cf-6f8561221f88/ed0ea14a-77cd-4927-bc8e-e33bb58393d4_1390636162.jpeg?h=225&w=225,
310677479,Graze Marmite Crunch Sharing Bag 100G,https://www.tesco.com/groceries/en-GB/shop/food-cupboard/all?department=Dried%20Fruit%2C%20Nuts%2C%20Nutrient%20Powders%20%26%20Seeds&viewAll=department&page=,£2.50,£25.00/kg,,,/groceries/en-GB/products/310677479,https://digitalcontent.api.tesco.com/v2/media/ghs/d249a6e1-81de-47e1-9c89-0ecdc3e2ddfe/61d7f604-666f-43a8-aa91-6c213407c1ee_729832774.jpeg?h=225&w=225,
293270980,Tesco Chilli Rice Crackers 125G,https://www.tesco.com/groceries/en-GB/shop/food-cupboard/all?department=Dried%20Fruit%2C%20Nuts%2C%20Nutrient%20Powders%20%26%20Seeds&viewAll=department&page=,£1.50,£1.20/100g,,,/groceries/en-GB/products/293270980,https://digitalcontent.api.tesco.com/v2/media/ghs/0303045e-3c7b-4470-9e77-7dac428492c0/881ec93f-9144-4dcd-8073-235e2783abc0_1153374010.jpeg?h=225&w=225,
268424848,Tesco Roasted & Salted Almonds 100G,https://www.tesco.com/groceries/en-GB/shop/food-cupboard/all?department=Dried%20Fruit%2C%20Nuts%2C%20Nutrient%20Powders%20%26%20Seeds&viewAll=department&page=,£1.50,£15.00/kg,,,/groceries/en-GB/products/268424848,https://digitalcontent.api.tesco.com/v2/media/ghs/02cad3f5-6d66-406c-a1e0-20f86a5cc5ba/a683caf0-9f8a-4541-9713-d8f20913538a_1690748945.jpeg?h=225&w=225,
302677255,Tesco Milled Flax Seed Mix 175G,https://www.tesco.com/groceries/en-GB/shop/food-cupboard/all?department=Dried%20Fruit%2C%20Nuts%2C%20Nutrient%20Powders%20%26%20Seeds&viewAll=department&page=,£1.85,£10.58/kg,,,/groceries/en-GB/products/302677255,https://digitalcontent.api.tesco.com/v2/media/ghs/0c2933da-dec1-4589-9114-1e8375e5c3c6/b36e307e-405c-48d4-a8e4-02d5a2caf8ab.jpeg?h=225&w=225,
291419849,"Eat Natural Bars Apple, Ginger & Dark Chocolate 3 X 45G",https://www.tesco.com/groceries/en-GB/shop/food-cupboard/all?department=Dried%20Fruit%2C%20Nuts%2C%20Nutrient%20Powders%20%26%20Seeds&viewAll=department&page=,£2.20,£1.63/100g,,,/groceries/en-GB/products/291419849,https://digitalcontent.api.tesco.com/v2/media/ghs/05802999-c242-4a3e-9618-30148de5bdb6/6031537e-94dd-4f4c-9929-03376a737eb4_1660081103.jpeg?h=225&w=225,
293332049,Tesco Jerky Original 40G,https://www.tesco.com/groceries/en-GB/shop/food-cupboard/all?department=Dried%20Fruit%2C%20Nuts%2C%20Nutrient%20Powders%20%26%20Seeds&viewAll=department&page=,£1.50,£3.75/100g,,,/groceries/en-GB/products/293332049,https://digitalcontent.api.tesco.com/v2/media/ghs/54064c30-78af-4874-b77c-075aa1a32a95/6bf5bdea-67c4-45cc-a212-90d20527452c_729875839.jpeg?h=225&w=225,
256056991,Wholefood Roasted Monkey Nuts 250G,https://www.tesco.com/groceries/en-GB/shop/food-cupboard/all?department=Dried%20Fruit%2C%20Nuts%2C%20Nutrient%20Powders%20%26%20Seeds&viewAll=department&page=,£1.25,£5.00/kg,,,/groceries/en-GB/products/256056991,https://digitalcontent.api.tesco.com/v2/media/ghs/2abb8138-0ead-41db-8dae-15e8eb507467/11cd2935-0418-402b-95e7-072c5d0e8e63.jpeg?h=225&w=225,
297385285,Tesco Sea Salt & Black Pepper Cashew Nuts 150G,https://www.tesco.com/groceries/en-GB/shop/food-cupboard/all?department=Dried%20Fruit%2C%20Nuts%2C%20Nutrient%20Powders%20%26%20Seeds&viewAll=department&page=,£2.00,£13.34/kg,,,/groceries/en-GB/products/297385285,https://digitalcontent.api.tesco.com/v2/media/ghs/0582ce78-0d38-4b5b-8025-4424e3991355/0f5ae37b-3ae3-4f74-9128-bbbd8876d764_111827718.jpeg?h=225&w=225,
256335966,Tesco Unsalted Roasted Monkey Nuts 300G,https://www.tesco.com/groceries/en-GB/shop/food-cupboard/all?department=Dried%20Fruit%2C%20Nuts%2C%20Nutrient%20Powders%20%26%20Seeds&viewAll=department&page=,£1.30,£4.34/kg,,,/groceries/en-GB/products/256335966,https://digitalcontent.api.tesco.com/v2/media/ghs/0a3384a4-e905-4b83-bb46-bd96a2fc98c9/9d31ec94-c9bb-45c2-b139-0cdb69b29c7f_782651147.jpeg?h=225&w=225,
293332003,Tesco Biltong Original 40G,https://www.tesco.com/groceries/en-GB/shop/food-cupboard/all?department=Dried%20Fruit%2C%20Nuts%2C%20Nutrient%20Powders%20%26%20Seeds&viewAll=department&page=,£1.50,£3.75/100g,,,/groceries/en-GB/products/293332003,https://digitalcontent.api.tesco.com/v2/media/ghs/6244e905-bba7-4a57-bf9f-843f06b5cf3e/6c65c30b-c837-4ee4-87fa-967b3c5c330c_999090015.jpeg?h=225&w=225,
258058058,Tesco Soft Figs 250G,https://www.tesco.com/groceries/en-GB/shop/food-cupboard/all?department=Dried%20Fruit%2C%20Nuts%2C%20Nutrient%20Powders%20%26%20Seeds&viewAll=department&page=,£1.85,£7.40/kg,,,/groceries/en-GB/products/258058058,https://digitalcontent.api.tesco.com/v2/media/ghs/0b10332b-910f-4d1f-bc5d-99a8f556fe52/27c41337-fd65-4b06-8b30-a59179b7e9f2_600644968.jpeg?h=225&w=225,
302677278,Tesco Milled Flax Pumpkin & Chia Seed Mix 175G,https://www.tesco.com/groceries/en-GB/shop/food-cupboard/all?department=Dried%20Fruit%2C%20Nuts%2C%20Nutrient%20Powders%20%26%20Seeds&viewAll=department&page=,£1.85,£10.58/kg,,,/groceries/en-GB/products/302677278,https://digitalcontent.api.tesco.com/v2/media/ghs/971cfaf6-f230-4973-8e38-d82d5d89a2bc/5bbf4a7e-2eb6-4182-a215-b9a95cd19d22.jpeg?h=225&w=225,
258056187,Tesco Wholefoods Prunes 250G,https://www.tesco.com/groceries/en-GB/shop/food-cupboard/all?department=Dried%20Fruit%2C%20Nuts%2C%20Nutrient%20Powders%20%26%20Seeds&viewAll=department&page=,£1.85,£7.40/kg,,,/groceries/en-GB/products/258056187,https://digitalcontent.api.tesco.com/v2/media/ghs/be83bd39-36bf-46d2-bc19-f428b79a2f52/0cb85434-1878-4abf-beb4-d9a7c3d65a5d.jpeg?h=225&w=225,
250163971,Tesco Bombay Mix 200G,https://www.tesco.com/groceries/en-GB/shop/food-cupboard/all?department=Dried%20Fruit%2C%20Nuts%2C%20Nutrient%20Powders%20%26%20Seeds&viewAll=department&page=,£0.95,£4.75/kg,,,/groceries/en-GB/products/250163971,https://digitalcontent.api.tesco.com/v2/media/ghs/480f508b-89ef-461b-9175-9ecff9bbb417/24be9fbd-e34c-4522-a7cf-f96686c65c0f_501436495.jpeg?h=225&w=225,
281282235,Tesco Mixed Fruit With Cranberry And Apricots 500G,https://www.tesco.com/groceries/en-GB/shop/food-cupboard/all?department=Dried%20Fruit%2C%20Nuts%2C%20Nutrient%20Powders%20%26%20Seeds&viewAll=department&page=,£1.90,£3.80/kg,,,/groceries/en-GB/products/281282235,https://digitalcontent.api.tesco.com/v2/media/ghs/47797e35-3d50-401d-b6b5-24d26e79c39d/0890b134-96da-4e5f-a502-23cff9cd52e3_1976400758.jpeg?h=225&w=225,
299497656,Tesco Almonds 25G,https://www.tesco.com/groceries/en-GB/shop/food-cupboard/all?department=Dried%20Fruit%2C%20Nuts%2C%20Nutrient%20Powders%20%26%20Seeds&viewAll=department&page=,£0.60,£2.40/100g,Any 3 for 2 Clubcard Price - Cheapest Product Free - Selected Tesco Dried Fruit Or Nuts,,/groceries/en-GB/products/299497656,https://digitalcontent.api.tesco.com/v2/media/ghs/89f8872b-bc31-4e56-8fcc-7fb96a669e8b/def361fa-8537-42a4-ab1c-1c7331b40760.jpeg?h=225&w=225,
287219084,Tesco Snacking Pistachio 50G,https://www.tesco.com/groceries/en-GB/shop/food-cupboard/all?department=Dried%20Fruit%2C%20Nuts%2C%20Nutrient%20Powders%20%26%20Seeds&viewAll=department&page=,£0.85,£17.00/kg,Any 3 for 2 Clubcard Price - Cheapest Product Free - Selected Tesco Dried Fruit Or Nuts,,/groceries/en-GB/products/287219084,https://digitalcontent.api.tesco.com/v2/media/ghs/a9f66467-2747-402b-a259-8216992731f7/1300ce65-ae17-4e4f-b9bb-3625f892d20f.jpeg?h=225&w=225,
283111885,Tesco Brazil Nuts Snack Pack 60G,https://www.tesco.com/groceries/en-GB/shop/food-cupboard/all?department=Dried%20Fruit%2C%20Nuts%2C%20Nutrient%20Powders%20%26%20Seeds&viewAll=department&page=,£0.85,£1.42/100g,Any 3 for 2 Clubcard Price - Cheapest Product Free - Selected Tesco Dried Fruit Or Nuts,,/groceries/en-GB/products/283111885,https://digitalcontent.api.tesco.com/v2/media/ghs/86d09880-e111-42ed-aff0-a0c3ffea1c2b/87d010d9-46bb-4727-adcb-d3362565272d.jpeg?h=225&w=225,
262291161,Tesco Wholefood Luxury Fruit & Nut Mix 300G,https://www.tesco.com/groceries/en-GB/shop/food-cupboard/all?department=Dried%20Fruit%2C%20Nuts%2C%20Nutrient%20Powders%20%26%20Seeds&viewAll=department&page=,£4.00,£13.34/kg,,,/groceries/en-GB/products/262291161,https://digitalcontent.api.tesco.com/v2/media/ghs/66625059-0195-49ee-863b-53e2c9d23f87/c61865e0-8ecd-4afb-85f2-07ca041df4b2_1126348694.jpeg?h=225&w=225,
271074088,Tesco Hazelnuts 250G,https://www.tesco.com/groceries/en-GB/shop/food-cupboard/all?department=Dried%20Fruit%2C%20Nuts%2C%20Nutrient%20Powders%20%26%20Seeds&viewAll=department&page=,£3.50,£14.00/kg,,,/groceries/en-GB/products/271074088,https://digitalcontent.api.tesco.com/v2/media/ghs/d34a6b94-cb14-4484-ae9c-f233479f5cdb/63e32c54-ff2d-41c1-a602-ced476e338e4_664697453.jpeg?h=225&w=225,
271666804,Tesco Shelled Pistachio Nuts 250G,https://www.tesco.com/groceries/en-GB/shop/food-cupboard/all?department=Dried%20Fruit%2C%20Nuts%2C%20Nutrient%20Powders%20%26%20Seeds&viewAll=department&page=,£5.55,£22.20/kg,,,/groceries/en-GB/products/271666804,https://digitalcontent.api.tesco.com/v2/media/ghs/7c8b0b5b-c816-479a-8b87-f3eda0fa206d/382548d5-da54-4874-8349-85067e6b1386_1903120931.jpeg?h=225&w=225,
309481930,Bear Smoothie Yoyos Blueberry & Banana 5X20g,https://www.tesco.com/groceries/en-GB/shop/food-cupboard/all?department=Dried%20Fruit%2C%20Nuts%2C%20Nutrient%20Powders%20%26%20Seeds&viewAll=department&page=,£2.60,£2.60/100g,,,/groceries/en-GB/products/309481930,https://digitalcontent.api.tesco.com/v2/media/ghs/e5cfda02-cfe2-42d9-90bf-2aa3572afccf/e906c224-b9f9-405f-a11e-c78ed7b92bca_1011091236.jpeg?h=225&w=225,
308870949,Tesco Cranberries 100G,https://www.tesco.com/groceries/en-GB/shop/food-cupboard/all?department=Dried%20Fruit%2C%20Nuts%2C%20Nutrient%20Powders%20%26%20Seeds&viewAll=department&page=,£1.85,£18.50/kg,,,/groceries/en-GB/products/308870949,https://digitalcontent.api.tesco.com/v2/media/ghs/4825074f-7ead-4a2a-9ca5-606a589f2cce/f9ad965e-b887-4cc8-8986-bfd720b3c9ee.jpeg?h=225&w=225,
285964528,Nakd Cashew Cookie Bars 4 Pack 140G,https://www.tesco.com/groceries/en-GB/shop/food-cupboard/all?department=Dried%20Fruit%2C%20Nuts%2C%20Nutrient%20Powders%20%26%20Seeds&viewAll=department&page=,£3.00,£2.15/100g,,,/groceries/en-GB/products/285964528,https://digitalcontent.api.tesco.com/v2/media/ghs/b9979058-8575-40ea-9df6-7c279f1c0447/07c6d501-d536-4dc5-8414-8dd6627166cb_602258159.jpeg?h=225&w=225,
308467569,Nakd Peanut Delight Fruit & Peanut Bars 4X35g,https://www.tesco.com/groceries/en-GB/shop/food-cupboard/all?department=Dried%20Fruit%2C%20Nuts%2C%20Nutrient%20Powders%20%26%20Seeds&viewAll=department&page=,£3.00,£2.15/100g,,,/groceries/en-GB/products/308467569,https://digitalcontent.api.tesco.com/v2/media/ghs/e16133ef-6c96-4f36-a04a-c0a9efecc6dd/8a850641-3b4a-48ce-9f38-f660aca72037_1035459842.jpeg?h=225&w=225,
296119661,Nakd Lemon Drizzle Bars 4X35g,https://www.tesco.com/groceries/en-GB/shop/food-cupboard/all?department=Dried%20Fruit%2C%20Nuts%2C%20Nutrient%20Powders%20%26%20Seeds&viewAll=department&page=,£3.00,£2.15/100g,,,/groceries/en-GB/products/296119661,https://digitalcontent.api.tesco.com/v2/media/ghs/986e07cf-c9a2-4dc1-a60c-748546838884/8d65ad32-3e7b-41f8-bfad-5025039f4fc3_2036574762.jpeg?h=225&w=225,
299581631,Kp Unsalted Peanuts 250G,https://www.tesco.com/groceries/en-GB/shop/food-cupboard/all?department=Dried%20Fruit%2C%20Nuts%2C%20Nutrient%20Powders%20%26%20Seeds&viewAll=department&page=,£2.65,£10.60/kg,,,/groceries/en-GB/products/299581631,https://digitalcontent.api.tesco.com/v2/media/ghs/455123f6-9173-48f2-982e-8a82b44b9172/86e9ca1f-5cae-4afc-b9f2-406ad423d9ad_2097193879.jpeg?h=225&w=225,
308499208,Nakd Berry Delight Fruit & Nut Bars 4X35g,https://www.tesco.com/groceries/en-GB/shop/food-cupboard/all?department=Dried%20Fruit%2C%20Nuts%2C%20Nutrient%20Powders%20%26%20Seeds&viewAll=department&page=,£3.00,£2.15/100g,,,/groceries/en-GB/products/308499208,https://digitalcontent.api.tesco.com/v2/media/ghs/f252605b-8365-4a2e-851a-d21e0fcdc21f/738ac2be-fbed-4f44-bd11-9a05de46dcc5_1811361501.jpeg?h=225&w=225,
306942056,Bear Bites Strawberry & Butternut Squash 5 Pack,https://www.tesco.com/groceries/en-GB/shop/food-cupboard/all?department=Dried%20Fruit%2C%20Nuts%2C%20Nutrient%20Powders%20%26%20Seeds&viewAll=department&page=,£2.60,£2.89/100g,,,/groceries/en-GB/products/306942056,https://digitalcontent.api.tesco.com/v2/media/ghs/ef37bc8f-7f96-4a6d-8193-13ee27f9eff7/9ba4f54e-33ed-410f-847d-650e631aea81_709121062.jpeg?h=225&w=225,
258141777,Whitworths Sunny Raisin 6 X42.5G,https://www.tesco.com/groceries/en-GB/shop/food-cupboard/all?department=Dried%20Fruit%2C%20Nuts%2C%20Nutrient%20Powders%20%26%20Seeds&viewAll=department&page=,£2.10,£8.24/kg,,,/groceries/en-GB/products/258141777,https://digitalcontent.api.tesco.com/v2/media/ghs/49e0f599-4088-400c-a0a6-1a0a5113e60a/abb40cdb-d1ae-47f9-a9fc-829499c10d0d_1223081979.jpeg?h=225&w=225,
271072948,Tesco Mango 200G,https://www.tesco.com/groceries/en-GB/shop/food-cupboard/all?department=Dried%20Fruit%2C%20Nuts%2C%20Nutrient%20Powders%20%26%20Seeds&viewAll=department&page=,£3.15,£15.75/kg,,,/groceries/en-GB/products/271072948,https://digitalcontent.api.tesco.com/v2/media/ghs/6e8c298f-0f0b-4c16-b28e-1831266cf67a/2e214c9b-d540-4480-bcf3-7e45525cfe35_865827102.jpeg?h=225&w=225,
301970979,Fruit Bowl Blackcurrant Peelers 5X16g,https://www.tesco.com/groceries/en-GB/shop/food-cupboard/all?department=Dried%20Fruit%2C%20Nuts%2C%20Nutrient%20Powders%20%26%20Seeds&viewAll=department&page=,£2.50,£3.13/100g,,,/groceries/en-GB/products/301970979,https://digitalcontent.api.tesco.com/v2/media/ghs/b34fa763-66a1-44aa-b41a-f106b139a9b0/b8b1baee-4574-4236-843f-a71cc9fc3895_2098434105.jpeg?h=225&w=225,
266375344,Tesco Pistachio Nuts 200G,https://www.tesco.com/groceries/en-GB/shop/food-cupboard/all?department=Dried%20Fruit%2C%20Nuts%2C%20Nutrient%20Powders%20%26%20Seeds&viewAll=department&page=,£2.65,£13.25/kg,,,/groceries/en-GB/products/266375344,https://digitalcontent.api.tesco.com/v2/media/ghs/416cc438-2e03-4962-85e8-74b9a8deacf6/8dddfecf-e3b5-46dd-bbd1-20463035b066.jpeg?h=225&w=225,
308103494,Kind Caramel Almond & Sea Salt Nut Bars 3X30g,https://www.tesco.com/groceries/en-GB/shop/food-cupboard/all?department=Dried%20Fruit%2C%20Nuts%2C%20Nutrient%20Powders%20%26%20Seeds&viewAll=department&page=,£3.00,£3.34/100g,,,/groceries/en-GB/products/308103494,https://digitalcontent.api.tesco.com/v2/media/ghs/b22e5ce6-2457-43f3-8c27-b45e61538715/2971c502-ebcf-4de9-b7f8-7e0b42c781ef_252428604.jpeg?h=225&w=225,
308116029,Kind Peanut Butter & Dark Chocolate Nut Bars 3 X 30G,https://www.tesco.com/groceries/en-GB/shop/food-cupboard/all?department=Dried%20Fruit%2C%20Nuts%2C%20Nutrient%20Powders%20%26%20Seeds&viewAll=department&page=,£3.00,£3.34/100g,,,/groceries/en-GB/products/308116029,https://digitalcontent.api.tesco.com/v2/media/ghs/2914954a-3174-44c1-ba30-4db6235bcc8f/3f6bbd47-e209-4d7b-a367-1d0ca8911db8_1199377125.jpeg?h=225&w=225,
275930653,Whitworths Chopped Dates 250G,https://www.tesco.com/groceries/en-GB/shop/food-cupboard/all?department=Dried%20Fruit%2C%20Nuts%2C%20Nutrient%20Powders%20%26%20Seeds&viewAll=department&page=,£2.00,£8.00/kg,,,/groceries/en-GB/products/275930653,https://digitalcontent.api.tesco.com/v2/media/ghs/e0881321-11bb-4968-82f4-8927979e1b58/ec0c7188-94b4-4534-b4b4-51b85797a773_1070996791.jpeg?h=225&w=225,
312085491,Fruit Factory 4 Flavour Fruit Twists 5 X 18G,https://www.tesco.com/groceries/en-GB/shop/food-cupboard/all?department=Dried%20Fruit%2C%20Nuts%2C%20Nutrient%20Powders%20%26%20Seeds&viewAll=department&page=,£2.35,£26.12/kg,,,/groceries/en-GB/products/312085491,https://digitalcontent.api.tesco.com/v2/media/ghs/d1df7903-1122-4e73-a44b-65f25e45a8c6/6584022e-4ef8-4465-b9d6-6b44b48b6ac0_256190373.jpeg?h=225&w=225,
286783372,Whitworths Chopped Apricots 140G,https://www.tesco.com/groceries/en-GB/shop/food-cupboard/all?department=Dried%20Fruit%2C%20Nuts%2C%20Nutrient%20Powders%20%26%20Seeds&viewAll=department&page=,£2.00,£14.29/kg,,,/groceries/en-GB/products/286783372,https://digitalcontent.api.tesco.com/v2/media/ghs/4ed13cdc-42bf-47f9-89c9-e723123246e3/3ab36d5a-726c-442d-b0ce-e971ea000360_2015331421.jpeg?h=225&w=225,
309202507,Fruit Bowl Dino Eggs 5X20g,https://www.tesco.com/groceries/en-GB/shop/food-cupboard/all?department=Dried%20Fruit%2C%20Nuts%2C%20Nutrient%20Powders%20%26%20Seeds&viewAll=department&page=,£2.25,£2.25/100g,,,/groceries/en-GB/products/309202507,https://digitalcontent.api.tesco.com/v2/media/ghs/2f67393f-98dd-43f7-989f-80a91ebace60/887cc681-55b8-46e3-943b-7a87e0f17dd3_2041370877.jpeg?h=225&w=225,
306502105,Fulfil Chocolate Salted Caramel Vitamin & Protein Bar 40G,https://www.tesco.com/groceries/en-GB/shop/food-cupboard/all?department=Dried%20Fruit%2C%20Nuts%2C%20Nutrient%20Powders%20%26%20Seeds&viewAll=department&page=,£1.50,£3.75/100g,"£3.40 Meal Deal Clubcard Price £3.90 Meal Deal Regular Price - Selected Drink, Snack, Wrap, Sandwich, Roll, Pasty Or Salad",,/groceries/en-GB/products/306502105,https://digitalcontent.api.tesco.com/v2/media/ghs/55a00243-687c-4ffc-a97d-d79a9c9f950b/6d3bd24e-b421-476a-8562-ed83b1ed4753_241936335.jpeg?h=225&w=225,
255300836,Tesco Ready To Eat Prunes 250G,https://www.tesco.com/groceries/en-GB/shop/food-cupboard/all?department=Dried%20Fruit%2C%20Nuts%2C%20Nutrient%20Powders%20%26%20Seeds&viewAll=department&page=,£2.00,£8.00/kg,,,/groceries/en-GB/products/255300836,https://digitalcontent.api.tesco.com/v2/media/ghs/1b3baf32-04b9-40ca-8846-70033a22de27/e2ed21f1-9f01-4c0c-a921-987315c5b605_1087129695.jpeg?h=225&w=225,
262929382,Urban Fruit Dried Mango Slices 100G,https://www.tesco.com/groceries/en-GB/shop/food-cupboard/all?department=Dried%20Fruit%2C%20Nuts%2C%20Nutrient%20Powders%20%26%20Seeds&viewAll=department&page=,£2.40,£24.00/kg,Any 2 for £4 Clubcard Price - Selected Urban Fruit 75g-100g,,/groceries/en-GB/products/262929382,https://digitalcontent.api.tesco.com/v2/media/ghs/b8a521a3-21bf-4258-8a31-c6c216afe971/snapshotimagehandler_145124239.jpeg?h=225&w=225,
282800132,Sensation Walkers Mexian Smoked Chilli Nuts 150G,https://www.tesco.com/groceries/en-GB/shop/food-cupboard/all?department=Dried%20Fruit%2C%20Nuts%2C%20Nutrient%20Powders%20%26%20Seeds&viewAll=department&page=,£1.99,£1.33/100g,,,/groceries/en-GB/products/282800132,https://digitalcontent.api.tesco.com/v2/media/ghs/c78b2a5f-affc-490a-891e-0c046790328c/f4eb2d45-da03-4e7a-a028-7c6c35b66232_967202864.jpeg?h=225&w=225,
297385515,Kp Honey Roast Peanuts 225G,https://www.tesco.com/groceries/en-GB/shop/food-cupboard/all?department=Dried%20Fruit%2C%20Nuts%2C%20Nutrient%20Powders%20%26%20Seeds&viewAll=department&page=,£2.65,£11.78/kg,£2.00 Clubcard Price,,/groceries/en-GB/products/297385515,https://digitalcontent.api.tesco.com/v2/media/ghs/343c2493-f81a-493d-937a-6c97f3cf7376/8b5ed316-f07e-4e99-a026-acbefeded5e3_1252390510.jpeg?h=225&w=225,
253024164,Tesco Ready To Eat Apricots 250G,https://www.tesco.com/groceries/en-GB/shop/food-cupboard/all?department=Dried%20Fruit%2C%20Nuts%2C%20Nutrient%20Powders%20%26%20Seeds&viewAll=department&page=,£2.00,£8.00/kg,,,/groceries/en-GB/products/253024164,https://digitalcontent.api.tesco.com/v2/media/ghs/ed7bfcb2-8f34-41e5-9758-a7f50aa4fb6b/4d65d554-49ff-46e7-ad94-20ee0c8ef806_2040565310.jpeg?h=225&w=225,
290594532,Tesco Flax Seeds 150G,https://www.tesco.com/groceries/en-GB/shop/food-cupboard/all?department=Dried%20Fruit%2C%20Nuts%2C%20Nutrient%20Powders%20%26%20Seeds&viewAll=department&page=,£1.00,£6.67/kg,,,/groceries/en-GB/products/290594532,https://digitalcontent.api.tesco.com/v2/media/ghs/35f0eb47-9a42-46f0-a093-1660731a2d4c/a9039d51-30e7-4cd9-8c21-66bfcd7a094a_1713539621.jpeg?h=225&w=225,
293332683,Graze Sea Salt & Pepper Veggie Protein Power 128G,https://www.tesco.com/groceries/en-GB/shop/food-cupboard/all?department=Dried%20Fruit%2C%20Nuts%2C%20Nutrient%20Powders%20%26%20Seeds&viewAll=department&page=,£2.50,£1.96/100g,,,/groceries/en-GB/products/293332683,https://digitalcontent.api.tesco.com/v2/media/ghs/8e77d1c9-5941-47f1-bbd3-9c861b8c7c0f/76bda9ff-738f-412f-a999-d6232ec56a50_863829696.jpeg?h=225&w=225,
309488940,Tesco 5 Banana Bites With A Yogurt Coating 125G,https://www.tesco.com/groceries/en-GB/shop/food-cupboard/all?department=Dried%20Fruit%2C%20Nuts%2C%20Nutrient%20Powders%20%26%20Seeds&viewAll=department&page=,£2.00,£1.60/100g,,,/groceries/en-GB/products/309488940,https://digitalcontent.api.tesco.com/v2/media/ghs/d2d6fbcd-d519-4dc6-885c-2588aff8dbee/260bf036-b6b9-43cc-be22-cd95b62d0b9e_1518340941.jpeg?h=225&w=225,
301087183,Love Corn Sea Salt 115G,https://www.tesco.com/groceries/en-GB/shop/food-cupboard/all?department=Dried%20Fruit%2C%20Nuts%2C%20Nutrient%20Powders%20%26%20Seeds&viewAll=department&page=,£2.00,£1.74/100g,,,/groceries/en-GB/products/301087183,https://digitalcontent.api.tesco.com/v2/media/ghs/1489d16b-26b8-4359-9eaf-d0d0c4712e65/f2db3b87-ca0c-44c4-8de3-849a5361d32b_1719605977.jpeg?h=225&w=225,
276377684,Tesco Golden Flaxseeds 250G,https://www.tesco.com/groceries/en-GB/shop/food-cupboard/all?department=Dried%20Fruit%2C%20Nuts%2C%20Nutrient%20Powders%20%26%20Seeds&viewAll=department&page=,£1.15,£4.60/kg,,,/groceries/en-GB/products/276377684,https://digitalcontent.api.tesco.com/v2/media/ghs/6f8cafdd-c2bc-4624-9d8c-562462014e7c/212a9904-0b54-40cc-8b5e-2768a9d1bbc1_1367819473.jpeg?h=225&w=225,
312211705,Kellogg's Fruit Winders Mango 5 X 17G,https://www.tesco.com/groceries/en-GB/shop/food-cupboard/all?department=Dried%20Fruit%2C%20Nuts%2C%20Nutrient%20Powders%20%26%20Seeds&viewAll=department&page=,£1.25,£14.71/kg,,,/groceries/en-GB/products/312211705,https://digitalcontent.api.tesco.com/v2/media/ghs/2c75ed76-c7e3-4443-9de1-7baded7c3fab/fe8e4dc4-2ade-4d78-b9ad-3e0d4de45690_1081814533.jpeg?h=225&w=225,
299581654,Kp Original Salted Peanuts 375G,https://www.tesco.com/groceries/en-GB/shop/food-cupboard/all?department=Dried%20Fruit%2C%20Nuts%2C%20Nutrient%20Powders%20%26%20Seeds&viewAll=department&page=,£3.25,£0.87/100g,£2.75 Clubcard Price,,/groceries/en-GB/products/299581654,https://digitalcontent.api.tesco.com/v2/media/ghs/e4c192ba-397b-45eb-89a7-3c0219cee236/864926c3-5ef7-4aa4-b0d7-6bf547274981_637147708.jpeg?h=225&w=225,
307145376,Marmite Oven Baked Cashews 90G,https://www.tesco.com/groceries/en-GB/shop/food-cupboard/all?department=Dried%20Fruit%2C%20Nuts%2C%20Nutrient%20Powders%20%26%20Seeds&viewAll=department&page=,£2.00,£22.23/kg,£1.50 Clubcard Price,,/groceries/en-GB/products/307145376,https://digitalcontent.api.tesco.com/v2/media/ghs/b7ca14b3-d991-4b89-8d23-1618457a095e/334d9019-da3b-405c-83a6-798f55fb2f54_1586273686.jpeg?h=225&w=225,
308099031,Whitworths Sunny Fruit Mix Ups Apricot & Mango 4X18g,https://www.tesco.com/groceries/en-GB/shop/food-cupboard/all?department=Dried%20Fruit%2C%20Nuts%2C%20Nutrient%20Powders%20%26%20Seeds&viewAll=department&page=,£1.00,£1.39/100g,,,/groceries/en-GB/products/308099031,https://digitalcontent.api.tesco.com/v2/media/ghs/37f73341-66dd-433b-b998-abb926801c0f/79a4bc8a-3720-4fa5-ad62-9700f4b828e6_680562736.jpeg?h=225&w=225,
283112187,Tesco Chocolate Fruit & Nut Mix Snack Pack 60G,https://www.tesco.com/groceries/en-GB/shop/food-cupboard/all?department=Dried%20Fruit%2C%20Nuts%2C%20Nutrient%20Powders%20%26%20Seeds&viewAll=department&page=,£0.85,£14.17/kg,,,/groceries/en-GB/products/283112187,https://digitalcontent.api.tesco.com/v2/media/ghs/54193900-94aa-45e0-8166-1a472ffd73d3/c3220284-08c4-4f8b-9084-7a4e57591963.jpeg?h=225&w=225,
297385129,Tesco Coated Peanuts Pigs In Blankets 200G,https://www.tesco.com/groceries/en-GB/shop/food-cupboard/all?department=Dried%20Fruit%2C%20Nuts%2C%20Nutrient%20Powders%20%26%20Seeds&viewAll=department&page=,£1.20,£0.60/100g,£1.00 Clubcard Price,,/groceries/en-GB/products/297385129,https://digitalcontent.api.tesco.com/v2/media/ghs/26447959-bda3-4bc8-b746-6e70940f0ece/86dba961-d84a-4742-a1b2-4d3d47aba02e_514895492.jpeg?h=225&w=225,
301555960,Grower's Harvest Island Mix 300G,https://www.tesco.com/groceries/en-GB/shop/food-cupboard/all?department=Dried%20Fruit%2C%20Nuts%2C%20Nutrient%20Powders%20%26%20Seeds&viewAll=department&page=,£1.29,£4.30/kg,,,/groceries/en-GB/products/301555960,https://digitalcontent.api.tesco.com/v2/media/ghs/131a1a4c-2da4-4db0-a31f-80800658385e/0c419961-00a0-4d37-bb91-5eda27d231fd_1781617340.jpeg?h=225&w=225,
301555948,Grower's Harvest Trail Mix 300G,https://www.tesco.com/groceries/en-GB/shop/food-cupboard/all?department=Dried%20Fruit%2C%20Nuts%2C%20Nutrient%20Powders%20%26%20Seeds&viewAll=department&page=,£1.29,£4.30/kg,Aldi Price Match,,/groceries/en-GB/products/301555948,https://digitalcontent.api.tesco.com/v2/media/ghs/0f2c2f28-8fd4-4c16-9f0e-a2f0e9209c62/b8bce043-c476-4bb8-82f6-0e1a332b5102_1389112777.jpeg?h=225&w=225,
283112072,Tesco Salt & Pepper Nut Mix Snack Pack 55G,https://www.tesco.com/groceries/en-GB/shop/food-cupboard/all?department=Dried%20Fruit%2C%20Nuts%2C%20Nutrient%20Powders%20%26%20Seeds&viewAll=department&page=,£0.85,£15.46/kg,Any 3 for 2 Clubcard Price - Cheapest Product Free - Selected Tesco Dried Fruit Or Nuts,,/groceries/en-GB/products/283112072,https://digitalcontent.api.tesco.com/v2/media/ghs/ceb05293-64f4-40c1-aa54-6815a7f4fc9a/83cfbf08-59e2-445a-a5f8-8de696f3a607.jpeg?h=225&w=225,
268954572,Tesco Roasted Nut Mix 45G,https://www.tesco.com/groceries/en-GB/shop/food-cupboard/all?department=Dried%20Fruit%2C%20Nuts%2C%20Nutrient%20Powders%20%26%20Seeds&viewAll=department&page=,£0.85,£18.89/kg,Any 3 for 2 Clubcard Price - Cheapest Product Free - Selected Tesco Dried Fruit Or Nuts,,/groceries/en-GB/products/268954572,https://digitalcontent.api.tesco.com/v2/media/ghs-mktg/b0b04216-fa73-466d-a9d7-c9fcfa1ce9b3/no-image.jpeg,
284458968,Linwoods Milled Organic Flaxseed 425G,https://www.tesco.com/groceries/en-GB/shop/food-cupboard/all?department=Dried%20Fruit%2C%20Nuts%2C%20Nutrient%20Powders%20%26%20Seeds&viewAll=department&page=,£5.80,£13.65/kg,,,/groceries/en-GB/products/284458968,https://digitalcontent.api.tesco.com/v2/media/ghs/49b91167-14e0-488d-b0d4-6a489e5d93e8/80859f09-6031-4c4c-9b28-1ba694d7cc47_1109685043.jpeg?h=225&w=225,
311792248,Tesco Chia Seeds 500G,https://www.tesco.com/groceries/en-GB/shop/food-cupboard/all?department=Dried%20Fruit%2C%20Nuts%2C%20Nutrient%20Powders%20%26%20Seeds&viewAll=department&page=,£5.00,£1.00/100g,,,/groceries/en-GB/products/311792248,https://digitalcontent.api.tesco.com/v2/media/ghs/5dedcdda-1944-4d2b-8124-d071e7ae50f4/b7ebdc4c-64e6-4f3a-8357-f4f992f6ab51_548783498.jpeg?h=225&w=225,
271063176,Tesco Pine Nuts 150G,https://www.tesco.com/groceries/en-GB/shop/food-cupboard/all?department=Dried%20Fruit%2C%20Nuts%2C%20Nutrient%20Powders%20%26%20Seeds&viewAll=department&page=,£5.70,£38.00/kg,,,/groceries/en-GB/products/271063176,https://digitalcontent.api.tesco.com/v2/media/ghs/5ae772d2-76eb-4d5f-9c10-b07f97f2c665/a0423786-0fd1-490b-b220-3c87576d3f07_669152103.jpeg?h=225&w=225,
302173799,Forest Feast Preda Fair-Trade Dried Mango 100G,https://www.tesco.com/groceries/en-GB/shop/food-cupboard/all?department=Dried%20Fruit%2C%20Nuts%2C%20Nutrient%20Powders%20%26%20Seeds&viewAll=department&page=,£3.30,£33.00/kg,,,/groceries/en-GB/products/302173799,https://digitalcontent.api.tesco.com/v2/media/ghs/b636c1e8-4083-4d5e-b85c-2e2162e61e2c/ead07945-d094-40a3-88b4-ef9dc1b72067_2028763637.jpeg?h=225&w=225,
256515195,Tesco Sunflower Seeds 300G,https://www.tesco.com/groceries/en-GB/shop/food-cupboard/all?department=Dried%20Fruit%2C%20Nuts%2C%20Nutrient%20Powders%20%26%20Seeds&viewAll=department&page=,£2.40,£8.00/kg,,,/groceries/en-GB/products/256515195,https://digitalcontent.api.tesco.com/v2/media/ghs/3d5aa53f-ad21-4353-bc64-a735ea3512fd/d1c0361f-741f-4a26-9062-4126c32709a3_1193124848.jpeg?h=225&w=225,
262874330,Tesco Wholefood Ready To Eat Prunes 1Kg,https://www.tesco.com/groceries/en-GB/shop/food-cupboard/all?department=Dried%20Fruit%2C%20Nuts%2C%20Nutrient%20Powders%20%26%20Seeds&viewAll=department&page=,£6.25,£6.25/kg,,,/groceries/en-GB/products/262874330,https://digitalcontent.api.tesco.com/v2/media/ghs/ad363f06-e16c-47d6-94b8-b598ed2cc2da/deef9e96-5d2b-44b0-a81c-1745c319f6ed_1446451978.jpeg?h=225&w=225,
260942646,Tesco Organic Fair Trade Cashew Nuts 150G,https://www.tesco.com/groceries/en-GB/shop/food-cupboard/all?department=Dried%20Fruit%2C%20Nuts%2C%20Nutrient%20Powders%20%26%20Seeds&viewAll=department&page=,£3.20,£21.34/kg,,,/groceries/en-GB/products/260942646,https://digitalcontent.api.tesco.com/v2/media/ghs/b7a006eb-ee36-48ce-9586-78f888e3984b/f85eef92-c354-4fcb-b59c-28269321dd2c.jpeg?h=225&w=225,
258580504,Tesco Organic Mixed Nuts 200G,https://www.tesco.com/groceries/en-GB/shop/food-cupboard/all?department=Dried%20Fruit%2C%20Nuts%2C%20Nutrient%20Powders%20%26%20Seeds&viewAll=department&page=,£3.20,£16.00/kg,,,/groceries/en-GB/products/258580504,https://digitalcontent.api.tesco.com/v2/media/ghs/9240b514-29a0-44c2-ba27-9870f1c83c3a/4388ecc1-49ac-4b1a-a2c0-8791e39e21c6.jpeg?h=225&w=225,
309456108,Tesco Organic Dried Mango 100G,https://www.tesco.com/groceries/en-GB/shop/food-cupboard/all?department=Dried%20Fruit%2C%20Nuts%2C%20Nutrient%20Powders%20%26%20Seeds&viewAll=department&page=,£2.50,£25.00/kg,,,/groceries/en-GB/products/309456108,https://digitalcontent.api.tesco.com/v2/media/ghs/1f098a2d-b595-441b-a397-0602b3df543c/393a861b-f44d-4330-9db1-8d0aa79ac5b1_1779447169.jpeg?h=225&w=225,
260259682,Tesco Sesame Seeds 300G,https://www.tesco.com/groceries/en-GB/shop/food-cupboard/all?department=Dried%20Fruit%2C%20Nuts%2C%20Nutrient%20Powders%20%26%20Seeds&viewAll=department&page=,£2.40,£8.00/kg,,,/groceries/en-GB/products/260259682,https://digitalcontent.api.tesco.com/v2/media/ghs/508b9dd1-1625-4fe9-af7d-160e5177f5c4/321d1437-1070-4652-9fce-ad9c39671761_169121996.jpeg?h=225&w=225,
271072378,Tesco Cashew Nuts & Raisins 200G,https://www.tesco.com/groceries/en-GB/shop/food-cupboard/all?department=Dried%20Fruit%2C%20Nuts%2C%20Nutrient%20Powders%20%26%20Seeds&viewAll=department&page=,£2.30,£11.50/kg,,,/groceries/en-GB/products/271072378,https://digitalcontent.api.tesco.com/v2/media/ghs/e5560563-da27-4a85-b157-9198972f8c72/d684a2a1-ea4d-4cfd-a14d-cc2bc9ec4d69_1475766959.jpeg?h=225&w=225,
259463129,Tesco Whole Blanched Hazelnuts 100G,https://www.tesco.com/groceries/en-GB/shop/food-cupboard/all?department=Dried%20Fruit%2C%20Nuts%2C%20Nutrient%20Powders%20%26%20Seeds&viewAll=department&page=,£2.00,£20.00/kg,,,/groceries/en-GB/products/259463129,https://digitalcontent.api.tesco.com/v2/media/ghs/0ea94239-e92e-43de-960b-1de37f70466e/349aa576-5f63-406c-9df5-c29d48417543_1689042272.jpeg?h=225&w=225,
262925566,Urban Fruit Dried Strawberries 90G,https://www.tesco.com/groceries/en-GB/shop/food-cupboard/all?department=Dried%20Fruit%2C%20Nuts%2C%20Nutrient%20Powders%20%26%20Seeds&viewAll=department&page=,£2.40,£26.67/kg,Any 2 for £4 Clubcard Price - Selected Urban Fruit 75g-100g,,/groceries/en-GB/products/262925566,https://digitalcontent.api.tesco.com/v2/media/ghs/22265afa-0e7a-4549-a209-18fd5be80e4e/snapshotimagehandler_1995307035.jpeg?h=225&w=225,
309450339,Bear Smoothie Fruit Yoyo Peach & Banana 5 X 20G,https://www.tesco.com/groceries/en-GB/shop/food-cupboard/all?department=Dried%20Fruit%2C%20Nuts%2C%20Nutrient%20Powders%20%26%20Seeds&viewAll=department&page=,£2.60,£2.60/100g,,,/groceries/en-GB/products/309450339,https://digitalcontent.api.tesco.com/v2/media/ghs/183aa032-baaa-43a7-9551-4d05f7acb70b/57034f85-96fb-4a97-97fe-c2c430d14340_906448558.jpeg?h=225&w=225,
306945491,Bear Bites Blackcurrant & Beetroot 5 X 18G,https://www.tesco.com/groceries/en-GB/shop/food-cupboard/all?department=Dried%20Fruit%2C%20Nuts%2C%20Nutrient%20Powders%20%26%20Seeds&viewAll=department&page=,£2.60,£2.89/100g,,,/groceries/en-GB/products/306945491,https://digitalcontent.api.tesco.com/v2/media/ghs/4f62c0ab-40bc-4650-ae4f-4ec09c8bf004/7d3ca5f7-35f9-43b3-809e-d69cf936dd9f_1344565914.jpeg?h=225&w=225,
302088255,Fulfil Salted Caramel Vitamin Protein Bar 55G,https://www.tesco.com/groceries/en-GB/shop/food-cupboard/all?department=Dried%20Fruit%2C%20Nuts%2C%20Nutrient%20Powders%20%26%20Seeds&viewAll=department&page=,£2.70,£4.91/100g,£2.00 Clubcard Price,,/groceries/en-GB/products/302088255,https://digitalcontent.api.tesco.com/v2/media/ghs/db0ac5b8-d081-4172-af64-80b8a86c11f4/028b42a5-1afd-41d4-9e0d-dbe885942ba4_210982536.jpeg?h=225&w=225,
287001289,Organix Banana & Date 6 X 17G,https://www.tesco.com/groceries/en-GB/shop/food-cupboard/all?department=Dried%20Fruit%2C%20Nuts%2C%20Nutrient%20Powders%20%26%20Seeds&viewAll=department&page=,£2.50,£2.46/100g,,,/groceries/en-GB/products/287001289,https://digitalcontent.api.tesco.com/v2/media/ghs/c2810b88-e2a2-438e-b981-bf98dcdd3574/cdd22961-9ea5-4683-9ab9-cbf2d5f0189b_512498495.jpeg?h=225&w=225,
262925720,Urban Fruit Dried Pineapple 100G,https://www.tesco.com/groceries/en-GB/shop/food-cupboard/all?department=Dried%20Fruit%2C%20Nuts%2C%20Nutrient%20Powders%20%26%20Seeds&viewAll=department&page=,£2.40,£24.00/kg,Any 2 for £4 Clubcard Price - Selected Urban Fruit 75g-100g,,/groceries/en-GB/products/262925720,https://digitalcontent.api.tesco.com/v2/media/ghs/50f48429-d751-4b47-ab82-b2687e28a87f/snapshotimagehandler_454113784.jpeg?h=225&w=225,
307156766,Graze Crunch Snacks Salt & Vinegar 104G,https://www.tesco.com/groceries/en-GB/shop/food-cupboard/all?department=Dried%20Fruit%2C%20Nuts%2C%20Nutrient%20Powders%20%26%20Seeds&viewAll=department&page=,£2.50,£2.41/100g,,,/groceries/en-GB/products/307156766,https://digitalcontent.api.tesco.com/v2/media/ghs/7df9b3e3-bf59-4bd9-8e35-aec5d0b92b68/7483b0ad-b833-4afc-af93-b24287107130_1166256664.jpeg?h=225&w=225,
308864531,Nakd Almond Macaroon Fruit & Nut Bars 4X35g,https://www.tesco.com/groceries/en-GB/shop/food-cupboard/all?department=Dried%20Fruit%2C%20Nuts%2C%20Nutrient%20Powders%20%26%20Seeds&viewAll=department&page=,£3.00,£2.15/100g,,,/groceries/en-GB/products/308864531,https://digitalcontent.api.tesco.com/v2/media/ghs/d28ebc43-7d72-4dc3-8f25-8631a3962bb8/881338c2-be3a-4e8d-9d48-b7c1a822d871_649969803.jpeg?h=225&w=225,
297754534,Gogo Squeez Fruit Snack Apple Mango 4X90g,https://www.tesco.com/groceries/en-GB/shop/food-cupboard/all?department=Dried%20Fruit%2C%20Nuts%2C%20Nutrient%20Powders%20%26%20Seeds&viewAll=department&page=,£2.55,£0.71/100g,£1.91 Clubcard Price,,/groceries/en-GB/products/297754534,https://digitalcontent.api.tesco.com/v2/media/ghs/1816bd1e-9c67-4c64-a2a9-82257f4a2ddb/98e12a77-04b1-4509-a398-bfa5fd2681e5_1295324573.jpeg?h=225&w=225,
302300621,Graze Sweet Chilli Crunch Sharing Bag 104G,https://www.tesco.com/groceries/en-GB/shop/food-cupboard/all?department=Dried%20Fruit%2C%20Nuts%2C%20Nutrient%20Powders%20%26%20Seeds&viewAll=department&page=,£2.50,£24.04/kg,,,/groceries/en-GB/products/302300621,https://digitalcontent.api.tesco.com/v2/media/ghs/25726603-cc89-418f-b3dc-5c81f26b6d05/76178393-133e-4853-b4e4-408249f547b7_1463401083.jpeg?h=225&w=225,
300534756,Tesco Mango & Banana Bars 5 X 30G,https://www.tesco.com/groceries/en-GB/shop/food-cupboard/all?department=Dried%20Fruit%2C%20Nuts%2C%20Nutrient%20Powders%20%26%20Seeds&viewAll=department&page=,£2.00,£1.34/100g,,,/groceries/en-GB/products/300534756,https://digitalcontent.api.tesco.com/v2/media/ghs/4fd75c48-4a78-4e39-bc7c-8b267ca537c7/bdffe8d2-ce3b-410e-86bd-3dc37493ed0c_1392514183.jpeg?h=225&w=225,
297814101,Kp Chilli Peanuts 225G,https://www.tesco.com/groceries/en-GB/shop/food-cupboard/all?department=Dried%20Fruit%2C%20Nuts%2C%20Nutrient%20Powders%20%26%20Seeds&viewAll=department&page=,£2.65,£11.78/kg,£2.00 Clubcard Price,,/groceries/en-GB/products/297814101,https://digitalcontent.api.tesco.com/v2/media/ghs/1aba21e3-283a-480e-b0b5-590599b41f49/4537277c-de93-42ff-a38b-6d50f95672a7_1674560723.jpeg?h=225&w=225,
291559003,Trek Flapjack Original Oat 50G 3 Pack,https://www.tesco.com/groceries/en-GB/shop/food-cupboard/all?department=Dried%20Fruit%2C%20Nuts%2C%20Nutrient%20Powders%20%26%20Seeds&viewAll=department&page=,£2.75,£1.84/100g,£2.00 Clubcard Price,,/groceries/en-GB/products/291559003,https://digitalcontent.api.tesco.com/v2/media/ghs/eef13b53-0c0e-431c-9ee1-79f5d3cc6d36/0c9c36af-92f4-42bd-b6a8-973629851876_1660248817.jpeg?h=225&w=225,
301576635,Tesco Strawberry & Banana Bars 5X30g,https://www.tesco.com/groceries/en-GB/shop/food-cupboard/all?department=Dried%20Fruit%2C%20Nuts%2C%20Nutrient%20Powders%20%26%20Seeds&viewAll=department&page=,£2.00,£1.34/100g,,,/groceries/en-GB/products/301576635,https://digitalcontent.api.tesco.com/v2/media/ghs/35e79173-fa52-49e2-81ab-ba21b535da39/3822f26b-cf11-4bf1-a68c-64d6fd70c22a_1167405249.jpeg?h=225&w=225,
291558822,Trek Flapjack Cocoa Coconut 50G 3Pack,https://www.tesco.com/groceries/en-GB/shop/food-cupboard/all?department=Dried%20Fruit%2C%20Nuts%2C%20Nutrient%20Powders%20%26%20Seeds&viewAll=department&page=,£2.75,£1.84/100g,£2.00 Clubcard Price,,/groceries/en-GB/products/291558822,https://digitalcontent.api.tesco.com/v2/media/ghs/830ec997-ea3b-4801-ab57-e198b3646565/b00747f4-216f-43f8-a0b2-e648d2e8f98c_681245602.jpeg?h=225&w=225,
299581677,Kp Nuts Dry Roasted Peanuts 375G,https://www.tesco.com/groceries/en-GB/shop/food-cupboard/all?department=Dried%20Fruit%2C%20Nuts%2C%20Nutrient%20Powders%20%26%20Seeds&viewAll=department&page=,£3.25,£0.87/100g,£2.75 Clubcard Price,,/groceries/en-GB/products/299581677,https://digitalcontent.api.tesco.com/v2/media/ghs/e8b0272b-bcb2-48df-b9b4-92b6a05c807e/1ba5ab8f-dd43-4d7f-a48b-4d05c73245f8_1042843551.jpeg?h=225&w=225,
253024285,Tesco Figs 250G,https://www.tesco.com/groceries/en-GB/shop/food-cupboard/all?department=Dried%20Fruit%2C%20Nuts%2C%20Nutrient%20Powders%20%26%20Seeds&viewAll=department&page=,£2.10,£8.40/kg,,,/groceries/en-GB/products/253024285,https://digitalcontent.api.tesco.com/v2/media/ghs/dbef6992-8a56-465e-9fa9-f278becc1cd1/635421fd-410b-41fd-afbd-7cb5853f625b_17949309.jpeg?h=225&w=225,
299296750,Whitworths Dried Chilean Orchard Prunes 210G,https://www.tesco.com/groceries/en-GB/shop/food-cupboard/all?department=Dried%20Fruit%2C%20Nuts%2C%20Nutrient%20Powders%20%26%20Seeds&viewAll=department&page=,£2.00,£9.53/kg,,,/groceries/en-GB/products/299296750,https://digitalcontent.api.tesco.com/v2/media/ghs/d0e28e92-92ab-4165-a184-47cecb7f3197/1b2581b8-f325-4643-a8a8-217b175e2b5e_208195674.jpeg?h=225&w=225,
297885190,Kp Honey Roasted Peanuts 375G,https://www.tesco.com/groceries/en-GB/shop/food-cupboard/all?department=Dried%20Fruit%2C%20Nuts%2C%20Nutrient%20Powders%20%26%20Seeds&viewAll=department&page=,£3.25,£8.67/kg,£2.75 Clubcard Price,,/groceries/en-GB/products/297885190,https://digitalcontent.api.tesco.com/v2/media/ghs/b875320b-9858-470f-8518-ee61959d3604/snapshotimagehandler_2107139682.jpeg?h=225&w=225,
301087160,Love Corn Smoked Bbq 115G,https://www.tesco.com/groceries/en-GB/shop/food-cupboard/all?department=Dried%20Fruit%2C%20Nuts%2C%20Nutrient%20Powders%20%26%20Seeds&viewAll=department&page=,£2.00,£1.74/100g,,,/groceries/en-GB/products/301087160,https://digitalcontent.api.tesco.com/v2/media/ghs/bde7aaa1-3d9e-46b0-9d39-b6369f11baf3/c6ebcf7c-8320-4956-855f-17e56705ab5d_340673296.jpeg?h=225&w=225,
276377586,Tesco Peanuts And Raisins 300G,https://www.tesco.com/groceries/en-GB/shop/food-cupboard/all?department=Dried%20Fruit%2C%20Nuts%2C%20Nutrient%20Powders%20%26%20Seeds&viewAll=department&page=,£1.20,£4.00/kg,,,/groceries/en-GB/products/276377586,https://digitalcontent.api.tesco.com/v2/media/ghs/841d126a-6bc8-40a7-9767-5fe8501a4c1c/b49250ea-8598-48f7-ba41-af8e054f9cc7_995614200.jpeg?h=225&w=225,
271090212,Tesco Poppy Seeds 100G,https://www.tesco.com/groceries/en-GB/shop/food-cupboard/all?department=Dried%20Fruit%2C%20Nuts%2C%20Nutrient%20Powders%20%26%20Seeds&viewAll=department&page=,£1.00,£10.00/kg,,,/groceries/en-GB/products/271090212,https://digitalcontent.api.tesco.com/v2/media/ghs/876d88d8-c5b5-43c5-a054-96a6296a6fe8/68303ddf-67c6-4097-99e1-1d4e77039fbf_1273983103.jpeg?h=225&w=225,
306653980,Fulfil Peanut & Caramel Vitamin & Protein Bar 40G,https://www.tesco.com/groceries/en-GB/shop/food-cupboard/all?department=Dried%20Fruit%2C%20Nuts%2C%20Nutrient%20Powders%20%26%20Seeds&viewAll=department&page=,£1.50,£3.75/100g,"£3.40 Meal Deal Clubcard Price £3.90 Meal Deal Regular Price - Selected Drink, Snack, Wrap, Sandwich, Roll, Pasty Or Salad",,/groceries/en-GB/products/306653980,https://digitalcontent.api.tesco.com/v2/media/ghs/8886cd0c-c852-4f44-9e1e-1a8a17c9fa59/a44d0a0c-a0e6-4b73-86b5-c7c581f1b91c_28638818.jpeg?h=225&w=225,
293333060,Graze Dark Chocolate Cherry Tart 40G,https://www.tesco.com/groceries/en-GB/shop/food-cupboard/all?department=Dried%20Fruit%2C%20Nuts%2C%20Nutrient%20Powders%20%26%20Seeds&viewAll=department&page=,£1.00,£2.50/100g,"£3.40 Meal Deal Clubcard Price £3.90 Meal Deal Regular Price - Selected Drink, Snack, Wrap, Sandwich, Roll, Pasty Or Salad",,/groceries/en-GB/products/293333060,https://digitalcontent.api.tesco.com/v2/media/ghs/bdfdab2c-34e5-4eec-8101-7b85a7a8c6be/f1fdb93c-1482-4f8b-9e52-9821ea727b9b_305825231.jpeg?h=225&w=225,
312351585,Bear Yoyo Strawberry 3X20g,https://www.tesco.com/groceries/en-GB/shop/food-cupboard/all?department=Dried%20Fruit%2C%20Nuts%2C%20Nutrient%20Powders%20%26%20Seeds&viewAll=department&page=,£1.25,£20.84/kg,,New,/groceries/en-GB/products/312351585,https://digitalcontent.api.tesco.com/v2/media/ghs/61f06d49-9a0e-499d-9dee-63e63011110a/06c15237-ff8e-46cf-8246-8d68ccb3b526_490609272.jpeg?h=225&w=225,
271074589,Tesco Fruit & Nut Mix With Cranberry 300G,https://www.tesco.com/groceries/en-GB/shop/food-cupboard/all?department=Dried%20Fruit%2C%20Nuts%2C%20Nutrient%20Powders%20%26%20Seeds&viewAll=department&page=,£3.45,£11.50/kg,,,/groceries/en-GB/products/271074589,https://digitalcontent.api.tesco.com/v2/media/ghs/1ea5b224-c865-4647-87ea-4833583ace1d/7b6b853f-1f3f-4442-9b28-35e496591d58_199000773.jpeg?h=225&w=225,
295870537,Linwoods Flax Seeds Biological Cultures & Vitamin D 200G,https://www.tesco.com/groceries/en-GB/shop/food-cupboard/all?department=Dried%20Fruit%2C%20Nuts%2C%20Nutrient%20Powders%20%26%20Seeds&viewAll=department&page=,£4.20,£21.00/kg,,,/groceries/en-GB/products/295870537,https://digitalcontent.api.tesco.com/v2/media/ghs/c6a057dd-54d5-4fde-a580-ff25135eb3f9/11d29c71-5c8a-40fd-8948-c3613fd17d5a_293859670.jpeg?h=225&w=225,
301554650,Tesco Toasted 3 Seed Mix 300G,https://www.tesco.com/groceries/en-GB/shop/food-cupboard/all?department=Dried%20Fruit%2C%20Nuts%2C%20Nutrient%20Powders%20%26%20Seeds&viewAll=department&page=,£2.95,£9.84/kg,,,/groceries/en-GB/products/301554650,https://digitalcontent.api.tesco.com/v2/media/ghs/79b9774e-0832-430d-b52f-03b7f29bdfb5/8e2f23ae-edb2-4fd4-970d-71ff24982d26_1744331141.jpeg?h=225&w=225,
271666972,Tesco Pistachio Nuts In Shell 250G,https://www.tesco.com/groceries/en-GB/shop/food-cupboard/all?department=Dried%20Fruit%2C%20Nuts%2C%20Nutrient%20Powders%20%26%20Seeds&viewAll=department&page=,£3.70,£14.80/kg,,,/groceries/en-GB/products/271666972,https://digitalcontent.api.tesco.com/v2/media/ghs/a51bacf2-6ade-4d5f-a490-2cf03c7c6bbb/e53faab4-8ddd-46f7-9f79-aa21af17532e_47513073.jpeg?h=225&w=225,
293425061,Bear Yoyo Mango 9Pack 180G,https://www.tesco.com/groceries/en-GB/shop/food-cupboard/all?department=Dried%20Fruit%2C%20Nuts%2C%20Nutrient%20Powders%20%26%20Seeds&viewAll=department&page=,£4.25,£2.37/100g,,,/groceries/en-GB/products/293425061,https://digitalcontent.api.tesco.com/v2/media/ghs/bb9518a5-69b4-4ef5-8729-be294a024827/012ecc61-9cec-4e7b-bf88-54aa84d65c67_961529150.jpeg?h=225&w=225,
293425049,Bear Yoyo Blackcurrant 9 Pack 180G,https://www.tesco.com/groceries/en-GB/shop/food-cupboard/all?department=Dried%20Fruit%2C%20Nuts%2C%20Nutrient%20Powders%20%26%20Seeds&viewAll=department&page=,£4.25,£2.37/100g,,,/groceries/en-GB/products/293425049,https://digitalcontent.api.tesco.com/v2/media/ghs/8722d3cf-338c-4ce9-aba9-d21bd92b56aa/2f9dd417-2d41-458f-abfa-8e7444244603_785170418.jpeg?h=225&w=225,
301554615,Tesco Fruit & Seed Mix 300G,https://www.tesco.com/groceries/en-GB/shop/food-cupboard/all?department=Dried%20Fruit%2C%20Nuts%2C%20Nutrient%20Powders%20%26%20Seeds&viewAll=department&page=,£2.95,£9.84/kg,,,/groceries/en-GB/products/301554615,https://digitalcontent.api.tesco.com/v2/media/ghs/2056b0ce-b165-49a7-9e79-bfdc20560abb/8d975ac2-1e29-40a7-aa41-b8aebde59b10_371529167.jpeg?h=225&w=225,
308451115,Kind Protein Crunchy Peanut Butter Bars 3X42g,https://www.tesco.com/groceries/en-GB/shop/food-cupboard/all?department=Dried%20Fruit%2C%20Nuts%2C%20Nutrient%20Powders%20%26%20Seeds&viewAll=department&page=,£3.00,£2.39/100g,,,/groceries/en-GB/products/308451115,https://digitalcontent.api.tesco.com/v2/media/ghs/7bd0485a-bd97-4ec2-b459-bc9a32cb81c3/e8938525-1cd0-4419-b585-e1a44ae84063_948380005.jpeg?h=225&w=225,
309490153,Tesco Organic Raisins 375G,https://www.tesco.com/groceries/en-GB/shop/food-cupboard/all?department=Dried%20Fruit%2C%20Nuts%2C%20Nutrient%20Powders%20%26%20Seeds&viewAll=department&page=,£2.50,£6.67/kg,,,/groceries/en-GB/products/309490153,https://digitalcontent.api.tesco.com/v2/media/ghs/50ea1be0-cdbb-497e-9353-47e3791c1971/24c2bf13-9569-4187-bff8-ad81fdda3dad_603870412.jpeg?h=225&w=225,
276090826,Wholefoods Goji Berry 200G,https://www.tesco.com/groceries/en-GB/shop/food-cupboard/all?department=Dried%20Fruit%2C%20Nuts%2C%20Nutrient%20Powders%20%26%20Seeds&viewAll=department&page=,£3.45,£17.25/kg,,,/groceries/en-GB/products/276090826,https://digitalcontent.api.tesco.com/v2/media/ghs/dd8f7298-53ac-4236-9110-2412c56c8a5a/34a18afc-8112-4294-bf11-982cdbe295b6_1197009766.jpeg?h=225&w=225,
306943907,Whitworths Californian Raisins 400G,https://www.tesco.com/groceries/en-GB/shop/food-cupboard/all?department=Dried%20Fruit%2C%20Nuts%2C%20Nutrient%20Powders%20%26%20Seeds&viewAll=department&page=,£3.15,£7.88/kg,,,/groceries/en-GB/products/306943907,https://digitalcontent.api.tesco.com/v2/media/ghs/99f37a3f-d144-4104-9a85-029ba119727e/b48a81b3-c2d0-4d98-a8d4-9e19f61063d8_1549453678.jpeg?h=225&w=225,
293710149,Grenade Carb Killa White Chocolate Cookie Protein Bar60g,https://www.tesco.com/groceries/en-GB/shop/food-cupboard/all?department=Dried%20Fruit%2C%20Nuts%2C%20Nutrient%20Powders%20%26%20Seeds&viewAll=department&page=,£2.70,£4.50/100g,,,/groceries/en-GB/products/293710149,https://digitalcontent.api.tesco.com/v2/media/ghs/9cd9c5da-f052-46e3-bc0b-82bc84f4156a/b825ef05-a9c1-4f6b-a0dd-32b0769f8c78_1420182860.jpeg?h=225&w=225,
309454393,Tesco Organic Brazil Nuts 100G,https://www.tesco.com/groceries/en-GB/shop/food-cupboard/all?department=Dried%20Fruit%2C%20Nuts%2C%20Nutrient%20Powders%20%26%20Seeds&viewAll=department&page=,£2.00,£20.00/kg,,,/groceries/en-GB/products/309454393,https://digitalcontent.api.tesco.com/v2/media/ghs/605f257f-434c-4fa1-bde4-c2cfc75e1852/a519e333-b63e-4c25-a670-cd184a2f78ac_778112975.jpeg?h=225&w=225,
271667078,Tesco Brazil Nuts 250G,https://www.tesco.com/groceries/en-GB/shop/food-cupboard/all?department=Dried%20Fruit%2C%20Nuts%2C%20Nutrient%20Powders%20%26%20Seeds&viewAll=department&page=,£3.60,£14.40/kg,,,/groceries/en-GB/products/271667078,https://digitalcontent.api.tesco.com/v2/media/ghs-mktg/b0b04216-fa73-466d-a9d7-c9fcfa1ce9b3/no-image.jpeg,
312209337,Bear Smoothie Yoyo Strawberry & Banana 5 X 20G,https://www.tesco.com/groceries/en-GB/shop/food-cupboard/all?department=Dried%20Fruit%2C%20Nuts%2C%20Nutrient%20Powders%20%26%20Seeds&viewAll=department&page=,£2.60,£26.00/kg,,,/groceries/en-GB/products/312209337,https://digitalcontent.api.tesco.com/v2/media/ghs/0217ffa6-a662-4a0f-a7de-82a0da9122f7/76074283-e2b9-400b-a4ad-0b885dca48f6_1552040530.jpeg?h=225&w=225,
276416276,Tesco Jumbo Peanuts 300G,https://www.tesco.com/groceries/en-GB/shop/food-cupboard/all?department=Dried%20Fruit%2C%20Nuts%2C%20Nutrient%20Powders%20%26%20Seeds&viewAll=department&page=,£2.10,£7.00/kg,,,/groceries/en-GB/products/276416276,https://digitalcontent.api.tesco.com/v2/media/ghs/8f8b4776-c530-4f50-b9b7-4779162a5965/7dbc5d43-386b-4692-a9be-24439e52ad8a_1477085102.jpeg?h=225&w=225,
300534779,Tesco Apple & Sultana Bars 5 X 30G,https://www.tesco.com/groceries/en-GB/shop/food-cupboard/all?department=Dried%20Fruit%2C%20Nuts%2C%20Nutrient%20Powders%20%26%20Seeds&viewAll=department&page=,£2.00,£1.34/100g,,,/groceries/en-GB/products/300534779,https://digitalcontent.api.tesco.com/v2/media/ghs/359f37cf-cbd8-4eb4-b4e1-8d15b9d4c839/5fa4283d-475b-4746-983f-fb601592b0ca_668075431.jpeg?h=225&w=225,
293199713,Trek Energy Peanut Power Multipack 3X55g,https://www.tesco.com/groceries/en-GB/shop/food-cupboard/all?department=Dried%20Fruit%2C%20Nuts%2C%20Nutrient%20Powders%20%26%20Seeds&viewAll=department&page=,£2.75,£1.67/100g,,,/groceries/en-GB/products/293199713,https://digitalcontent.api.tesco.com/v2/media/ghs/f4841852-3a49-406e-b32b-cd2359cbffad/4f648184-a504-4568-b793-a0c8c6e4bb1b_909282059.jpeg?h=225&w=225,
298062147,Fulfil Chocolate Hazenut Whip Vitamin Protein Bar 55G,https://www.tesco.com/groceries/en-GB/shop/food-cupboard/all?department=Dried%20Fruit%2C%20Nuts%2C%20Nutrient%20Powders%20%26%20Seeds&viewAll=department&page=,£2.70,£4.91/100g,£2.00 Clubcard Price,,/groceries/en-GB/products/298062147,https://digitalcontent.api.tesco.com/v2/media/ghs/e928e62c-451c-4c12-abcf-254d605bb7e5/abad4b90-12bf-4e2f-97a0-93b70077f582_536627920.jpeg?h=225&w=225,
297599216,Whitworths Stoned Dates 350G,https://www.tesco.com/groceries/en-GB/shop/food-cupboard/all?department=Dried%20Fruit%2C%20Nuts%2C%20Nutrient%20Powders%20%26%20Seeds&viewAll=department&page=,£2.00,£5.72/kg,,,/groceries/en-GB/products/297599216,https://digitalcontent.api.tesco.com/v2/media/ghs/7652ae56-11ae-4393-a261-624dbf43d882/7a5e6827-de63-4cb3-982e-aaf59b7089a9_690092928.jpeg?h=225&w=225,
293199949,Trek Energy Cocoa Chaos Multipack 3X55g,https://www.tesco.com/groceries/en-GB/shop/food-cupboard/all?department=Dried%20Fruit%2C%20Nuts%2C%20Nutrient%20Powders%20%26%20Seeds&viewAll=department&page=,£2.75,£1.67/100g,,,/groceries/en-GB/products/293199949,https://digitalcontent.api.tesco.com/v2/media/ghs/535c0f48-a105-4fa1-b45e-8fbf5a8b0859/9de40ce6-d080-46fa-8159-38dc0e21f3a9_950212025.jpeg?h=225&w=225,
304371671,Fruit Bowl Unicorn Fruit Flakes 5X18g,https://www.tesco.com/groceries/en-GB/shop/food-cupboard/all?department=Dried%20Fruit%2C%20Nuts%2C%20Nutrient%20Powders%20%26%20Seeds&viewAll=department&page=,£2.25,£2.50/100g,,,/groceries/en-GB/products/304371671,https://digitalcontent.api.tesco.com/v2/media/ghs/5deb7cfc-7c4d-43ce-ad8b-3a41a3923d5a/879c2be5-07cc-4312-a33c-2730ebcd8454_662321374.jpeg?h=225&w=225,
304255354,Fulfil Peanut Butter Vitamin Protein Bar 55G,https://www.tesco.com/groceries/en-GB/shop/food-cupboard/all?department=Dried%20Fruit%2C%20Nuts%2C%20Nutrient%20Powders%20%26%20Seeds&viewAll=department&page=,£2.70,£4.91/100g,£2.00 Clubcard Price,,/groceries/en-GB/products/304255354,https://digitalcontent.api.tesco.com/v2/media/ghs/76af23f8-2a4d-487a-aa74-b6c39eeaeb6f/576ae847-c000-4343-aff2-ff0431631884_735407031.jpeg?h=225&w=225,
308082275,Gogo Squeez Peach Yogurtz Pouches 4X85g,https://www.tesco.com/groceries/en-GB/shop/food-cupboard/all?department=Dried%20Fruit%2C%20Nuts%2C%20Nutrient%20Powders%20%26%20Seeds&viewAll=department&page=,£2.95,£0.87/100g,£2.21 Clubcard Price,,/groceries/en-GB/products/308082275,https://digitalcontent.api.tesco.com/v2/media/ghs/8f9b3e0c-5c27-44b4-9f6b-d1f315133171/b4378af4-10e9-473b-8663-2b4619240b04_116892646.jpeg?h=225&w=225,
266356851,Tesco Organic Almonds 200 G,https://www.tesco.com/groceries/en-GB/shop/food-cupboard/all?department=Dried%20Fruit%2C%20Nuts%2C%20Nutrient%20Powders%20%26%20Seeds&viewAll=department&page=,£3.20,£16.00/kg,,,/groceries/en-GB/products/266356851,https://digitalcontent.api.tesco.com/v2/media/ghs/45cb57d7-4fe0-4903-a80e-a5ce5f835059/c4ffe0a4-dd74-43d5-9e09-dab74a3b2da7_26443492.jpeg?h=225&w=225,
297754776,Nakd Apple Danish Bar 4X30g Mpk,https://www.tesco.com/groceries/en-GB/shop/food-cupboard/all?department=Dried%20Fruit%2C%20Nuts%2C%20Nutrient%20Powders%20%26%20Seeds&viewAll=department&page=,£2.75,£2.30/100g,£2.00 Clubcard Price,,/groceries/en-GB/products/297754776,https://digitalcontent.api.tesco.com/v2/media/ghs/7e33aee6-7063-43c3-ad4e-99ec85f7989d/51ee000f-67a8-4dcf-b3b5-0234dd600cf3_1858143018.jpeg?h=225&w=225,
262860352,Tesco Goji Berries 100G,https://www.tesco.com/groceries/en-GB/shop/food-cupboard/all?department=Dried%20Fruit%2C%20Nuts%2C%20Nutrient%20Powders%20%26%20Seeds&viewAll=department&page=,£1.85,£18.50/kg,,,/groceries/en-GB/products/262860352,https://digitalcontent.api.tesco.com/v2/media/ghs/9c154585-a86f-4765-9840-01376237ef6a/5b82c93b-ca17-4b4c-9e92-4dbcdbd31e7e.jpeg?h=225&w=225,
309743068,Whitworths Citrus Apricots 275G,https://www.tesco.com/groceries/en-GB/shop/food-cupboard/all?department=Dried%20Fruit%2C%20Nuts%2C%20Nutrient%20Powders%20%26%20Seeds&viewAll=department&page=,£3.15,£11.46/kg,,,/groceries/en-GB/products/309743068,https://digitalcontent.api.tesco.com/v2/media/ghs/60ca4b43-d4c5-4bbd-aa01-f88697365368/79c3e5c2-cbf4-480c-9dc9-dc4ab300bf2b_904928627.jpeg?h=225&w=225,
309461113,Tesco Organic Walnut Halves 100G,https://www.tesco.com/groceries/en-GB/shop/food-cupboard/all?department=Dried%20Fruit%2C%20Nuts%2C%20Nutrient%20Powders%20%26%20Seeds&viewAll=department&page=,£2.00,£20.00/kg,,,/groceries/en-GB/products/309461113,https://digitalcontent.api.tesco.com/v2/media/ghs/db3cfc0a-4873-4154-91c9-d7ea62c7e631/54de4b0f-d10c-40fd-8df0-365c9720eb66_1200840016.jpeg?h=225&w=225,
302932570,Tesco Active Vanilla Caramel Crunch Protein Bar 60G,https://www.tesco.com/groceries/en-GB/shop/food-cupboard/all?department=Dried%20Fruit%2C%20Nuts%2C%20Nutrient%20Powders%20%26%20Seeds&viewAll=department&page=,£1.75,£2.92/100g,,,/groceries/en-GB/products/302932570,https://digitalcontent.api.tesco.com/v2/media/ghs/f57a2cbc-7e55-4163-87c4-9acb017e1d30/76ce7df3-9819-484d-ba15-c54e422706d3_363909988.jpeg?h=225&w=225,
302932535,Tesco Active Cookies & Cream Flavour Protein Bar 60G,https://www.tesco.com/groceries/en-GB/shop/food-cupboard/all?department=Dried%20Fruit%2C%20Nuts%2C%20Nutrient%20Powders%20%26%20Seeds&viewAll=department&page=,£1.75,£2.92/100g,,,/groceries/en-GB/products/302932535,https://digitalcontent.api.tesco.com/v2/media/ghs/1fb2abf7-3e35-45bb-a08b-a1114f89510f/9d2f1d0a-2793-4561-af90-fd04b32b8f3b_456067265.jpeg?h=225&w=225,
260259912,Tesco Brown Flaxseeds 250G,https://www.tesco.com/groceries/en-GB/shop/food-cupboard/all?department=Dried%20Fruit%2C%20Nuts%2C%20Nutrient%20Powders%20%26%20Seeds&viewAll=department&page=,£1.15,£4.60/kg,,,/groceries/en-GB/products/260259912,https://digitalcontent.api.tesco.com/v2/media/ghs/a4cf81d3-3ac7-4045-b883-912840c830bd/74775a00-9036-473b-88a2-af9dc90be818_1011343259.jpeg?h=225&w=225,
307144636,Trek Power Peanut Butter Crunch Bar 55G,https://www.tesco.com/groceries/en-GB/shop/food-cupboard/all?department=Dried%20Fruit%2C%20Nuts%2C%20Nutrient%20Powders%20%26%20Seeds&viewAll=department&page=,£1.75,£3.19/100g,£1.50 Clubcard Price,,/groceries/en-GB/products/307144636,https://digitalcontent.api.tesco.com/v2/media/ghs/6c9504b0-2fb8-4baa-9bc6-5ae3e81347c7/4c0244a0-e327-4492-a5e6-00a65ffa4ecb_268189413.jpeg?h=225&w=225,
297596496,"Love,Corn Bbq Roasted Corn Snack 45G",https://www.tesco.com/groceries/en-GB/shop/food-cupboard/all?department=Dried%20Fruit%2C%20Nuts%2C%20Nutrient%20Powders%20%26%20Seeds&viewAll=department&page=,£1.00,£2.23/100g,"£3.40 Meal Deal Clubcard Price £3.90 Meal Deal Regular Price - Selected Drink, Snack, Wrap, Sandwich, Roll, Pasty Or Salad",,/groceries/en-GB/products/297596496,https://digitalcontent.api.tesco.com/v2/media/ghs/874199f8-0a4d-47a7-badd-071561aab4ec/120e0938-f776-4287-879a-807a52b65f4d_1944345672.jpeg?h=225&w=225,
292559670,Urban Fruit Snack Pack Mango 35G,https://www.tesco.com/groceries/en-GB/shop/food-cupboard/all?department=Dried%20Fruit%2C%20Nuts%2C%20Nutrient%20Powders%20%26%20Seeds&viewAll=department&page=,£1.00,£2.86/100g,"£3.40 Meal Deal Clubcard Price £3.90 Meal Deal Regular Price - Selected Drink, Snack, Wrap, Sandwich, Roll, Pasty Or Salad",,/groceries/en-GB/products/292559670,https://digitalcontent.api.tesco.com/v2/media/ghs/b0c31628-497c-4edc-87bc-158649176d1a/1555d301-23ca-4c3c-8f4e-98d7b0cd60f6_266630783.jpeg?h=225&w=225,
297596290,"Love,Corn Sea Salt Roasted Corn Snack 45G",https://www.tesco.com/groceries/en-GB/shop/food-cupboard/all?department=Dried%20Fruit%2C%20Nuts%2C%20Nutrient%20Powders%20%26%20Seeds&viewAll=department&page=,£1.00,£2.23/100g,"£3.40 Meal Deal Clubcard Price £3.90 Meal Deal Regular Price - Selected Drink, Snack, Wrap, Sandwich, Roll, Pasty Or Salad",,/groceries/en-GB/products/297596290,https://digitalcontent.api.tesco.com/v2/media/ghs/e050659c-4bff-48a8-b89a-a7cab68ceff7/42da31a4-826b-4db6-8961-1af7336139ba_1391723017.jpeg?h=225&w=225,
312343094,Bear Yoyo Blackcurrant 3X20g,https://www.tesco.com/groceries/en-GB/shop/food-cupboard/all?department=Dried%20Fruit%2C%20Nuts%2C%20Nutrient%20Powders%20%26%20Seeds&viewAll=department&page=,£1.25,£20.84/kg,,New,/groceries/en-GB/products/312343094,https://digitalcontent.api.tesco.com/v2/media/ghs/3609a0f5-ee7a-416b-bd90-c50f5d7a6802/5d3f8530-8c11-4131-a279-c36237ff4150_1178401355.jpeg?h=225&w=225,
267264900,Tesco Snack Pack Almonds 60G,https://www.tesco.com/groceries/en-GB/shop/food-cupboard/all?department=Dried%20Fruit%2C%20Nuts%2C%20Nutrient%20Powders%20%26%20Seeds&viewAll=department&page=,£0.85,£14.17/kg,Any 3 for 2 Clubcard Price - Cheapest Product Free - Selected Tesco Dried Fruit Or Nuts,,/groceries/en-GB/products/267264900,https://digitalcontent.api.tesco.com/v2/media/ghs-mktg/b0b04216-fa73-466d-a9d7-c9fcfa1ce9b3/no-image.jpeg,
284459086,"Linwoods Milled Flax, Nuts & Q10 360G",https://www.tesco.com/groceries/en-GB/shop/food-cupboard/all?department=Dried%20Fruit%2C%20Nuts%2C%20Nutrient%20Powders%20%26%20Seeds&viewAll=department&page=,£6.75,£18.75/kg,,,/groceries/en-GB/products/284459086,https://digitalcontent.api.tesco.com/v2/media/ghs/f4e53701-5d02-4fb4-9a23-33a83b99d5c0/4a69b114-6e85-4b9b-a3b2-4bc5c8a1a870_2096352077.jpeg?h=225&w=225,
261834005,Tesco Organic Walnuts 100G,https://www.tesco.com/groceries/en-GB/shop/food-cupboard/all?department=Dried%20Fruit%2C%20Nuts%2C%20Nutrient%20Powders%20%26%20Seeds&viewAll=department&page=,£3.20,£32.00/kg,,,/groceries/en-GB/products/261834005,https://digitalcontent.api.tesco.com/v2/media/ghs/60800253-2ff7-4a6b-9e3f-f78ead0b41ed/f54784b3-6842-4bab-9645-5baec47893ab_264360243.jpeg?h=225&w=225,
302676982,Tesco Finest Fruit & Nut 190G,https://www.tesco.com/groceries/en-GB/shop/food-cupboard/all?department=Dried%20Fruit%2C%20Nuts%2C%20Nutrient%20Powders%20%26%20Seeds&viewAll=department&page=,£3.50,£18.43/kg,,,/groceries/en-GB/products/302676982,https://digitalcontent.api.tesco.com/v2/media/ghs/0f862391-5bb1-44a3-b7f4-a87029351487/7f325227-8584-4361-a1de-38efaa1acc65_1442536989.jpeg?h=225&w=225,
301554638,Tesco Fruit Nut & Seed Mix 300G,https://www.tesco.com/groceries/en-GB/shop/food-cupboard/all?department=Dried%20Fruit%2C%20Nuts%2C%20Nutrient%20Powders%20%26%20Seeds&viewAll=department&page=,£2.95,£9.84/kg,,,/groceries/en-GB/products/301554638,https://digitalcontent.api.tesco.com/v2/media/ghs/314b2d0d-8c34-427c-9a45-be1a65d7d4b6/5c457bcb-c610-44db-ad3a-8b868fed9e67_1626983289.jpeg?h=225&w=225,
302716227,Tesco Cashew & Raisins 200G,https://www.tesco.com/groceries/en-GB/shop/food-cupboard/all?department=Dried%20Fruit%2C%20Nuts%2C%20Nutrient%20Powders%20%26%20Seeds&viewAll=department&page=,£2.65,£13.25/kg,,,/groceries/en-GB/products/302716227,https://digitalcontent.api.tesco.com/v2/media/ghs/7e3d368a-4e6a-4420-bdc0-e37ae7c68975/782ff66d-bbaf-45be-a5ec-b0c78db86c72.jpeg?h=225&w=225,
309449250,Tesco Organic Cranberries 100G,https://www.tesco.com/groceries/en-GB/shop/food-cupboard/all?department=Dried%20Fruit%2C%20Nuts%2C%20Nutrient%20Powders%20%26%20Seeds&viewAll=department&page=,£2.50,£25.00/kg,,,/groceries/en-GB/products/309449250,https://digitalcontent.api.tesco.com/v2/media/ghs/2c82a3e1-16e8-48f6-ae34-55ac4b4981a6/01e2f307-041d-4f0b-b095-09407140812b_2055194435.jpeg?h=225&w=225,
310167196,Bear Yoyo Banana Fruit Rolls 5X20g,https://www.tesco.com/groceries/en-GB/shop/food-cupboard/all?department=Dried%20Fruit%2C%20Nuts%2C%20Nutrient%20Powders%20%26%20Seeds&viewAll=department&page=,£2.60,£26.00/kg,,,/groceries/en-GB/products/310167196,https://digitalcontent.api.tesco.com/v2/media/ghs/9950f814-81b5-4661-975c-87eaa5d3b7c0/d8d1ae9d-76f6-4975-a2bf-5c5efe5b9e70_923189982.jpeg?h=225&w=225,
258701017,Tesco Organic Fair Trade Brazil Nuts 150G,https://www.tesco.com/groceries/en-GB/shop/food-cupboard/all?department=Dried%20Fruit%2C%20Nuts%2C%20Nutrient%20Powders%20%26%20Seeds&viewAll=department&page=,£3.20,£21.34/kg,,,/groceries/en-GB/products/258701017,https://digitalcontent.api.tesco.com/v2/media/ghs/5d071919-61b8-4cff-a2ab-c18792f3c7b0/9a1fbdfb-e62f-493d-8d7f-ae31f6b18597.jpeg?h=225&w=225,
271074693,Tesco Macadamia Nuts 250G,https://www.tesco.com/groceries/en-GB/shop/food-cupboard/all?department=Dried%20Fruit%2C%20Nuts%2C%20Nutrient%20Powders%20%26%20Seeds&viewAll=department&page=,£5.25,£21.00/kg,,,/groceries/en-GB/products/271074693,https://digitalcontent.api.tesco.com/v2/media/ghs/4de50af7-a3a5-4432-94c1-4aa305d4ec35/c1359e3f-67a9-4e89-bd1d-eae928a5814c_1881698639.jpeg?h=225&w=225,
309191386,Tesco Organic Sultanas 375G,https://www.tesco.com/groceries/en-GB/shop/food-cupboard/all?department=Dried%20Fruit%2C%20Nuts%2C%20Nutrient%20Powders%20%26%20Seeds&viewAll=department&page=,£2.50,£6.67/kg,,,/groceries/en-GB/products/309191386,https://digitalcontent.api.tesco.com/v2/media/ghs/b28f6eae-49d3-4382-a408-fa4de908b6be/8548ec80-858f-4024-966c-033dc9be3ac0_182266113.jpeg?h=225&w=225,
312352287,Tesco Chewy Banana 200G,https://www.tesco.com/groceries/en-GB/shop/food-cupboard/all?department=Dried%20Fruit%2C%20Nuts%2C%20Nutrient%20Powders%20%26%20Seeds&viewAll=department&page=,£3.80,£19.00/kg,,,/groceries/en-GB/products/312352287,https://digitalcontent.api.tesco.com/v2/media/ghs/d33db039-29fd-41c0-a716-140d490052bc/86818e39-c903-42e9-b87d-ec2d69a56a7c_591454360.jpeg?h=225&w=225,
290782190,Carb Killa Cookies & Cream 60G Bar,https://www.tesco.com/groceries/en-GB/shop/food-cupboard/all?department=Dried%20Fruit%2C%20Nuts%2C%20Nutrient%20Powders%20%26%20Seeds&viewAll=department&page=,£2.70,£4.50/100g,,,/groceries/en-GB/products/290782190,https://digitalcontent.api.tesco.com/v2/media/ghs/ac48d608-7344-42eb-977e-57da348de321/9b348628-bcdd-450e-a64b-a7cfce643389_1123963137.jpeg?h=225&w=225,
293710184,Grenade Carb Killa Mint Dark Chocolate 60G,https://www.tesco.com/groceries/en-GB/shop/food-cupboard/all?department=Dried%20Fruit%2C%20Nuts%2C%20Nutrient%20Powders%20%26%20Seeds&viewAll=department&page=,£2.70,£4.50/100g,,,/groceries/en-GB/products/293710184,https://digitalcontent.api.tesco.com/v2/media/ghs/518257fb-052a-4325-8a71-be0cb0333980/acd4ccf1-113e-4367-b3df-f5ffc921eb98_1682303818.jpeg?h=225&w=225,
290782102,Carb Killa Caramel Chaos 60G Bar,https://www.tesco.com/groceries/en-GB/shop/food-cupboard/all?department=Dried%20Fruit%2C%20Nuts%2C%20Nutrient%20Powders%20%26%20Seeds&viewAll=department&page=,£2.70,£4.50/100g,,,/groceries/en-GB/products/290782102,https://digitalcontent.api.tesco.com/v2/media/ghs/0cc79150-ef3a-4736-91bf-ecd32af3dde9/5c375877-3bcf-44fa-a7be-fbf0373c69ba_1150122246.jpeg?h=225&w=225,
297754459,Urban Fruit Coconut Chips Up 4 Pack 72G,https://www.tesco.com/groceries/en-GB/shop/food-cupboard/all?department=Dried%20Fruit%2C%20Nuts%2C%20Nutrient%20Powders%20%26%20Seeds&viewAll=department&page=,£2.90,£4.03/100g,,,/groceries/en-GB/products/297754459,https://digitalcontent.api.tesco.com/v2/media/ghs/c7a8617f-81eb-4491-b485-7103fa018865/4269ecd9-ac72-4cac-ac96-3f3fcd569b29_829428961.jpeg?h=225&w=225,
297814003,Grenade Carb Killa Jaffa Quake 60G,https://www.tesco.com/groceries/en-GB/shop/food-cupboard/all?department=Dried%20Fruit%2C%20Nuts%2C%20Nutrient%20Powders%20%26%20Seeds&viewAll=department&page=,£2.70,£4.50/100g,,,/groceries/en-GB/products/297814003,https://digitalcontent.api.tesco.com/v2/media/ghs/f01316e5-e2f7-4277-b8be-748ce5926f52/0e3d89cf-1396-41f4-ba6f-2293e74600ab_1121887701.jpeg?h=225&w=225,
297813753,Grenade Carb Killa Peanut Nutter 60G,https://www.tesco.com/groceries/en-GB/shop/food-cupboard/all?department=Dried%20Fruit%2C%20Nuts%2C%20Nutrient%20Powders%20%26%20Seeds&viewAll=department&page=,£2.70,£4.50/100g,,,/groceries/en-GB/products/297813753,https://digitalcontent.api.tesco.com/v2/media/ghs/fde035bb-ebbe-4f49-95ef-bcf5fbb9c333/6989ec73-3f18-4e46-8e0d-da0515074eaf_386500593.jpeg?h=225&w=225,
303183169,Grenade Carb Killa White Chocolate Peanut Bar 60G,https://www.tesco.com/groceries/en-GB/shop/food-cupboard/all?department=Dried%20Fruit%2C%20Nuts%2C%20Nutrient%20Powders%20%26%20Seeds&viewAll=department&page=,£2.70,£4.50/100g,,,/groceries/en-GB/products/303183169,https://digitalcontent.api.tesco.com/v2/media/ghs/f95ef20d-caa2-4abb-96aa-be1ab4d66c60/0adf2030-7f63-46d1-87ec-bca8aa006e2b_1761779251.jpeg?h=225&w=225,
309474271,Grenade Carb Killa Fudged Up 60G,https://www.tesco.com/groceries/en-GB/shop/food-cupboard/all?department=Dried%20Fruit%2C%20Nuts%2C%20Nutrient%20Powders%20%26%20Seeds&viewAll=department&page=,£2.70,£4.50/100g,,,/groceries/en-GB/products/309474271,https://digitalcontent.api.tesco.com/v2/media/ghs/0730b8da-6837-42e3-a331-fd3020ecd59e/bf802fd9-0fcc-4013-b97d-50850d1fb006_775309266.jpeg?h=225&w=225,
312699801,Urban Fruit Gently Baked Cherries 75G,https://www.tesco.com/groceries/en-GB/shop/food-cupboard/all?department=Dried%20Fruit%2C%20Nuts%2C%20Nutrient%20Powders%20%26%20Seeds&viewAll=department&page=,£2.40,£32.00/kg,Any 2 for £4 Clubcard Price - Selected Urban Fruit 75g-100g,,/groceries/en-GB/products/312699801,https://digitalcontent.api.tesco.com/v2/media/ghs/d9d83fbb-46fc-4052-ba23-8524bc9a5138/7cfc9308-9410-4a3a-97b8-0dce7e513556_30225410.jpeg?h=225&w=225,
307151846,Urban Fruit Gently/Gentle Baked Mango & Passion Fruit 85G,https://www.tesco.com/groceries/en-GB/shop/food-cupboard/all?department=Dried%20Fruit%2C%20Nuts%2C%20Nutrient%20Powders%20%26%20Seeds&viewAll=department&page=,£2.40,£28.24/kg,Any 2 for £4 Clubcard Price - Selected Urban Fruit 75g-100g,,/groceries/en-GB/products/307151846,https://digitalcontent.api.tesco.com/v2/media/ghs/8e2677a0-4472-4c13-b9d5-c0eeb87890b8/ad1602f3-8321-4b92-9931-14367a809e19_433829395.jpeg?h=225&w=225,
297754718,Nakd Berry Bliss Bar 4X30g,https://www.tesco.com/groceries/en-GB/shop/food-cupboard/all?department=Dried%20Fruit%2C%20Nuts%2C%20Nutrient%20Powders%20%26%20Seeds&viewAll=department&page=,£2.75,£2.30/100g,£2.00 Clubcard Price,,/groceries/en-GB/products/297754718,https://digitalcontent.api.tesco.com/v2/media/ghs/ac251435-d0e9-4780-a7e6-7f42d997ebce/f0a86114-44ff-48e9-8515-4fbdfffd3ec6_2023359878.jpeg?h=225&w=225,
297348629,Tesco Pistachios Roasted Salted Kernels 100G,https://www.tesco.com/groceries/en-GB/shop/food-cupboard/all?department=Dried%20Fruit%2C%20Nuts%2C%20Nutrient%20Powders%20%26%20Seeds&viewAll=department&page=,£3.00,£3.00/100g,,,/groceries/en-GB/products/297348629,https://digitalcontent.api.tesco.com/v2/media/ghs/6855bd56-a6ff-433b-b15a-04bb5da26c91/714c9679-f358-4fdb-b147-01b066cde172_805168334.jpeg?h=225&w=225,
297754570,Nakd Banana Bread Bar 4X30g,https://www.tesco.com/groceries/en-GB/shop/food-cupboard/all?department=Dried%20Fruit%2C%20Nuts%2C%20Nutrient%20Powders%20%26%20Seeds&viewAll=department&page=,£2.75,£2.30/100g,£2.00 Clubcard Price,,/groceries/en-GB/products/297754570,https://digitalcontent.api.tesco.com/v2/media/ghs/3e428391-5fc0-4795-b60a-e32a0502d0c8/1bf502bc-0447-4b67-a1ec-01044d283e96_896227739.jpeg?h=225&w=225,
309477141,Tesco Organic Cashew Nuts 100G,https://www.tesco.com/groceries/en-GB/shop/food-cupboard/all?department=Dried%20Fruit%2C%20Nuts%2C%20Nutrient%20Powders%20%26%20Seeds&viewAll=department&page=,£2.00,£20.00/kg,,,/groceries/en-GB/products/309477141,https://digitalcontent.api.tesco.com/v2/media/ghs/25097a89-6886-4aca-a41e-6ed7b6da3572/2f324ad5-38f5-4646-8f62-7f09d42152d1_738485763.jpeg?h=225&w=225,
297813851,Phd Smart Bar Chocolate Peanut Butter 64G,https://www.tesco.com/groceries/en-GB/shop/food-cupboard/all?department=Dried%20Fruit%2C%20Nuts%2C%20Nutrient%20Powders%20%26%20Seeds&viewAll=department&page=,£2.00,£3.13/100g,,,/groceries/en-GB/products/297813851,https://digitalcontent.api.tesco.com/v2/media/ghs/1349c168-2383-4d4f-b536-154b92c555db/55ee6601-22b4-4cc5-b889-82d2aeae0012_810147842.jpeg?h=225&w=225,
309204972,Love Corn Cheese & Onion 115G,https://www.tesco.com/groceries/en-GB/shop/food-cupboard/all?department=Dried%20Fruit%2C%20Nuts%2C%20Nutrient%20Powders%20%26%20Seeds&viewAll=department&page=,£2.00,£1.74/100g,,,/groceries/en-GB/products/309204972,https://digitalcontent.api.tesco.com/v2/media/ghs/9a5833df-eb6d-46ed-891f-21672dc7d121/7048099c-8742-440a-97a6-fe9a08e61dc9_1340007653.jpeg?h=225&w=225,
299804444,Phd Smart Bar White Chocolate Blondie 64G,https://www.tesco.com/groceries/en-GB/shop/food-cupboard/all?department=Dried%20Fruit%2C%20Nuts%2C%20Nutrient%20Powders%20%26%20Seeds&viewAll=department&page=,£2.00,£3.13/100g,,,/groceries/en-GB/products/299804444,https://digitalcontent.api.tesco.com/v2/media/ghs/be597d0b-efb8-422f-8b96-20a85a20a52c/3edc0e83-e835-493e-955f-9da0bcd46e18_274404447.jpeg?h=225&w=225,
311273206,Kind Maple Pecan & Almond Bars 3X30g,https://www.tesco.com/groceries/en-GB/shop/food-cupboard/all?department=Dried%20Fruit%2C%20Nuts%2C%20Nutrient%20Powders%20%26%20Seeds&viewAll=department&page=,£3.00,£3.34/100g,£2.00 Clubcard Price,,/groceries/en-GB/products/311273206,https://digitalcontent.api.tesco.com/v2/media/ghs/4f96b629-b530-47f6-8ed1-5da6092eb765/09b63c8b-eb45-42bc-9758-8ff113ea3c19_1130470975.jpeg?h=225&w=225,
306647901,Fulfil Chocolate Brownie Vitamin & Protein Bar 40G,https://www.tesco.com/groceries/en-GB/shop/food-cupboard/all?department=Dried%20Fruit%2C%20Nuts%2C%20Nutrient%20Powders%20%26%20Seeds&viewAll=department&page=,£1.50,£3.75/100g,"£3.40 Meal Deal Clubcard Price £3.90 Meal Deal Regular Price - Selected Drink, Snack, Wrap, Sandwich, Roll, Pasty Or Salad",,/groceries/en-GB/products/306647901,https://digitalcontent.api.tesco.com/v2/media/ghs/473bf6e9-4a94-44f9-bc6a-1b703115013f/3aaf7067-801f-40e5-9097-1d7a5239114d_1035321606.jpeg?h=225&w=225,
310180064,Walkers Max Strong Double Coat Peanut Spicy Wasabi 175G,https://www.tesco.com/groceries/en-GB/shop/food-cupboard/all?department=Dried%20Fruit%2C%20Nuts%2C%20Nutrient%20Powders%20%26%20Seeds&viewAll=department&page=,£1.99,£11.38/kg,£1.25 Clubcard Price,,/groceries/en-GB/products/310180064,https://digitalcontent.api.tesco.com/v2/media/ghs/3fb578fd-7051-4473-8dfa-f77b3789a3de/9cef2a77-06ca-4984-9cf1-cde7933c3635_1859678115.jpeg?h=225&w=225,
310107124,Walkers Max Strong Double Coat Peanut Jalapeno & Cheese 175G,https://www.tesco.com/groceries/en-GB/shop/food-cupboard/all?department=Dried%20Fruit%2C%20Nuts%2C%20Nutrient%20Powders%20%26%20Seeds&viewAll=department&page=,£1.99,£11.38/kg,£1.25 Clubcard Price,,/groceries/en-GB/products/310107124,https://digitalcontent.api.tesco.com/v2/media/ghs/cd101256-442f-45b1-926a-18a4a509c3ee/f175ab4d-6fd7-43cb-942f-2d8d0e08ca05_2111542535.jpeg?h=225&w=225,
309475673,Tesco Organic Soft Prunes 200G,https://www.tesco.com/groceries/en-GB/shop/food-cupboard/all?department=Dried%20Fruit%2C%20Nuts%2C%20Nutrient%20Powders%20%26%20Seeds&viewAll=department&page=,£2.50,£12.50/kg,Any 2 for £3 Clubcard Price - Selected Tesco Dried Fruits 200g,,/groceries/en-GB/products/309475673,https://digitalcontent.api.tesco.com/v2/media/ghs/6a441b4a-8b19-4e14-9fce-5f20898328a3/c25c944f-00ad-4026-8587-1ee78f7f31a8_207118471.jpeg?h=225&w=225,
305960836,Kind Peanut Butter & Dark Chocolate 40G,https://www.tesco.com/groceries/en-GB/shop/food-cupboard/all?department=Dried%20Fruit%2C%20Nuts%2C%20Nutrient%20Powders%20%26%20Seeds&viewAll=department&page=,£1.30,£3.25/100g,£1.00 Clubcard Price,,/groceries/en-GB/products/305960836,https://digitalcontent.api.tesco.com/v2/media/ghs/4fef67b7-5f00-42b2-a8d8-5047b13d0552/a4d9b24f-339a-4b8c-bcd5-0c57153370d4_1296177018.jpeg?h=225&w=225,
305982735,Kind Dark Chocolate Nuts & Sea Salt 40G,https://www.tesco.com/groceries/en-GB/shop/food-cupboard/all?department=Dried%20Fruit%2C%20Nuts%2C%20Nutrient%20Powders%20%26%20Seeds&viewAll=department&page=,£1.30,£3.25/100g,£1.00 Clubcard Price,,/groceries/en-GB/products/305982735,https://digitalcontent.api.tesco.com/v2/media/ghs/86f793b3-baf4-4024-b70d-5fd847883b9d/e37292d7-1ca6-4141-bfc7-bd573ec4b10a_953036391.jpeg?h=225&w=225,
279344603,Bear Pure Fruit Yoyos Strawberry 20G,https://www.tesco.com/groceries/en-GB/shop/food-cupboard/all?department=Dried%20Fruit%2C%20Nuts%2C%20Nutrient%20Powders%20%26%20Seeds&viewAll=department&page=,£0.60,£3.00/100g,"£3.40 Meal Deal Clubcard Price £3.90 Meal Deal Regular Price - Selected Drink, Snack, Wrap, Sandwich, Roll, Pasty Or Salad",,/groceries/en-GB/products/279344603,https://digitalcontent.api.tesco.com/v2/media/ghs/6aa7f6aa-d7fc-443a-8520-9041d82769af/01055519-d069-44b6-8c5c-838f65c035c7_276571989.jpeg?h=225&w=225,
309194291,Wicked Kitchen Cool Triangles 85G,https://www.tesco.com/groceries/en-GB/shop/food-cupboard/all?department=Dried%20Fruit%2C%20Nuts%2C%20Nutrient%20Powders%20%26%20Seeds&viewAll=department&page=,£1.00,£1.18/100g,,,/groceries/en-GB/products/309194291,https://digitalcontent.api.tesco.com/v2/media/ghs/dedac563-7a5b-42d2-bf25-36d92a87ee03/59db9162-5f2d-46be-97d1-7abd323b61b7_1248706063.jpeg?h=225&w=225,
302677128,Tesco Fruit & Nut Shot 25G,https://www.tesco.com/groceries/en-GB/shop/food-cupboard/all?department=Dried%20Fruit%2C%20Nuts%2C%20Nutrient%20Powders%20%26%20Seeds&viewAll=department&page=,£0.60,£24.00/kg,Any 3 for 2 Clubcard Price - Cheapest Product Free - Selected Tesco Dried Fruit Or Nuts,,/groceries/en-GB/products/302677128,https://digitalcontent.api.tesco.com/v2/media/ghs/074d7514-e602-4191-9d90-210b3565399a/5df7235e-4da0-408c-80f6-f6b656fb4351.jpeg?h=225&w=225,
301956733,Naturya Organic Cacao Powder Fair Trade 250G,https://www.tesco.com/groceries/en-GB/shop/food-cupboard/all?department=Dried%20Fruit%2C%20Nuts%2C%20Nutrient%20Powders%20%26%20Seeds&viewAll=department&page=,£6.50,£26.00/kg,£4.87 Clubcard Price,,/groceries/en-GB/products/301956733,https://digitalcontent.api.tesco.com/v2/media/ghs/d037becb-3b05-4a94-8a0a-3ef61ebd8131/6ebd1a83-0843-4e34-a4d7-63d6fa80038b_1462245621.jpeg?h=225&w=225,
308474013,Linwoods Organic Flax Sunflower Seeds Berries 425G,https://www.tesco.com/groceries/en-GB/shop/food-cupboard/all?department=Dried%20Fruit%2C%20Nuts%2C%20Nutrient%20Powders%20%26%20Seeds&viewAll=department&page=,£6.00,£14.12/kg,,,/groceries/en-GB/products/308474013,https://digitalcontent.api.tesco.com/v2/media/ghs/c63c4411-d4c9-4e61-8a7c-d17d320c4115/c7852ea0-fa95-4bde-860b-c066c6d69868_1663553995.jpeg?h=225&w=225,
307145883,Linwoods Shelled Hemp 200G,https://www.tesco.com/groceries/en-GB/shop/food-cupboard/all?department=Dried%20Fruit%2C%20Nuts%2C%20Nutrient%20Powders%20%26%20Seeds&viewAll=department&page=,£5.50,£27.50/kg,,,/groceries/en-GB/products/307145883,https://digitalcontent.api.tesco.com/v2/media/ghs/29e35bc4-3735-4090-ab76-03affa7b8018/48cdb794-6c2f-498d-9acc-eaceefbab26a_459248565.jpeg?h=225&w=225,
271074330,Tesco Almonds 250G,https://www.tesco.com/groceries/en-GB/shop/food-cupboard/all?department=Dried%20Fruit%2C%20Nuts%2C%20Nutrient%20Powders%20%26%20Seeds&viewAll=department&page=,£3.60,£14.40/kg,,,/groceries/en-GB/products/271074330,https://digitalcontent.api.tesco.com/v2/media/ghs/f3a2c348-20e9-45ed-b8b1-5a2c65bbe71d/b73a2bfc-0cf3-4b05-ab00-42938a10a2a2_1330329733.jpeg?h=225&w=225,
271074635,Tesco Fruit & Nut Mix With Apricots 300G,https://www.tesco.com/groceries/en-GB/shop/food-cupboard/all?department=Dried%20Fruit%2C%20Nuts%2C%20Nutrient%20Powders%20%26%20Seeds&viewAll=department&page=,£3.45,£11.50/kg,,,/groceries/en-GB/products/271074635,https://digitalcontent.api.tesco.com/v2/media/ghs/d2309793-5cff-4695-b72e-f2c91ade5019/8f2f7b76-d33d-43f7-ac21-62239289fa78_374999589.jpeg?h=225&w=225,
300422825,Naturya Super Food Breakfast Seed Crunch 150G,https://www.tesco.com/groceries/en-GB/shop/food-cupboard/all?department=Dried%20Fruit%2C%20Nuts%2C%20Nutrient%20Powders%20%26%20Seeds&viewAll=department&page=,£5.00,£33.34/kg,£3.75 Clubcard Price,,/groceries/en-GB/products/300422825,https://digitalcontent.api.tesco.com/v2/media/ghs/1efca4fc-1ab7-45c2-ab00-988664ea035f/9ce7ac3f-18be-4ec6-a503-90d8cbfe2ce6_1699967900.jpeg?h=225&w=225,
307159262,Linwoods Organic Milled Hemp Flax & Chia Seeds 200G,https://www.tesco.com/groceries/en-GB/shop/food-cupboard/all?department=Dried%20Fruit%2C%20Nuts%2C%20Nutrient%20Powders%20%26%20Seeds&viewAll=department&page=,£4.00,£20.00/kg,,,/groceries/en-GB/products/307159262,https://digitalcontent.api.tesco.com/v2/media/ghs/ad7d0089-52d7-429d-bb66-b2732ac79e8c/62f161bc-f098-43c6-8c0b-071e45597f13_274624697.jpeg?h=225&w=225,
300423041,Naturya Super Food Breakfast Berries 150G,https://www.tesco.com/groceries/en-GB/shop/food-cupboard/all?department=Dried%20Fruit%2C%20Nuts%2C%20Nutrient%20Powders%20%26%20Seeds&viewAll=department&page=,£5.00,£33.34/kg,£3.75 Clubcard Price,,/groceries/en-GB/products/300423041,https://digitalcontent.api.tesco.com/v2/media/ghs/8f92d22d-09b0-4d9a-8be9-7bcec36dd22f/9cc82e49-b001-4afb-a6ed-324ffb8b82f6_1987111657.jpeg?h=225&w=225,
309467084,Tesco Organic Mixed Nuts 250G,https://www.tesco.com/groceries/en-GB/shop/food-cupboard/all?department=Dried%20Fruit%2C%20Nuts%2C%20Nutrient%20Powders%20%26%20Seeds&viewAll=department&page=,£4.50,£18.00/kg,,,/groceries/en-GB/products/309467084,https://digitalcontent.api.tesco.com/v2/media/ghs/30227f1a-425f-4b4f-a5e4-1617f6e495a5/a5945de5-8cc6-4284-9096-85ca5a432b2e_1778871969.jpeg?h=225&w=225,
301956791,Naturya Organic Cacao Nibs 125G,https://www.tesco.com/groceries/en-GB/shop/food-cupboard/all?department=Dried%20Fruit%2C%20Nuts%2C%20Nutrient%20Powders%20%26%20Seeds&viewAll=department&page=,£4.00,£32.00/kg,£3.00 Clubcard Price,,/groceries/en-GB/products/301956791,https://digitalcontent.api.tesco.com/v2/media/ghs/e95424b5-b748-401d-a30a-cc123abc762e/1469713c-dd0c-4ce0-b3e9-67fcedc1c9c9_153962355.jpeg?h=225&w=225,
300423029,Funktional Foods Cacao Powder 100G,https://www.tesco.com/groceries/en-GB/shop/food-cupboard/all?department=Dried%20Fruit%2C%20Nuts%2C%20Nutrient%20Powders%20%26%20Seeds&viewAll=department&page=,£3.00,£30.00/kg,,,/groceries/en-GB/products/300423029,https://digitalcontent.api.tesco.com/v2/media/ghs/f52f31dd-7b42-42d0-a362-54d845b44ed8/e64b391d-f30b-4628-a12d-72251367de18_1006773240.jpeg?h=225&w=225,
309755745,Forest Feast Whole Canadian Cranberries 170G,https://www.tesco.com/groceries/en-GB/shop/food-cupboard/all?department=Dried%20Fruit%2C%20Nuts%2C%20Nutrient%20Powders%20%26%20Seeds&viewAll=department&page=,£3.30,£19.42/kg,,,/groceries/en-GB/products/309755745,https://digitalcontent.api.tesco.com/v2/media/ghs/4f242ba3-4a26-4b11-85b7-c3570edb546f/14f719c8-b3a6-4d08-92fb-a3e0e0fca6fa_1392089919.jpeg?h=225&w=225,
307140829,Funktional Foods Vegan Protein Blend Berry 100G,https://www.tesco.com/groceries/en-GB/shop/food-cupboard/all?department=Dried%20Fruit%2C%20Nuts%2C%20Nutrient%20Powders%20%26%20Seeds&viewAll=department&page=,£3.00,£30.00/kg,,,/groceries/en-GB/products/307140829,https://digitalcontent.api.tesco.com/v2/media/ghs/3640509a-4de0-4d72-be5f-e27ebf2db0e8/2a240853-5596-481b-a0d5-4158feaa0a1e_760734981.jpeg?h=225&w=225,
307139303,Funktional Foods Vegan Protein Blend Vanilla 100G,https://www.tesco.com/groceries/en-GB/shop/food-cupboard/all?department=Dried%20Fruit%2C%20Nuts%2C%20Nutrient%20Powders%20%26%20Seeds&viewAll=department&page=,£3.00,£30.00/kg,,,/groceries/en-GB/products/307139303,https://digitalcontent.api.tesco.com/v2/media/ghs/4ef9c213-524f-4a89-afc9-2a1b07c70060/4e003f74-4353-43f7-8e55-746744ec86cc_422165447.jpeg?h=225&w=225,
303183181,Grenade Carb Killa Dark Chocolate Raspberry Bar 60G,https://www.tesco.com/groceries/en-GB/shop/food-cupboard/all?department=Dried%20Fruit%2C%20Nuts%2C%20Nutrient%20Powders%20%26%20Seeds&viewAll=department&page=,£2.75,£4.59/100g,,,/groceries/en-GB/products/303183181,https://digitalcontent.api.tesco.com/v2/media/ghs/dd88e1db-bc09-4c94-8f38-fc148a175444/30a87e7b-3c14-49c4-a2ff-86f9d2bd049e_90717913.jpeg?h=225&w=225,
282615279,Sci-Mx Double Chocolate Protein Cookie 75G,https://www.tesco.com/groceries/en-GB/shop/food-cupboard/all?department=Dried%20Fruit%2C%20Nuts%2C%20Nutrient%20Powders%20%26%20Seeds&viewAll=department&page=,£2.00,£2.67/100g,,,/groceries/en-GB/products/282615279,https://digitalcontent.api.tesco.com/v2/media/ghs/45ad0c7f-99b7-4e98-9ac6-81779314a096/86ff1828-0bf5-4999-b8ff-e367a5ca5701_455805777.jpeg?h=225&w=225,
302081913,Grenade Carb Killa Birthday Cake Protein Bar 60G,https://www.tesco.com/groceries/en-GB/shop/food-cupboard/all?department=Dried%20Fruit%2C%20Nuts%2C%20Nutrient%20Powders%20%26%20Seeds&viewAll=department&page=,£2.70,£4.50/100g,,,/groceries/en-GB/products/302081913,https://digitalcontent.api.tesco.com/v2/media/ghs/d0287e45-b7da-4cbf-ac4a-c4459fd64a06/bef7b87a-80b7-4154-ae1f-c75f74713b3c_1748619470.jpeg?h=225&w=225,
293478055,Fulfil Peanut & Caramel Vitamin & Protein Bar 55G,https://www.tesco.com/groceries/en-GB/shop/food-cupboard/all?department=Dried%20Fruit%2C%20Nuts%2C%20Nutrient%20Powders%20%26%20Seeds&viewAll=department&page=,£2.70,£4.91/100g,£2.00 Clubcard Price,,/groceries/en-GB/products/293478055,https://digitalcontent.api.tesco.com/v2/media/ghs/12cf89ff-b1d3-4d3b-83ef-def4d111cbc7/fcfb99ac-e38e-4b5b-aa6d-2711f12c1389_1412521654.jpeg?h=225&w=225,
312345783,Urban Fruit Gently Baked Blueberries 75G,https://www.tesco.com/groceries/en-GB/shop/food-cupboard/all?department=Dried%20Fruit%2C%20Nuts%2C%20Nutrient%20Powders%20%26%20Seeds&viewAll=department&page=,£2.40,£32.00/kg,Any 2 for £4 Clubcard Price - Selected Urban Fruit 75g-100g,,/groceries/en-GB/products/312345783,https://digitalcontent.api.tesco.com/v2/media/ghs/058b57fa-11bd-4985-9c71-88127942487d/9c777955-08fb-4247-b994-448aaaad7d73_508894996.jpeg?h=225&w=225,
307133649,Kings Jerky Snacks Assortment 70G,https://www.tesco.com/groceries/en-GB/shop/food-cupboard/all?department=Dried%20Fruit%2C%20Nuts%2C%20Nutrient%20Powders%20%26%20Seeds&viewAll=department&page=,£2.99,£4.28/100g,,,/groceries/en-GB/products/307133649,https://digitalcontent.api.tesco.com/v2/media/ghs-mktg/b0b04216-fa73-466d-a9d7-c9fcfa1ce9b3/no-image.jpeg,
297754799,Gogo Squeez Yogurt Snack Strawberry 4X85g,https://www.tesco.com/groceries/en-GB/shop/food-cupboard/all?department=Dried%20Fruit%2C%20Nuts%2C%20Nutrient%20Powders%20%26%20Seeds&viewAll=department&page=,£2.95,£0.87/100g,£2.21 Clubcard Price,,/groceries/en-GB/products/297754799,https://digitalcontent.api.tesco.com/v2/media/ghs/6d6afac0-868b-4bc5-b4d3-c0957d376796/b91c02ee-9079-47b3-ba99-9f2933a9f9ac_1291247489.jpeg?h=225&w=225,
297754471,Nakd Cocoa Twist Bar 4X30g,https://www.tesco.com/groceries/en-GB/shop/food-cupboard/all?department=Dried%20Fruit%2C%20Nuts%2C%20Nutrient%20Powders%20%26%20Seeds&viewAll=department&page=,£2.75,£2.30/100g,£2.00 Clubcard Price,,/groceries/en-GB/products/297754471,https://digitalcontent.api.tesco.com/v2/media/ghs/651f6f79-d77a-4b99-8ece-8daf16feccfc/92e1f041-ff84-4a92-ac24-23a9c2f0a165_1859128692.jpeg?h=225&w=225,
312708216,Whitworths Fusions Strawberry Mango 75G,https://www.tesco.com/groceries/en-GB/shop/food-cupboard/all?department=Dried%20Fruit%2C%20Nuts%2C%20Nutrient%20Powders%20%26%20Seeds&viewAll=department&page=,£2.10,£28.00/kg,,,/groceries/en-GB/products/312708216,https://digitalcontent.api.tesco.com/v2/media/ghs/e493fd47-78bc-4d3d-83f7-56ad5049da44/017dccaa-23a1-4492-a33b-6c377f9fe089_611680030.jpeg?h=225&w=225,
312559501,Whitworths Fusions Watermelon Papaya 80G,https://www.tesco.com/groceries/en-GB/shop/food-cupboard/all?department=Dried%20Fruit%2C%20Nuts%2C%20Nutrient%20Powders%20%26%20Seeds&viewAll=department&page=,£2.10,£26.25/kg,,,/groceries/en-GB/products/312559501,https://digitalcontent.api.tesco.com/v2/media/ghs/d165bbf8-af22-4a0e-9abc-f67555a3f56b/3d6f1fcb-9a18-4fb1-bd49-52a690843996_1027992109.jpeg?h=225&w=225,
304789049,Phd Smart Birthday Cake Bar 64G,https://www.tesco.com/groceries/en-GB/shop/food-cupboard/all?department=Dried%20Fruit%2C%20Nuts%2C%20Nutrient%20Powders%20%26%20Seeds&viewAll=department&page=,£2.00,£3.13/100g,,,/groceries/en-GB/products/304789049,https://digitalcontent.api.tesco.com/v2/media/ghs/63d5cb5e-3104-4ebe-aa6e-041bb781e7d6/e7f6d7f9-1e9f-4d34-af64-353d55db6793_1689947159.jpeg?h=225&w=225,
304789049,Phd Smart Birthday Cake Bar 64G,https://www.tesco.com/groceries/en-GB/shop/food-cupboard/all?department=Dried%20Fruit%2C%20Nuts%2C%20Nutrient%20Powders%20%26%20Seeds&viewAll=department&page=,£2.00,£3.13/100g,,,/groceries/en-GB/products/304789049,https://digitalcontent.api.tesco.com/v2/media/ghs/63d5cb5e-3104-4ebe-aa6e-041bb781e7d6/e7f6d7f9-1e9f-4d34-af64-353d55db6793_1689947159.jpeg?h=225&w=225,
308100140,Maximuscle Cookies & Cream Protein Bar 45G,https://www.tesco.com/groceries/en-GB/shop/food-cupboard/all?department=Dried%20Fruit%2C%20Nuts%2C%20Nutrient%20Powders%20%26%20Seeds&viewAll=department&page=,£2.00,£4.45/100g,,,/groceries/en-GB/products/308100140,https://digitalcontent.api.tesco.com/v2/media/ghs/0f26aa14-abaf-465b-8cf6-32a6482865c9/8fcf431f-5f9d-4ab1-af76-5c099b4d0b7a_1607604808.jpeg?h=225&w=225,
309762932,Whitworths Apple & Cinnamon Sultanas 300G,https://www.tesco.com/groceries/en-GB/shop/food-cupboard/all?department=Dried%20Fruit%2C%20Nuts%2C%20Nutrient%20Powders%20%26%20Seeds&viewAll=department&page=,£3.15,£10.50/kg,,,/groceries/en-GB/products/309762932,https://digitalcontent.api.tesco.com/v2/media/ghs/3d275550-970f-48a1-9265-4ff0bfd4fa17/c5153968-2fec-4ca8-9912-f9ca847bc30c_309272952.jpeg?h=225&w=225,
309761484,Whitworths Maple Syrup Prunes 275G,https://www.tesco.com/groceries/en-GB/shop/food-cupboard/all?department=Dried%20Fruit%2C%20Nuts%2C%20Nutrient%20Powders%20%26%20Seeds&viewAll=department&page=,£3.15,£11.46/kg,,,/groceries/en-GB/products/309761484,https://digitalcontent.api.tesco.com/v2/media/ghs/79701bcd-01e7-4fef-ab4d-b00e5381082f/13abe9cc-4a9b-4120-9f64-fa711f4fbbbc_861809704.jpeg?h=225&w=225,
297813874,Phd Smart Bar Chocolate Brownie 64G,https://www.tesco.com/groceries/en-GB/shop/food-cupboard/all?department=Dried%20Fruit%2C%20Nuts%2C%20Nutrient%20Powders%20%26%20Seeds&viewAll=department&page=,£2.00,£3.13/100g,,,/groceries/en-GB/products/297813874,https://digitalcontent.api.tesco.com/v2/media/ghs/c137a88b-7e49-40e6-86d8-3a2bba881449/bce65415-18db-4be6-8ca4-36f5f952dd56_1786517256.jpeg?h=225&w=225,
308482199,Snaffling Pig Chorizo Bites 50G,https://www.tesco.com/groceries/en-GB/shop/food-cupboard/all?department=Dried%20Fruit%2C%20Nuts%2C%20Nutrient%20Powders%20%26%20Seeds&viewAll=department&page=,£2.00,£4.00/100g,,,/groceries/en-GB/products/308482199,https://digitalcontent.api.tesco.com/v2/media/ghs/ccd2dca4-f087-40d7-bbba-090c78c20a4b/snapshotimagehandler_23233649.jpeg?h=225&w=225,
309171208,Tesco Organic Whole Almonds 100G,https://www.tesco.com/groceries/en-GB/shop/food-cupboard/all?department=Dried%20Fruit%2C%20Nuts%2C%20Nutrient%20Powders%20%26%20Seeds&viewAll=department&page=,£2.00,£20.00/kg,,,/groceries/en-GB/products/309171208,https://digitalcontent.api.tesco.com/v2/media/ghs/d727b4b6-db78-4cf0-9977-84038eb6500b/f9fc9bcf-8301-4c58-aa18-61e485ae40d7_958690781.jpeg?h=225&w=225,
301971173,Phd Smart Salted Fudge Brownie Bar 64G,https://www.tesco.com/groceries/en-GB/shop/food-cupboard/all?department=Dried%20Fruit%2C%20Nuts%2C%20Nutrient%20Powders%20%26%20Seeds&viewAll=department&page=,£2.00,£3.13/100g,,,/groceries/en-GB/products/301971173,https://digitalcontent.api.tesco.com/v2/media/ghs/47f2d370-aa46-41bc-9079-a8ba26b075ac/537a5dd4-8af1-4e38-bd9f-63bd59c9f467_234562685.jpeg?h=225&w=225,
299473385,Phd Smart Bar Dark Chocolate Raspberry 64G,https://www.tesco.com/groceries/en-GB/shop/food-cupboard/all?department=Dried%20Fruit%2C%20Nuts%2C%20Nutrient%20Powders%20%26%20Seeds&viewAll=department&page=,£2.00,£3.13/100g,,,/groceries/en-GB/products/299473385,https://digitalcontent.api.tesco.com/v2/media/ghs/14a5a601-7e53-40d9-a536-084be907f5a6/182519c0-e19c-4149-9879-14c399b98f28_1479192227.jpeg?h=225&w=225,
305830720,Kind Protein Crunchy Peanut Butter Bar 50G,https://www.tesco.com/groceries/en-GB/shop/food-cupboard/all?department=Dried%20Fruit%2C%20Nuts%2C%20Nutrient%20Powders%20%26%20Seeds&viewAll=department&page=,£1.60,£3.20/100g,,,/groceries/en-GB/products/305830720,https://digitalcontent.api.tesco.com/v2/media/ghs/17b229d8-2114-4075-ac5c-838dfa91156b/69691095-c579-4192-a34b-fe8c2bc666fc_690638165.jpeg?h=225&w=225,
306933263,Kind Protein Dark Chocolate Nut Bar 50G,https://www.tesco.com/groceries/en-GB/shop/food-cupboard/all?department=Dried%20Fruit%2C%20Nuts%2C%20Nutrient%20Powders%20%26%20Seeds&viewAll=department&page=,£1.60,£3.20/100g,,,/groceries/en-GB/products/306933263,https://digitalcontent.api.tesco.com/v2/media/ghs/7adbda6e-4af4-4c69-8694-8d14afb39a5a/f811c8a1-cfb3-4d43-ba6f-82af3807bec7_1621129814.jpeg?h=225&w=225,
307146127,Kind Almond & Coconut Bar 40G,https://www.tesco.com/groceries/en-GB/shop/food-cupboard/all?department=Dried%20Fruit%2C%20Nuts%2C%20Nutrient%20Powders%20%26%20Seeds&viewAll=department&page=,£1.30,£3.25/100g,£1.00 Clubcard Price,,/groceries/en-GB/products/307146127,https://digitalcontent.api.tesco.com/v2/media/ghs/c2ba54f1-40b2-4750-959d-ea42f762f7ab/6c1fad57-5a2c-4f16-9ba5-a8a5c7c0b27a_787307950.jpeg?h=225&w=225,
308104959,Kind Dark Chocolate Orange Almond Bar 40G,https://www.tesco.com/groceries/en-GB/shop/food-cupboard/all?department=Dried%20Fruit%2C%20Nuts%2C%20Nutrient%20Powders%20%26%20Seeds&viewAll=department&page=,£1.30,£3.25/100g,£1.00 Clubcard Price,,/groceries/en-GB/products/308104959,https://digitalcontent.api.tesco.com/v2/media/ghs/715988ad-f50c-4664-830c-54888b57bec8/a1a04333-3f22-4726-a314-9dc6a62f8167_1003418610.jpeg?h=225&w=225,
290404747,Kind Caramel Almond & Sea Salt 40G,https://www.tesco.com/groceries/en-GB/shop/food-cupboard/all?department=Dried%20Fruit%2C%20Nuts%2C%20Nutrient%20Powders%20%26%20Seeds&viewAll=department&page=,£1.30,£3.25/100g,£1.00 Clubcard Price,,/groceries/en-GB/products/290404747,https://digitalcontent.api.tesco.com/v2/media/ghs/fb3afa90-6b15-4b48-a59a-17ea44cfb0a0/4f11832f-45e0-408b-a5d2-172189c6e1db_1996584355.jpeg?h=225&w=225,
307140341,Kind Salted Caramel Dark Chocolate Bar 40G,https://www.tesco.com/groceries/en-GB/shop/food-cupboard/all?department=Dried%20Fruit%2C%20Nuts%2C%20Nutrient%20Powders%20%26%20Seeds&viewAll=department&page=,£1.30,£3.25/100g,£1.00 Clubcard Price,,/groceries/en-GB/products/307140341,https://digitalcontent.api.tesco.com/v2/media/ghs/6e72b5c0-0b60-462b-a2d8-eabe33fe6c53/3646d868-d76d-4a08-88b9-bbffb7d8cae9_1936720709.jpeg?h=225&w=225,
309465748,Tesco Organic Soft Figs 200G,https://www.tesco.com/groceries/en-GB/shop/food-cupboard/all?department=Dried%20Fruit%2C%20Nuts%2C%20Nutrient%20Powders%20%26%20Seeds&viewAll=department&page=,£2.50,£12.50/kg,Any 2 for £3 Clubcard Price - Selected Tesco Dried Fruits 200g,,/groceries/en-GB/products/309465748,https://digitalcontent.api.tesco.com/v2/media/ghs-mktg/b0b04216-fa73-466d-a9d7-c9fcfa1ce9b3/no-image.jpeg,
279344424,Bear Pure Fruit Yoyos Mango 20G,https://www.tesco.com/groceries/en-GB/shop/food-cupboard/all?department=Dried%20Fruit%2C%20Nuts%2C%20Nutrient%20Powders%20%26%20Seeds&viewAll=department&page=,£0.60,£3.00/100g,"£3.40 Meal Deal Clubcard Price £3.90 Meal Deal Regular Price - Selected Drink, Snack, Wrap, Sandwich, Roll, Pasty Or Salad",,/groceries/en-GB/products/279344424,https://digitalcontent.api.tesco.com/v2/media/ghs/ea4c7439-ab2f-4952-9f21-a27802d7354f/b37f669b-6c52-4d6f-81df-d2da1476436a_362243060.jpeg?h=225&w=225,
309454237,Tesco Organic Soft Apricots 200G,https://www.tesco.com/groceries/en-GB/shop/food-cupboard/all?department=Dried%20Fruit%2C%20Nuts%2C%20Nutrient%20Powders%20%26%20Seeds&viewAll=department&page=,£2.50,£12.50/kg,Any 2 for £3 Clubcard Price - Selected Tesco Dried Fruits 200g,,/groceries/en-GB/products/309454237,https://digitalcontent.api.tesco.com/v2/media/ghs-mktg/b0b04216-fa73-466d-a9d7-c9fcfa1ce9b3/no-image.jpeg,
277017113,Grenade Thermo Detonator 100 Caps,https://www.tesco.com/groceries/en-GB/shop/food-cupboard/all?department=Dried%20Fruit%2C%20Nuts%2C%20Nutrient%20Powders%20%26%20Seeds&viewAll=department&page=,£33.00,£0.33/each,,,/groceries/en-GB/products/277017113,https://digitalcontent.api.tesco.com/v2/media/ghs/57fc95b3-6a66-42b3-914e-7bf2b91b9cae/17658976-0102-43c5-8fb3-0fb4e109e8b8_435009053.jpeg?h=225&w=225,
308485599,Fulfil Vitamin & Protein Bars 10 Mixed Pack 550G,https://www.tesco.com/groceries/en-GB/shop/food-cupboard/all?department=Dried%20Fruit%2C%20Nuts%2C%20Nutrient%20Powders%20%26%20Seeds&viewAll=department&page=,£24.15,£4.40/100g,,,/groceries/en-GB/products/308485599,https://digitalcontent.api.tesco.com/v2/media/ghs/1b42901d-2514-48eb-8cfd-b6c8442d7740/f19e6a56-0a0a-4c6d-b430-792c81b6a6cc_1081067489.jpeg?h=225&w=225,
302419579,Naturya Organic Greens Blend 250G,https://www.tesco.com/groceries/en-GB/shop/food-cupboard/all?department=Dried%20Fruit%2C%20Nuts%2C%20Nutrient%20Powders%20%26%20Seeds&viewAll=department&page=,£15.00,£60.00/kg,£11.25 Clubcard Price,,/groceries/en-GB/products/302419579,https://digitalcontent.api.tesco.com/v2/media/ghs/4a779392-762f-4c26-b73b-79942dbe9944/b3c293e0-8290-410c-81e5-78224de1f059_123058158.jpeg?h=225&w=225,
301956779,Naturya Organic Hemp Protein Powder 300G,https://www.tesco.com/groceries/en-GB/shop/food-cupboard/all?department=Dried%20Fruit%2C%20Nuts%2C%20Nutrient%20Powders%20%26%20Seeds&viewAll=department&page=,£12.00,£40.00/kg,£9.00 Clubcard Price,,/groceries/en-GB/products/301956779,https://digitalcontent.api.tesco.com/v2/media/ghs/be637b94-4561-40c9-b659-7c8e2f413880/9fbfb830-abe1-47a4-be6c-06de31ab76b6_197034210.jpeg?h=225&w=225,
307158568,Naturya Organic Blend Immunity Super Green 250G,https://www.tesco.com/groceries/en-GB/shop/food-cupboard/all?department=Dried%20Fruit%2C%20Nuts%2C%20Nutrient%20Powders%20%26%20Seeds&viewAll=department&page=,£12.00,£48.00/kg,£9.00 Clubcard Price,,/groceries/en-GB/products/307158568,https://digitalcontent.api.tesco.com/v2/media/ghs/16ded9f5-eb2d-4687-8b99-070e57161384/5a7c1359-8f36-44cc-ac49-da695751766c_552276808.jpeg?h=225&w=225,
307154411,Naturya Organic Blend Cognition Chocolate Flavoured 250G,https://www.tesco.com/groceries/en-GB/shop/food-cupboard/all?department=Dried%20Fruit%2C%20Nuts%2C%20Nutrient%20Powders%20%26%20Seeds&viewAll=department&page=,£12.00,£48.00/kg,£9.00 Clubcard Price,,/groceries/en-GB/products/307154411,https://digitalcontent.api.tesco.com/v2/media/ghs/709fa769-a698-4393-a081-797e2f502d99/3b46c1db-e3bf-43cf-a159-37a482ddab3f_44170173.jpeg?h=225&w=225,
307132679,Naturya Organic Blend Energy Banana Flavoured 250G,https://www.tesco.com/groceries/en-GB/shop/food-cupboard/all?department=Dried%20Fruit%2C%20Nuts%2C%20Nutrient%20Powders%20%26%20Seeds&viewAll=department&page=,£12.00,£48.00/kg,£9.00 Clubcard Price,,/groceries/en-GB/products/307132679,https://digitalcontent.api.tesco.com/v2/media/ghs/c6f9bfe7-89b2-4cdb-b7d2-4ba8c4dc61a6/1c780286-cec7-4f66-9f23-a8470b2c09f2_597239722.jpeg?h=225&w=225,
307151702,Naturya Organic Plant Super Protein Cacao Maca 210G,https://www.tesco.com/groceries/en-GB/shop/food-cupboard/all?department=Dried%20Fruit%2C%20Nuts%2C%20Nutrient%20Powders%20%26%20Seeds&viewAll=department&page=,£10.00,£47.62/kg,£7.50 Clubcard Price,,/groceries/en-GB/products/307151702,https://digitalcontent.api.tesco.com/v2/media/ghs/99fe6c3d-3bef-484b-a633-3bb68b6743a2/1a762512-99d6-466a-a79d-d2d246addb76_1429183442.jpeg?h=225&w=225,
307132529,Naturya Organic Plant Super Protein Banana Baobab 210G,https://www.tesco.com/groceries/en-GB/shop/food-cupboard/all?department=Dried%20Fruit%2C%20Nuts%2C%20Nutrient%20Powders%20%26%20Seeds&viewAll=department&page=,£10.00,£47.62/kg,£7.50 Clubcard Price,,/groceries/en-GB/products/307132529,https://digitalcontent.api.tesco.com/v2/media/ghs/c7b60b08-4db5-457d-8bbe-3e925ff598f3/7683f134-7024-4a27-a10f-d000ea159c33_731961793.jpeg?h=225&w=225,
307142241,Naturya Organic Super Protein Acai Strawberry 210G,https://www.tesco.com/groceries/en-GB/shop/food-cupboard/all?department=Dried%20Fruit%2C%20Nuts%2C%20Nutrient%20Powders%20%26%20Seeds&viewAll=department&page=,£10.00,£47.62/kg,£7.50 Clubcard Price,,/groceries/en-GB/products/307142241,https://digitalcontent.api.tesco.com/v2/media/ghs/da13debf-3513-413e-bce5-05722ff336b0/37e2ed00-723a-4f52-ab01-982abd4d044e_1356510157.jpeg?h=225&w=225,
302306275,Naturya Organic Tumeric Blend 250G,https://www.tesco.com/groceries/en-GB/shop/food-cupboard/all?department=Dried%20Fruit%2C%20Nuts%2C%20Nutrient%20Powders%20%26%20Seeds&viewAll=department&page=,£8.00,£32.00/kg,£6.00 Clubcard Price,,/groceries/en-GB/products/302306275,https://digitalcontent.api.tesco.com/v2/media/ghs/dcd8797b-4b07-41ae-a3fe-dfcc9b17ac6b/6ac16992-7f86-443b-ba1e-4bce43037123_1446098813.jpeg?h=225&w=225,
301956819,Naturya Organic Spirulina Powder 100G,https://www.tesco.com/groceries/en-GB/shop/food-cupboard/all?department=Dried%20Fruit%2C%20Nuts%2C%20Nutrient%20Powders%20%26%20Seeds&viewAll=department&page=,£6.00,£60.00/kg,£4.50 Clubcard Price,,/groceries/en-GB/products/301956819,https://digitalcontent.api.tesco.com/v2/media/ghs/40527695-9582-4184-a880-34a0d3d3018a/f2d21e2a-0f88-4acb-9e1f-37b84681a4d2_1804133895.jpeg?h=225&w=225,
300423064,Naturya Super Boost Breakfast Cacao 150G,https://www.tesco.com/groceries/en-GB/shop/food-cupboard/all?department=Dried%20Fruit%2C%20Nuts%2C%20Nutrient%20Powders%20%26%20Seeds&viewAll=department&page=,£5.00,£33.34/kg,£3.75 Clubcard Price,,/groceries/en-GB/products/300423064,https://digitalcontent.api.tesco.com/v2/media/ghs/2158f4fb-ea31-4ee5-a352-a7cf683ed926/5024d3f5-8930-4245-857f-52c2bee9c606_1071964748.jpeg?h=225&w=225,
301882508,Naturya Organic Maca Powder 125G,https://www.tesco.com/groceries/en-GB/shop/food-cupboard/all?department=Dried%20Fruit%2C%20Nuts%2C%20Nutrient%20Powders%20%26%20Seeds&viewAll=department&page=,£4.00,£32.00/kg,£3.00 Clubcard Price,,/groceries/en-GB/products/301882508,https://digitalcontent.api.tesco.com/v2/media/ghs/ff7b48db-a9c7-44a4-9ccb-f6596504f73f/6fdfc5ef-46a4-4a42-8ce5-68eba616dfc8_1596181487.jpeg?h=225&w=225,
301956710,Funktional Foods Hemp Protein Powder 100G,https://www.tesco.com/groceries/en-GB/shop/food-cupboard/all?department=Dried%20Fruit%2C%20Nuts%2C%20Nutrient%20Powders%20%26%20Seeds&viewAll=department&page=,£3.00,£30.00/kg,,,/groceries/en-GB/products/301956710,https://digitalcontent.api.tesco.com/v2/media/ghs/8b633a17-c229-486f-bff4-e6e3f72c63f8/c0c6a2a0-9154-4219-aa37-80243848d4e0_1604946859.jpeg?h=225&w=225,
300422860,Funktional Foods Green Superblend Powder 100G,https://www.tesco.com/groceries/en-GB/shop/food-cupboard/all?department=Dried%20Fruit%2C%20Nuts%2C%20Nutrient%20Powders%20%26%20Seeds&viewAll=department&page=,£3.00,£30.00/kg,,,/groceries/en-GB/products/300422860,https://digitalcontent.api.tesco.com/v2/media/ghs/409d1057-1b27-4c4c-bcb2-0b9ac3b9608b/abeb82c0-5363-4bee-807c-ae1d500cf163_1015232326.jpeg?h=225&w=225,
305733737,Forest Feast Tropical Dried Pineapple 120G,https://www.tesco.com/groceries/en-GB/shop/food-cupboard/all?department=Dried%20Fruit%2C%20Nuts%2C%20Nutrient%20Powders%20%26%20Seeds&viewAll=department&page=,£3.30,£27.50/kg DR.WT,,,/groceries/en-GB/products/305733737,https://digitalcontent.api.tesco.com/v2/media/ghs/7054602d-d110-48f1-a944-24798898ca39/df268352-1770-4f8e-978d-5dcd51eb2482_145657467.jpeg?h=225&w=225,
300420539,Funktional Foodsmaca Powder 100G,https://www.tesco.com/groceries/en-GB/shop/food-cupboard/all?department=Dried%20Fruit%2C%20Nuts%2C%20Nutrient%20Powders%20%26%20Seeds&viewAll=department&page=,£3.00,£30.00/kg,,,/groceries/en-GB/products/300420539,https://digitalcontent.api.tesco.com/v2/media/ghs/2d358a44-7570-49da-853c-fb98c6a5b6da/9724318d-cdb3-41a6-929d-106da9b4b7b7_442726254.jpeg?h=225&w=225,
310684087,Forest Feast Orchard Prunes 200G,https://www.tesco.com/groceries/en-GB/shop/food-cupboard/all?department=Dried%20Fruit%2C%20Nuts%2C%20Nutrient%20Powders%20%26%20Seeds&viewAll=department&page=,£3.30,£16.50/kg,,,/groceries/en-GB/products/310684087,https://digitalcontent.api.tesco.com/v2/media/ghs/8f282727-ab50-40ca-9f15-1ab26d95bdea/d49e1bb8-4490-47f8-9f33-887ffe4c96f6_1178689298.jpeg?h=225&w=225,
300422899,Funktional Foods Spirulina Powder 100G,https://www.tesco.com/groceries/en-GB/shop/food-cupboard/all?department=Dried%20Fruit%2C%20Nuts%2C%20Nutrient%20Powders%20%26%20Seeds&viewAll=department&page=,£3.00,£30.00/kg,,,/groceries/en-GB/products/300422899,https://digitalcontent.api.tesco.com/v2/media/ghs/66ed1726-dde7-4757-8e32-e664cce3e2f5/4ee92fbc-ca64-4862-9486-4ce3f8a45f9d_906463952.jpeg?h=225&w=225,
301803696,Funktional Foods Wheatgrass Powder 100G,https://www.tesco.com/groceries/en-GB/shop/food-cupboard/all?department=Dried%20Fruit%2C%20Nuts%2C%20Nutrient%20Powders%20%26%20Seeds&viewAll=department&page=,£3.00,£30.00/kg,,,/groceries/en-GB/products/301803696,https://digitalcontent.api.tesco.com/v2/media/ghs/8593dc7d-8873-4247-8c43-6dcbcf6abe5a/72d77b63-f941-4203-9b73-50c00d5f3a34_884738811.jpeg?h=225&w=225,
307144779,Funktional Foods Vegan Protein Blend Banana 100G,https://www.tesco.com/groceries/en-GB/shop/food-cupboard/all?department=Dried%20Fruit%2C%20Nuts%2C%20Nutrient%20Powders%20%26%20Seeds&viewAll=department&page=,£3.00,£30.00/kg,,,/groceries/en-GB/products/307144779,https://digitalcontent.api.tesco.com/v2/media/ghs/ffd3de87-0198-45e5-892b-3de79b9a5f02/34ab2fc8-66e1-47d9-9457-6b247bc62762_1166203009.jpeg?h=225&w=225,
309496589,Urban Fruit Wellness Glow 85G,https://www.tesco.com/groceries/en-GB/shop/food-cupboard/all?department=Dried%20Fruit%2C%20Nuts%2C%20Nutrient%20Powders%20%26%20Seeds&viewAll=department&page=,£3.00,£35.30/kg,,,/groceries/en-GB/products/309496589,https://digitalcontent.api.tesco.com/v2/media/ghs/45e4da9a-ae39-4089-8971-684e603b364f/ad73d96c-283e-4b7f-8ea2-611a3d329b4f_2140173836.jpeg?h=225&w=225,
309455674,Urban Fruit Wellness Strength 85G,https://www.tesco.com/groceries/en-GB/shop/food-cupboard/all?department=Dried%20Fruit%2C%20Nuts%2C%20Nutrient%20Powders%20%26%20Seeds&viewAll=department&page=,£3.00,£35.30/kg,,,/groceries/en-GB/products/309455674,https://digitalcontent.api.tesco.com/v2/media/ghs/442ea835-e976-458c-81ae-b393cea07ac3/f200ac85-c7c4-4441-8871-9a2e283ed9c4_1665415803.jpeg?h=225&w=225,
309467654,Urban Fruit Wellness Immune 85G,https://www.tesco.com/groceries/en-GB/shop/food-cupboard/all?department=Dried%20Fruit%2C%20Nuts%2C%20Nutrient%20Powders%20%26%20Seeds&viewAll=department&page=,£3.00,£35.30/kg,,,/groceries/en-GB/products/309467654,https://digitalcontent.api.tesco.com/v2/media/ghs/702560bb-bf2a-42a1-8210-da5856ea53dd/c86e380d-3085-4089-ae4b-849097e97edb_295226439.jpeg?h=225&w=225,
312699438,Whitworths Fusions Coconut Pineapple 80G,https://www.tesco.com/groceries/en-GB/shop/food-cupboard/all?department=Dried%20Fruit%2C%20Nuts%2C%20Nutrient%20Powders%20%26%20Seeds&viewAll=department&page=,£2.10,£26.25/kg,,,/groceries/en-GB/products/312699438,https://digitalcontent.api.tesco.com/v2/media/ghs/5da58a64-bbfc-42ab-a0ca-532b3847e9f7/85464f4f-3e07-4da0-90fe-3ae1103691f8_280556909.jpeg?h=225&w=225,
312344369,Tesco Protein Bites Peanut & Cocoa 45G,https://www.tesco.com/groceries/en-GB/shop/food-cupboard/all?department=Dried%20Fruit%2C%20Nuts%2C%20Nutrient%20Powders%20%26%20Seeds&viewAll=department&page=,£1.00,£22.23/kg,,,/groceries/en-GB/products/312344369,https://digitalcontent.api.tesco.com/v2/media/ghs/5c9786fc-e194-4ce3-8df2-90f228ddd1e3/0f9979c0-96b3-425f-befa-556afd8d101c_1006641725.jpeg?h=225&w=225,
312352492,Tesco Protein Bites Almond & Raspberry 45G,https://www.tesco.com/groceries/en-GB/shop/food-cupboard/all?department=Dried%20Fruit%2C%20Nuts%2C%20Nutrient%20Powders%20%26%20Seeds&viewAll=department&page=,£1.00,£22.23/kg,,New,/groceries/en-GB/products/312352492,https://digitalcontent.api.tesco.com/v2/media/ghs/f190c9a8-214c-45dd-9e67-9905bcd2af6a/fd4c9e71-43e3-4725-9628-494ec0410121_297938591.jpeg?h=225&w=225,
311685214,Tesco Nutty Bites Mocha Flavour 45G,https://www.tesco.com/groceries/en-GB/shop/food-cupboard/all?department=Dried%20Fruit%2C%20Nuts%2C%20Nutrient%20Powders%20%26%20Seeds&viewAll=department&page=,£1.00,£22.23/kg,,,/groceries/en-GB/products/311685214,https://digitalcontent.api.tesco.com/v2/media/ghs/c9d36ccc-832b-43cd-bcd3-926c1c3ed2d5/cb551b12-0def-4710-94a9-c29d66b0bf38_36531191.jpeg?h=225&w=225,
257286175,Rice Krispies Multigrain Cereal 350G,https://www.tesco.com/groceries/en-GB/shop/food-cupboard/all?department=Cereals&viewAll=department&page=,£3.30,£0.94/100g,,,/groceries/en-GB/products/257286175,https://digitalcontent.api.tesco.com/v2/media/ghs/e8b2fb76-05d7-439f-b71a-14b6effd9ad8/86129986-e05a-4bc8-8c53-34d07a7dbc24_1942316833.jpeg?h=225&w=225,
305829826,Fibre One Chocolate Fudge Brownie Reduced Sugar 5 X 24G,https://www.tesco.com/groceries/en-GB/shop/food-cupboard/all?department=Cereals&viewAll=department&page=,£2.60,£2.17/100g,,,/groceries/en-GB/products/305829826,https://digitalcontent.api.tesco.com/v2/media/ghs/71f761ce-740d-4a93-be55-b07e5effa5a2/a479c88a-a35b-426e-a97f-edaa657d1427_1387654352.jpeg?h=225&w=225,
285391687,Weetabix Minis Chocolate 600G,https://www.tesco.com/groceries/en-GB/shop/food-cupboard/all?department=Cereals&viewAll=department&page=,£3.50,£0.58/100g,,,/groceries/en-GB/products/285391687,https://digitalcontent.api.tesco.com/v2/media/ghs/55a01260-07ae-4641-b472-8ff2d31011d7/c7948123-1c81-4f7e-a646-4e175f6a1a20_972696218.jpeg?h=225&w=225,
254853004,Weetabix 48Pk,https://www.tesco.com/groceries/en-GB/shop/food-cupboard/all?department=Cereals&viewAll=department&page=,£5.50,£0.12/each,£4.25 Clubcard Price,,/groceries/en-GB/products/254853004,https://digitalcontent.api.tesco.com/v2/media/ghs/c8181841-c64c-4a38-b987-f076f634055c/f6cf2529-0675-4873-a4fc-32ef1589437a_1257382503.jpeg?h=225&w=225,
265689717,Kellogg's Crunchy Nut 1Kg,https://www.tesco.com/groceries/en-GB/shop/food-cupboard/all?department=Cereals&viewAll=department&page=,£4.50,£0.45/100g,,,/groceries/en-GB/products/265689717,https://digitalcontent.api.tesco.com/v2/media/ghs/92139c7c-81a7-4663-a9a0-c3de045b8510/abb73ef2-6c7c-45ff-ad31-dc410d6530c9_901595004.jpeg?h=225&w=225,
312094007,Nestle Cheerios Multigrain Cereal 800G,https://www.tesco.com/groceries/en-GB/shop/food-cupboard/all?department=Cereals&viewAll=department&page=,£3.45,£0.43/100g,,,/groceries/en-GB/products/312094007,https://digitalcontent.api.tesco.com/v2/media/ghs/211bef6c-1ceb-4f3f-8e6f-0e8be6eb3836/be958f78-9915-42f7-b34c-3a9a4613e981_236572621.jpeg?h=225&w=225,
311959191,Nestle Shreddies The Original Cereal 1.1Kg,https://www.tesco.com/groceries/en-GB/shop/food-cupboard/all?department=Cereals&viewAll=department&page=,£3.80,£0.35/100g,,,/groceries/en-GB/products/311959191,https://digitalcontent.api.tesco.com/v2/media/ghs/96e5353e-46a7-478c-9b7d-7c23a8576033/a362b3f8-9b81-4705-882b-f478c004f74b_1629802690.jpeg?h=225&w=225,
308473694,Nestle Shreddies Coco Cereal 560G,https://www.tesco.com/groceries/en-GB/shop/food-cupboard/all?department=Cereals&viewAll=department&page=,£3.35,£0.60/100g,,,/groceries/en-GB/products/308473694,https://digitalcontent.api.tesco.com/v2/media/ghs/c0d90886-29f4-4602-9f8c-2f7437b29896/711ae06d-848f-420f-92d9-dcc3046235e5_216651979.jpeg?h=225&w=225,
254852996,Weetabix Cereal 24 Pack,https://www.tesco.com/groceries/en-GB/shop/food-cupboard/all?department=Cereals&viewAll=department&page=,£3.25,£0.14/each,,,/groceries/en-GB/products/254852996,https://digitalcontent.api.tesco.com/v2/media/ghs/a87c8eb9-61e4-4e41-9f90-7ee006f6fe75/06cf97ef-0de2-44d8-8370-2b37eb573656_191048924.jpeg?h=225&w=225,
280447962,Nature Valley Crunchy Granola Oats & Honey 5X42g,https://www.tesco.com/groceries/en-GB/shop/food-cupboard/all?department=Cereals&viewAll=department&page=,£2.40,£1.15/100g,,,/groceries/en-GB/products/280447962,https://digitalcontent.api.tesco.com/v2/media/ghs/1655ea91-f9f1-43a3-a310-a947c01f89ab/64ec2a06-3765-48b4-b6a7-f1070b94e50c_1749716357.jpeg?h=225&w=225,
293379247,Nature Valley Crunchy Granola Variety Cereal Bars 5 X 42G,https://www.tesco.com/groceries/en-GB/shop/food-cupboard/all?department=Cereals&viewAll=department&page=,£2.40,£1.15/100g,,,/groceries/en-GB/products/293379247,https://digitalcontent.api.tesco.com/v2/media/ghs/0c16046d-a98d-4c69-aecc-37229e195c81/c0280bde-9db1-4ffc-9d73-bf043cdf820d_1503711228.jpeg?h=225&w=225,
256267349,Kellogg's Crunchy Nut 500G,https://www.tesco.com/groceries/en-GB/shop/food-cupboard/all?department=Cereals&viewAll=department&page=,£3.30,£0.66/100g,,,/groceries/en-GB/products/256267349,https://digitalcontent.api.tesco.com/v2/media/ghs/2bad6e8d-f9d1-4403-992c-ff4e7e238e0d/b76ac3bb-0ae3-4263-b03b-05c12e6796d1_404577566.jpeg?h=225&w=225,
268060840,Quaker Oat So Simple Golden Syrup Porridge 57G,https://www.tesco.com/groceries/en-GB/shop/food-cupboard/all?department=Cereals&viewAll=department&page=,£0.90,£1.58/100g,Any 5 for £4 Clubcard Price - Selected Porridge Pots Bars Or Drinks,,/groceries/en-GB/products/268060840,https://digitalcontent.api.tesco.com/v2/media/ghs/d10af2a8-b3ca-4829-8f15-d5e88c290ea4/ed81f5b9-1e35-4aaf-9ecb-bee1df8e30e3_1629050878.jpeg?h=225&w=225,
301601520,Quaker Oat So Simple Original Porridge Pot 45G,https://www.tesco.com/groceries/en-GB/shop/food-cupboard/all?department=Cereals&viewAll=department&page=,£0.90,£2.00/100g,Any 5 for £4 Clubcard Price - Selected Porridge Pots Bars Or Drinks,,/groceries/en-GB/products/301601520,https://digitalcontent.api.tesco.com/v2/media/ghs/b64362f7-4bae-435c-b1e7-47d00a23587c/c6f603a3-d182-4365-9c22-485d9992e3f8_723740106.jpeg?h=225&w=225,
262972749,Nestle Shredded Wheat Cereal 30 Pack 675G,https://www.tesco.com/groceries/en-GB/shop/food-cupboard/all?department=Cereals&viewAll=department&page=,£3.00,£0.44/100g,,,/groceries/en-GB/products/262972749,https://digitalcontent.api.tesco.com/v2/media/ghs/6c879e1a-cbd6-46aa-83bd-30b9b9d4f4b7/a9a1ed09-2ce1-4c6e-9a94-0cdfe9269a51_940127453.jpeg?h=225&w=225,
312109194,Nestle Shreddies The Original Cereal 630G,https://www.tesco.com/groceries/en-GB/shop/food-cupboard/all?department=Cereals&viewAll=department&page=,£3.25,£0.52/100g,£1.62 Clubcard Price,,/groceries/en-GB/products/312109194,https://digitalcontent.api.tesco.com/v2/media/ghs/a5373279-120b-4147-a962-52a9dc1df712/19b1a729-0e51-4eaf-bde8-e6c81558c9a6_2062855379.jpeg?h=225&w=225,
250202649,Kellogg's Rice Krispie Squares Marshmallow 4 X 28G,https://www.tesco.com/groceries/en-GB/shop/food-cupboard/all?department=Cereals&viewAll=department&page=,£2.00,£1.79/100g,,,/groceries/en-GB/products/250202649,https://digitalcontent.api.tesco.com/v2/media/ghs/68391c98-985e-442c-8965-3eeaa7e5e3f7/ff824e8a-efae-48f7-ae22-4ec57525d9a3_866484055.jpeg?h=225&w=225,
250202816,Kellogg's Rice Krispie Squares Caramel 4 X 36G,https://www.tesco.com/groceries/en-GB/shop/food-cupboard/all?department=Cereals&viewAll=department&page=,£2.00,£1.39/100g,,,/groceries/en-GB/products/250202816,https://digitalcontent.api.tesco.com/v2/media/ghs/4fc22981-b4d4-46c6-8fa4-7f855b82012b/4e21cc2d-e1ca-45cd-9698-0fa623188a1d_1481040598.jpeg?h=225&w=225,
264525476,Kellogg's Rice Krispie Squares Chocolate 4X36g,https://www.tesco.com/groceries/en-GB/shop/food-cupboard/all?department=Cereals&viewAll=department&page=,£2.00,£1.39/100g,,,/groceries/en-GB/products/264525476,https://digitalcontent.api.tesco.com/v2/media/ghs/faf3db3f-48b9-4ab9-96ae-6aade40fef42/17cdde29-8056-462f-bc43-49006314b3f3_1793236205.jpeg?h=225&w=225,
303300896,Kellogg's Corn Flakes 720G,https://www.tesco.com/groceries/en-GB/shop/food-cupboard/all?department=Cereals&viewAll=department&page=,£3.00,£0.42/100g,,,/groceries/en-GB/products/303300896,https://digitalcontent.api.tesco.com/v2/media/ghs/aa117d72-3819-4055-a096-000d42ebbf4f/c8ba523e-af6e-49e4-8648-4a2997d2e8a7_369402397.jpeg?h=225&w=225,
254852938,Tesco Wheat Biscuits Cereal 24 Pack,https://www.tesco.com/groceries/en-GB/shop/food-cupboard/all?department=Cereals&viewAll=department&page=,£1.85,£0.08/each,,,/groceries/en-GB/products/254852938,https://digitalcontent.api.tesco.com/v2/media/ghs/289c8a31-81cb-4216-b41d-0a1562e40259/5ad401fb-d982-4216-a0a6-b851f195a3ee_448541834.jpeg?h=225&w=225,
309764734,Kellogg's Corn Flakes 500G,https://www.tesco.com/groceries/en-GB/shop/food-cupboard/all?department=Cereals&viewAll=department&page=,£1.99,£0.40/100g,Aldi Price Match,,/groceries/en-GB/products/309764734,https://digitalcontent.api.tesco.com/v2/media/ghs/ec49c602-f6fa-499e-a536-cf48e0d786b6/a4314220-ec25-42e1-b8c0-bd83b11e3759_902814122.jpeg?h=225&w=225,
254853776,Tesco Scottish Oats Porridge 1Kg,https://www.tesco.com/groceries/en-GB/shop/food-cupboard/all?department=Cereals&viewAll=department&page=,£1.25,£0.12/100g,,,/groceries/en-GB/products/254853776,https://digitalcontent.api.tesco.com/v2/media/ghs/4729192d-1f87-4479-8fa5-7cf67180152a/d5d0891d-f607-422b-be52-5ad123250d30_210944046.jpeg?h=225&w=225,
254852345,Tesco Honey Nut Cereal 500G,https://www.tesco.com/groceries/en-GB/shop/food-cupboard/all?department=Cereals&viewAll=department&page=,£1.50,£0.30/100g,,,/groceries/en-GB/products/254852345,https://digitalcontent.api.tesco.com/v2/media/ghs/932fc65a-d703-475a-aa14-9985f71ed661/624a973e-f426-4509-b677-f28ac41e91c6_1737573265.jpeg?h=225&w=225,
275905217,Tesco Pillows Chocolate Nut Cereal 375G,https://www.tesco.com/groceries/en-GB/shop/food-cupboard/all?department=Cereals&viewAll=department&page=,£1.20,£0.32/100g,,,/groceries/en-GB/products/275905217,https://digitalcontent.api.tesco.com/v2/media/ghs/72dd379a-3f4e-4966-964a-ef606d1f1464/6288887b-e4b5-4579-b0ff-5c1532db933c_1336558117.jpeg?h=225&w=225,
292991427,Tesco Cinnamon Instant Oats Cinnamon Pot 55G,https://www.tesco.com/groceries/en-GB/shop/food-cupboard/all?department=Cereals&viewAll=department&page=,£0.50,£0.91/100g,,,/groceries/en-GB/products/292991427,https://digitalcontent.api.tesco.com/v2/media/ghs/4f7a55ea-e793-4ec9-9f3b-6f93f70888dd/0a276535-2789-4b52-8aea-add600867b05_1055012119.jpeg?h=225&w=225,
300594937,Tesco Bran Flakes 750G,https://www.tesco.com/groceries/en-GB/shop/food-cupboard/all?department=Cereals&viewAll=department&page=,£1.35,£0.18/100g,,,/groceries/en-GB/products/300594937,https://digitalcontent.api.tesco.com/v2/media/ghs/558c08ab-3ab8-48db-a8d7-4178170fc1c9/247cd68c-367a-412b-8054-8641fd19ec36_1632954794.jpeg?h=225&w=225,
292991312,Tesco Instant Oats Porridge Pot Apple & Blueberry 55G,https://www.tesco.com/groceries/en-GB/shop/food-cupboard/all?department=Cereals&viewAll=department&page=,£0.50,£0.91/100g,,,/groceries/en-GB/products/292991312,https://digitalcontent.api.tesco.com/v2/media/ghs/e18b9902-e998-4f44-823d-97162711353e/3b7cd406-4259-4631-a7ba-a2e26658ecea_365190917.jpeg?h=225&w=225,
293046578,Tesco Choco Hoops 375G,https://www.tesco.com/groceries/en-GB/shop/food-cupboard/all?department=Cereals&viewAll=department&page=,£1.00,£0.27/100g,,,/groceries/en-GB/products/293046578,https://digitalcontent.api.tesco.com/v2/media/ghs/f1efad83-f19c-42af-9bf1-a39955cca996/4197a348-498e-446f-a918-eede56510c6f_613285622.jpeg?h=225&w=225,
252861844,Kellogg's Coco Pops Cereal Bar 6 X 20G,https://www.tesco.com/groceries/en-GB/shop/food-cupboard/all?department=Cereals&viewAll=department&page=,£1.00,£0.83/100g,,,/groceries/en-GB/products/252861844,https://digitalcontent.api.tesco.com/v2/media/ghs/d5477313-613c-483e-ae48-f84ab8dd9341/626e53e3-2464-4cf2-8fa3-2db9fe0cf023_1780325028.jpeg?h=225&w=225,
252882312,Kellogg's Frosties Cereal Bars 6 X 25G,https://www.tesco.com/groceries/en-GB/shop/food-cupboard/all?department=Cereals&viewAll=department&page=,£1.00,£0.67/100g,,,/groceries/en-GB/products/252882312,https://digitalcontent.api.tesco.com/v2/media/ghs/e270378b-c521-4e5e-9853-dba0a794284c/863db704-bc48-4d5f-86bd-a76b83f864a6_1480356190.jpeg?h=225&w=225,
292975954,Tesco Pillows With Milk Chocolate Filling 375G,https://www.tesco.com/groceries/en-GB/shop/food-cupboard/all?department=Cereals&viewAll=department&page=,£1.20,£0.32/100g,,,/groceries/en-GB/products/292975954,https://digitalcontent.api.tesco.com/v2/media/ghs/a518a1c6-ddc3-4d2f-a56b-73c5972d59b5/b4c37919-668f-4195-a614-995aaa33693e_1476430920.jpeg?h=225&w=225,
300877217,Tesco Salted Caramel Munch Bars 192G,https://www.tesco.com/groceries/en-GB/shop/food-cupboard/all?department=Cereals&viewAll=department&page=,£1.00,£0.52/100g,,,/groceries/en-GB/products/300877217,https://digitalcontent.api.tesco.com/v2/media/ghs/f1f666bb-533d-41ee-b899-fdbc1f3c448d/d0895d1e-3f04-4d4c-889c-c8a2768a229e_2131888395.jpeg?h=225&w=225,
256455294,Tesco Multigrain Hoops Cereal 375G,https://www.tesco.com/groceries/en-GB/shop/food-cupboard/all?department=Cereals&viewAll=department&page=,£1.00,£0.27/100g,,,/groceries/en-GB/products/256455294,https://digitalcontent.api.tesco.com/v2/media/ghs/0447e863-ec0e-485b-bbed-c604fb848779/660bd39b-e978-45e7-abfa-f4f3e021f29a_625355528.jpeg?h=225&w=225,
267708169,Nature Valley Crunchy Canadian Maple Syrup Bar 42G,https://www.tesco.com/groceries/en-GB/shop/food-cupboard/all?department=Cereals&viewAll=department&page=,£0.65,£1.55/100g,"£3.40 Meal Deal Clubcard Price £3.90 Meal Deal Regular Price - Selected Drink, Snack, Wrap, Sandwich, Roll, Pasty Or Salad",,/groceries/en-GB/products/267708169,https://digitalcontent.api.tesco.com/v2/media/ghs/a9c1e805-baf7-406c-907b-d7849db0c798/bdf8258b-7f49-4114-832f-ee60ab48faae_298737507.jpeg?h=225&w=225,
292975729,Tesco Honey Hoops 375G,https://www.tesco.com/groceries/en-GB/shop/food-cupboard/all?department=Cereals&viewAll=department&page=,£1.00,£0.27/100g,,,/groceries/en-GB/products/292975729,https://digitalcontent.api.tesco.com/v2/media/ghs/f371acae-33f9-4650-aa12-55461459749e/46b3879d-84ff-441c-bad5-344152993f8d_658321500.jpeg?h=225&w=225,
254853062,Tesco Fruit & Fibre Cereal 750G,https://www.tesco.com/groceries/en-GB/shop/food-cupboard/all?department=Cereals&viewAll=department&page=,£1.50,£0.20/100g,,,/groceries/en-GB/products/254853062,https://digitalcontent.api.tesco.com/v2/media/ghs/d62398ea-33b1-479a-902f-7ccb8f45fa00/9ffc0c67-0582-4a88-9792-964ac09b40c3_599058924.jpeg?h=225&w=225,
254852950,Tesco Wheat Biscuits Cereal 48Pk,https://www.tesco.com/groceries/en-GB/shop/food-cupboard/all?department=Cereals&viewAll=department&page=,£2.70,£0.06/each,,,/groceries/en-GB/products/254852950,https://digitalcontent.api.tesco.com/v2/media/ghs/085070db-d442-4cb6-8d05-72189255c286/964ff936-fd82-4845-8f7e-176fe2dcf562_1812725682.jpeg?h=225&w=225,
285364305,Tesco Rice Snaps Cereal 375G,https://www.tesco.com/groceries/en-GB/shop/food-cupboard/all?department=Cereals&viewAll=department&page=,£0.85,£0.23/100g,Aldi Price Match,,/groceries/en-GB/products/285364305,https://digitalcontent.api.tesco.com/v2/media/ghs/6ea1bc3e-e43e-4106-95c5-27787748f8dd/5efe7d45-5748-4906-9f8b-782e0745a953_174464620.jpeg?h=225&w=225,
299669085,Grower's Harvest Porridge Oats 1Kg,https://www.tesco.com/groceries/en-GB/shop/food-cupboard/all?department=Cereals&viewAll=department&page=,£0.70,£0.07/100g,Aldi Price Match,,/groceries/en-GB/products/299669085,https://digitalcontent.api.tesco.com/v2/media/ghs/188cb76b-675c-4d41-bbdf-a7546146cbbb/d1ddfca0-07b4-4656-be19-7b709a99aa8f_1383915924.jpeg?h=225&w=225,
250181131,Tesco Malt Wheats Cereal 750G,https://www.tesco.com/groceries/en-GB/shop/food-cupboard/all?department=Cereals&viewAll=department&page=,,,,,/groceries/en-GB/products/250181131,https://digitalcontent.api.tesco.com/v2/media/ghs/5e314e19-b92b-4e54-a98e-d025467f6be4/82b207d7-4b70-4336-9c3b-134b5766a798_931707640.jpeg?h=225&w=225,This product's currently out of stock
305971218,Tesco Choco Snaps 375G,https://www.tesco.com/groceries/en-GB/shop/food-cupboard/all?department=Cereals&viewAll=department&page=,£0.89,£0.24/100g,Aldi Price Match,,/groceries/en-GB/products/305971218,https://digitalcontent.api.tesco.com/v2/media/ghs/87bd0805-3529-4be8-90f7-8a696e059b71/1ab48f55-ac3b-431e-bbff-d696284cc2f6_1959814752.jpeg?h=225&w=225,
259901096,Weetabix 72Pk,https://www.tesco.com/groceries/en-GB/shop/food-cupboard/all?department=Cereals&viewAll=department&page=,£6.50,£0.09/each,,,/groceries/en-GB/products/259901096,https://digitalcontent.api.tesco.com/v2/media/ghs/5f09f342-6ff6-4d3a-b78e-d17366857d1f/3c27d6bd-b085-4d5c-9b9c-a16c72aa1eb8_377859699.jpeg?h=225&w=225,
256784255,Jordans Country Crisp & Strawberry 500G,https://www.tesco.com/groceries/en-GB/shop/food-cupboard/all?department=Cereals&viewAll=department&page=,£3.60,£0.72/100g,,,/groceries/en-GB/products/256784255,https://digitalcontent.api.tesco.com/v2/media/ghs/c07cfb4a-db1e-4f84-b34d-fe4a87b6b8ad/e11a5017-f5ba-45bf-ba1d-ad436707a007_1463852648.jpeg?h=225&w=225,
268586771,Curiously Cinnamon Cereal 565G,https://www.tesco.com/groceries/en-GB/shop/food-cupboard/all?department=Cereals&viewAll=department&page=,£4.00,£0.71/100g,,,/groceries/en-GB/products/268586771,https://digitalcontent.api.tesco.com/v2/media/ghs/3a4791b9-07df-4206-af83-d79dea6cd8f7/ffd0d0fd-0263-4ff3-8908-ef87a282230c_324777772.jpeg?h=225&w=225,
308485340,Nestle Cheerios Honey Cereal 370G,https://www.tesco.com/groceries/en-GB/shop/food-cupboard/all?department=Cereals&viewAll=department&page=,£2.90,£0.78/100g,,,/groceries/en-GB/products/308485340,https://digitalcontent.api.tesco.com/v2/media/ghs/d1a066fc-f8c4-4977-9edc-47ab139eeed9/5bac7c5c-6555-4da9-883e-3af7d137e564_1825791748.jpeg?h=225&w=225,
296445631,Graze Cocoa & Vanilla Bar 4 X 30G,https://www.tesco.com/groceries/en-GB/shop/food-cupboard/all?department=Cereals&viewAll=department&page=,£2.50,£2.09/100g,,,/groceries/en-GB/products/296445631,https://digitalcontent.api.tesco.com/v2/media/ghs/3a8f7c80-1a81-4b26-9001-8279b37f97dc/debf9dd9-a8d9-4658-a61c-a6e8678bda32_818957348.jpeg?h=225&w=225,
268413556,Nature Valley Crunchy Granola Oats & Chocolate Bars 5X42g,https://www.tesco.com/groceries/en-GB/shop/food-cupboard/all?department=Cereals&viewAll=department&page=,£2.40,£1.15/100g,,,/groceries/en-GB/products/268413556,,
295684239,Kellogg's Coco Pops 720G,https://www.tesco.com/groceries/en-GB/shop/food-cupboard/all?department=Cereals&viewAll=department&page=,£3.50,£0.49/100g,,,/groceries/en-GB/products/295684239,https://digitalcontent.api.tesco.com/v2/media/ghs/332b6f96-7fe7-4776-a05d-ace876df33cc/0eff984a-9f84-47fb-9609-ed1a84b9bdaa_635303740.jpeg?h=225&w=225,
308451478,Quaker Oat So Simple 20 Golden Syrup Porridge Sachets 720G,https://www.tesco.com/groceries/en-GB/shop/food-cupboard/all?department=Cereals&viewAll=department&page=,£4.00,£0.56/100g,£2.50 Clubcard Price,,/groceries/en-GB/products/308451478,https://digitalcontent.api.tesco.com/v2/media/ghs/8ebd6d1f-e06a-4a8e-90ce-1f63c36ef87c/aa796fb2-e89a-4bb4-b351-3d09c11e1476_1403166624.jpeg?h=225&w=225,
268132151,Kellogg's Rice Krispies 700G,https://www.tesco.com/groceries/en-GB/shop/food-cupboard/all?department=Cereals&viewAll=department&page=,£3.50,£0.50/100g,,,/groceries/en-GB/products/268132151,https://digitalcontent.api.tesco.com/v2/media/ghs/915863bb-f0c4-4fee-b7ab-95fb59440d35/45fab8f4-2eb9-4cae-b08c-8ac9457cf711_780938524.jpeg?h=225&w=225,
280448128,Nature Valley Granola Bars Maple Syrup 5 Pack,https://www.tesco.com/groceries/en-GB/shop/food-cupboard/all?department=Cereals&viewAll=department&page=,£2.40,£1.15/100g,,,/groceries/en-GB/products/280448128,https://digitalcontent.api.tesco.com/v2/media/ghs/6c008cb2-6b11-4d9c-b8df-a52ae7b61317/93ac8f35-afcd-420a-811a-f9abd005eeec_568232610.jpeg?h=225&w=225,
263894828,Quaker Oat So Simple Golden Syrup Porridge 10 X 36G,https://www.tesco.com/groceries/en-GB/shop/food-cupboard/all?department=Cereals&viewAll=department&page=,£2.75,£0.76/100g,Any 2 for £4 Clubcard Price - Selected Quaker Oat So Simple Porridge,,/groceries/en-GB/products/263894828,https://digitalcontent.api.tesco.com/v2/media/ghs/56e1253f-092b-4e00-9c21-bdd51a6a845c/eff438bc-804e-4e77-bc3b-4ae926ab7822_186917658.jpeg?h=225&w=225,
308476459,Quaker Oat So Simple 22 Original Porridge Sachets 594G,https://www.tesco.com/groceries/en-GB/shop/food-cupboard/all?department=Cereals&viewAll=department&page=,£4.00,£0.67/100g,£2.50 Clubcard Price,,/groceries/en-GB/products/308476459,https://digitalcontent.api.tesco.com/v2/media/ghs/7bd16c91-8297-46a2-a959-ff7dc36060c3/36d54036-5fd7-4d7d-8680-55fc2a9ff97b_1077041736.jpeg?h=225&w=225,
256240202,Kellogg's Frosties Cereal 500G,https://www.tesco.com/groceries/en-GB/shop/food-cupboard/all?department=Cereals&viewAll=department&page=,£3.30,£0.66/100g,£2.50 Clubcard Price,,/groceries/en-GB/products/256240202,https://digitalcontent.api.tesco.com/v2/media/ghs/47c450a3-0d34-4639-8b80-81388bfdd216/25102c83-c213-4367-aff9-8bf9d4580ad1_893785614.jpeg?h=225&w=225,
255731815,Kellogg's Special K 500G,https://www.tesco.com/groceries/en-GB/shop/food-cupboard/all?department=Cereals&viewAll=department&page=,£3.00,£0.60/100g,,,/groceries/en-GB/products/255731815,https://digitalcontent.api.tesco.com/v2/media/ghs/a1e64159-e6d9-4601-95eb-ef6d6658cc68/cc970082-f0dd-4973-bc7d-f489283574ab_741392613.jpeg?h=225&w=225,
251938439,Weetabix Chocolate Weetos Cereal 500G,https://www.tesco.com/groceries/en-GB/shop/food-cupboard/all?department=Cereals&viewAll=department&page=,£3.30,£0.66/100g,,,/groceries/en-GB/products/251938439,https://digitalcontent.api.tesco.com/v2/media/ghs/ff4098b4-12ee-40d9-9978-599995e4e43a/04484402-e594-4007-8157-cc1bb09edeeb_1092284283.jpeg?h=225&w=225,
308488550,Nestle Shredded Wheat Bitesize Cereal 720G,https://www.tesco.com/groceries/en-GB/shop/food-cupboard/all?department=Cereals&viewAll=department&page=,£3.50,£0.49/100g,£2.90 Clubcard Price,,/groceries/en-GB/products/308488550,https://digitalcontent.api.tesco.com/v2/media/ghs/80f5292c-f0de-47a6-b7af-f189f7ef13d5/a2024983-1d5c-437d-87b1-4851535aeac0_1145373409.jpeg?h=225&w=225,
265537322,Tesco No Added Sugar Swiss Style Muesli 1Kg,https://www.tesco.com/groceries/en-GB/shop/food-cupboard/all?department=Cereals&viewAll=department&page=,£2.75,£0.28/100g,,,/groceries/en-GB/products/265537322,https://digitalcontent.api.tesco.com/v2/media/ghs/eda06901-08cc-4a17-9769-7cf4f5f29093/bb3f7c14-94be-4900-9a2b-d956b3e5103b_860258626.jpeg?h=225&w=225,
292990837,Tesco Scottish Oats Porridge 2Kg,https://www.tesco.com/groceries/en-GB/shop/food-cupboard/all?department=Cereals&viewAll=department&page=,£2.45,£0.12/100g,,,/groceries/en-GB/products/292990837,https://digitalcontent.api.tesco.com/v2/media/ghs/2aafda4d-de7f-4537-86f1-1992d13282cc/f21c0946-004d-49d1-bc84-f6b0cb9218f7_1751270003.jpeg?h=225&w=225,
308465577,Nestle Shreddies Frosted Cereal 560G,https://www.tesco.com/groceries/en-GB/shop/food-cupboard/all?department=Cereals&viewAll=department&page=,£3.25,£0.58/100g,£2.25 Clubcard Price,,/groceries/en-GB/products/308465577,https://digitalcontent.api.tesco.com/v2/media/ghs/0877ef2c-dedf-4ba6-b924-ba0dc9145443/88c60cac-4abc-426f-9ffa-edfbd1fa091c_528438091.jpeg?h=225&w=225,
284256556,Eat Natural Protein Bar 3 X 45G,https://www.tesco.com/groceries/en-GB/shop/food-cupboard/all?department=Cereals&viewAll=department&page=,£2.20,£1.63/100g,,,/groceries/en-GB/products/284256556,https://digitalcontent.api.tesco.com/v2/media/ghs/c03439d1-8b6e-402c-83e3-cef8a654fee2/3fc9ad94-a1dd-4e7e-82c9-ebec677b8e3b_775643892.jpeg?h=225&w=225,
251232560,Go Ahead Apple Bakes 6X35g,https://www.tesco.com/groceries/en-GB/shop/food-cupboard/all?department=Cereals&viewAll=department&page=,£1.75,£0.83/100g,,,/groceries/en-GB/products/251232560,https://digitalcontent.api.tesco.com/v2/media/ghs/9d7fa690-5fe4-4e54-8290-fc46512151d5/bf9d9e99-b1b3-4791-8a79-25d5e82a4d64_1024526923.jpeg?h=225&w=225,
268060828,Quaker Oat So Simple Apple & Blueberry Porridge 57G,https://www.tesco.com/groceries/en-GB/shop/food-cupboard/all?department=Cereals&viewAll=department&page=,£0.90,£1.58/100g,Any 5 for £4 Clubcard Price - Selected Porridge Pots Bars Or Drinks,,/groceries/en-GB/products/268060828,https://digitalcontent.api.tesco.com/v2/media/ghs/a6d6704b-c9ab-41aa-99d2-7eeafa8f7ff2/089e92cd-ec91-4087-88f5-87c02d4938a7_982148055.jpeg?h=225&w=225,
268574497,Quaker Oat So Simple Sweet Cinnamon Porridge 57G,https://www.tesco.com/groceries/en-GB/shop/food-cupboard/all?department=Cereals&viewAll=department&page=,£0.90,£1.58/100g,Any 5 for £4 Clubcard Price - Selected Porridge Pots Bars Or Drinks,,/groceries/en-GB/products/268574497,https://digitalcontent.api.tesco.com/v2/media/ghs/9502535d-9e89-40f2-a4e9-b16264804b17/7a4061c6-8213-41b9-9776-c1c354d4c791_1492590142.jpeg?h=225&w=225,
252329813,Scott's Porridge Oats 1Kg,https://www.tesco.com/groceries/en-GB/shop/food-cupboard/all?department=Cereals&viewAll=department&page=,£1.95,£0.20/100g,,,/groceries/en-GB/products/252329813,https://digitalcontent.api.tesco.com/v2/media/ghs/1e8aba08-380e-4db9-a1c6-cbf89e643cc6/ed9812ec-1444-4236-b3ab-362ff832c034_831272353.jpeg?h=225&w=225,
285512350,Ready Brek Original 450G,https://www.tesco.com/groceries/en-GB/shop/food-cupboard/all?department=Cereals&viewAll=department&page=,£2.20,£0.49/100g,£1.50 Clubcard Price,,/groceries/en-GB/products/285512350,https://digitalcontent.api.tesco.com/v2/media/ghs/dc873720-5161-401e-949f-a9afccfcdf01/cae03aac-4ff1-43c8-b1e9-611a9da66572_840270452.jpeg?h=225&w=225,
285047399,T Crunchy Cookie Cereal 325G,https://www.tesco.com/groceries/en-GB/shop/food-cupboard/all?department=Cereals&viewAll=department&page=,£1.50,£0.46/100g,,,/groceries/en-GB/products/285047399,https://digitalcontent.api.tesco.com/v2/media/ghs/fd085d74-54ca-4c3d-9fce-f73ffccb8d43/915d30b2-b679-4326-b7b3-e02fcc1c0dd7_687990633.jpeg?h=225&w=225,
299260493,Quaker Protein Golden Syrup Porridge 63G,https://www.tesco.com/groceries/en-GB/shop/food-cupboard/all?department=Cereals&viewAll=department&page=,£0.90,£1.43/100g,Any 5 for £4 Clubcard Price - Selected Porridge Pots Bars Or Drinks,,/groceries/en-GB/products/299260493,https://digitalcontent.api.tesco.com/v2/media/ghs/3d3d78e2-37cb-432d-ba9c-fbad18e8e9ed/5b42f443-6044-44ac-94f9-50738c5b0788_2003584185.jpeg?h=225&w=225,
297544790,Belvita Milk & Cereal Biscuits 225G,https://www.tesco.com/groceries/en-GB/shop/food-cupboard/all?department=Cereals&viewAll=department&page=,£1.25,£0.56/100g,,,/groceries/en-GB/products/297544790,https://digitalcontent.api.tesco.com/v2/media/ghs/cbf193dd-b9f7-448e-9cec-658cdc9662e8/12c4e71c-849c-4dd9-b2e3-6a3dba871648_490457310.jpeg?h=225&w=225,
297544633,Belvita Chocolate Chip Biscuits 225G,https://www.tesco.com/groceries/en-GB/shop/food-cupboard/all?department=Cereals&viewAll=department&page=,£1.25,£0.56/100g,,,/groceries/en-GB/products/297544633,https://digitalcontent.api.tesco.com/v2/media/ghs/dd4b5652-012e-4094-a7b7-f6252a9c0b40/936cad23-972d-4973-b832-2b0694d30f7c_63031815.jpeg?h=225&w=225,
252329675,Quaker Porridge Oats 1Kg,https://www.tesco.com/groceries/en-GB/shop/food-cupboard/all?department=Cereals&viewAll=department&page=,£1.95,£0.20/100g,,,/groceries/en-GB/products/252329675,https://digitalcontent.api.tesco.com/v2/media/ghs/3618f365-68ad-4149-864e-1ba1f689ac5d/b690f860-97ed-48da-9421-0cdf0df89d41_1953713025.jpeg?h=225&w=225,
283420185,Go Ahead Yogurt Breaks Forest Fruit 5X35.5G,https://www.tesco.com/groceries/en-GB/shop/food-cupboard/all?department=Cereals&viewAll=department&page=,£1.75,£0.99/100g,£1.25 Clubcard Price,,/groceries/en-GB/products/283420185,https://digitalcontent.api.tesco.com/v2/media/ghs/711fde73-ec57-42e0-a6f1-ec60bc8a6165/a0597472-fe20-4831-a5e3-bdbf24ec6200_693474551.jpeg?h=225&w=225,
283419585,Go Ahead Crispy Forest Fruit Slices 5 Pack,https://www.tesco.com/groceries/en-GB/shop/food-cupboard/all?department=Cereals&viewAll=department&page=,,,,,/groceries/en-GB/products/283419585,https://digitalcontent.api.tesco.com/v2/media/ghs/96b45f4a-3cac-4ecc-abfa-e0b46c2c82eb/689561eb-6d41-4938-b3da-97b2e375b4ce_382440833.jpeg?h=225&w=225,This product's currently out of stock
292989362,Tesco Nut & Maple Crisp 500G,https://www.tesco.com/groceries/en-GB/shop/food-cupboard/all?department=Cereals&viewAll=department&page=,£1.60,£0.32/100g,,,/groceries/en-GB/products/292989362,https://digitalcontent.api.tesco.com/v2/media/ghs/a9384231-a822-43cd-aa28-d3d903644757/f66d73d0-5e9c-4914-b112-173f16b80c25_1640205617.jpeg?h=225&w=225,
283420093,Go Ahead Apple & Sultana 5 X 43G,https://www.tesco.com/groceries/en-GB/shop/food-cupboard/all?department=Cereals&viewAll=department&page=,,,,,/groceries/en-GB/products/283420093,https://digitalcontent.api.tesco.com/v2/media/ghs/23649d8a-5b4f-4cc7-942b-a34ef87adc9a/b7e5e233-f9a8-4df8-8621-e2657fb2f675_850091239.jpeg?h=225&w=225,This product's currently out of stock
262580101,Tesco Fruit & Nut Granola 1Kg,https://www.tesco.com/groceries/en-GB/shop/food-cupboard/all?department=Cereals&viewAll=department&page=,£2.00,£0.20/100g,,,/groceries/en-GB/products/262580101,https://digitalcontent.api.tesco.com/v2/media/ghs/bf8ef28e-cdc2-42a0-931c-457591c928e7/ffca5ee7-fd38-48ab-9fcc-501e9e6680a6_1453053149.jpeg?h=225&w=225,
305974083,Alpen Light Cereal Bar Chocolate Raspberry Shortcakes 5X19g,https://www.tesco.com/groceries/en-GB/shop/food-cupboard/all?department=Cereals&viewAll=department&page=,£1.00,£1.06/100g,,,/groceries/en-GB/products/305974083,https://digitalcontent.api.tesco.com/v2/media/ghs/0704f0c6-88db-44e0-9a50-c7c899c89ce1/4ac2cd21-ceb3-4043-be3d-bc17107c0815_641457943.jpeg?h=225&w=225,
252040802,Kellogg's Rice Krispies Cereal Milk Bars 6X20g,https://www.tesco.com/groceries/en-GB/shop/food-cupboard/all?department=Cereals&viewAll=department&page=,£1.00,£0.83/100g,,,/groceries/en-GB/products/252040802,https://digitalcontent.api.tesco.com/v2/media/ghs/190b591d-2764-4ae4-8be3-87639255a372/ce695f7a-d3f1-407e-95c6-c95d7a7c729e_1093825590.jpeg?h=225&w=225,
264351180,Alpen Strawberry & Yogurt Cereal Bars 5X29g,https://www.tesco.com/groceries/en-GB/shop/food-cupboard/all?department=Cereals&viewAll=department&page=,£1.00,£0.69/100g,,,/groceries/en-GB/products/264351180,https://digitalcontent.api.tesco.com/v2/media/ghs/58da625a-ec0d-4368-8984-07f72cca2c10/cbec06f3-36c4-4960-a3e1-2a4f7d0b959c_1805678898.jpeg?h=225&w=225,
309174015,Cadbury Bournville Brunch Bar Chocolate Chip 5X32g,https://www.tesco.com/groceries/en-GB/shop/food-cupboard/all?department=Cereals&viewAll=department&page=,£1.00,£0.62/100g,,,/groceries/en-GB/products/309174015,https://digitalcontent.api.tesco.com/v2/media/ghs/3a9d233d-5dc6-45ed-be20-32aa2900843e/bca8b78a-14e2-4afa-b96a-7491640779e6_303754651.jpeg?h=225&w=225,
261084828,Tesco Low Fat Special Flake Cereal 500G,https://www.tesco.com/groceries/en-GB/shop/food-cupboard/all?department=Cereals&viewAll=department&page=,£1.25,£0.25/100g,,,/groceries/en-GB/products/261084828,https://digitalcontent.api.tesco.com/v2/media/ghs/8df76a1a-288c-489e-8da3-1d916177d087/e6f7f166-e1be-468c-b0f1-be2d60929a8c_1958956643.jpeg?h=225&w=225,
312842465,Fuel10k Double Chocolate Oat Muffin 52G,https://www.tesco.com/groceries/en-GB/shop/food-cupboard/all?department=Cereals&viewAll=department&page=,£1.00,£1.93/100g,Any 5 for £4 Clubcard Price - Selected Porridge Pots Bars Or Drinks,,/groceries/en-GB/products/312842465,https://digitalcontent.api.tesco.com/v2/media/ghs/d449ec5c-b8e1-4b66-a75f-0a3685d73061/b7bc1d93-cd8d-4e16-a328-1295d4ee8b0a_45495869.jpeg?h=225&w=225,
256871244,Tesco Raisin Munch Bar 6X32g,https://www.tesco.com/groceries/en-GB/shop/food-cupboard/all?department=Cereals&viewAll=department&page=,£1.00,£0.52/100g,,,/groceries/en-GB/products/256871244,https://digitalcontent.api.tesco.com/v2/media/ghs/61d3180f-481e-4737-b5a4-b5451d72eab1/10584669-931e-4356-b76d-2f59b31cf9f3_1199719010.jpeg?h=225&w=225,
254852685,Tesco Frosted Flakes Cereal 500G,https://www.tesco.com/groceries/en-GB/shop/food-cupboard/all?department=Cereals&viewAll=department&page=,£1.20,£0.24/100g,,,/groceries/en-GB/products/254852685,https://digitalcontent.api.tesco.com/v2/media/ghs/ab2b70ba-5874-4fe1-986e-410289448c7f/961df207-b82e-4c29-b2d9-13bcff6c0268_671559088.jpeg?h=225&w=225,
261084892,Tesco Special Flake Fruit 375G,https://www.tesco.com/groceries/en-GB/shop/food-cupboard/all?department=Cereals&viewAll=department&page=,£1.25,£0.33/100g,,,/groceries/en-GB/products/261084892,https://digitalcontent.api.tesco.com/v2/media/ghs/961d5da0-0a07-4825-850d-636fe9e62186/d76e2c21-4f00-4900-8cc8-42de1e96ca4b_866177654.jpeg?h=225&w=225,
300455629,Stockwell & Co 24 Wheat Biscuits 432G,https://www.tesco.com/groceries/en-GB/shop/food-cupboard/all?department=Cereals&viewAll=department&page=,,,,,/groceries/en-GB/products/300455629,https://digitalcontent.api.tesco.com/v2/media/ghs/f2172fee-0160-473f-9d85-5800ce7549b3/16448f42-d356-4447-8d6d-6fbe706151f1_845544400.jpeg?h=225&w=225,This product's currently out of stock
292069011,Lizi's Low Sugar Granola 500G,https://www.tesco.com/groceries/en-GB/shop/food-cupboard/all?department=Cereals&viewAll=department&page=,£4.00,£0.80/100g,,,/groceries/en-GB/products/292069011,https://digitalcontent.api.tesco.com/v2/media/ghs/ca376a82-0976-4a64-b893-0952d7f26797/043e5ba3-2e0d-4c9f-8635-73893484244f_1073354796.jpeg?h=225&w=225,
257328340,Jordans Country Crisp Chunky Nut 500G,https://www.tesco.com/groceries/en-GB/shop/food-cupboard/all?department=Cereals&viewAll=department&page=,£3.60,£0.72/100g,,,/groceries/en-GB/products/257328340,https://digitalcontent.api.tesco.com/v2/media/ghs/1dcb3c8c-c849-4e02-b435-8da765d8d240/345c52a2-d4cd-4ec3-b54d-b5f2cd064891_1721091720.jpeg?h=225&w=225,
293837253,Nature Valley Protein Peanut & Chocolate Bars 4X40g,https://www.tesco.com/groceries/en-GB/shop/food-cupboard/all?department=Cereals&viewAll=department&page=,£3.05,£1.91/100g,,,/groceries/en-GB/products/293837253,https://digitalcontent.api.tesco.com/v2/media/ghs/631657a6-e0f0-4a1c-a36c-ca18feaf3d77/8f55c05b-a15e-4bab-b7fe-87a360119fe4_1203225172.jpeg?h=225&w=225,
271515304,Fuel 70% Cocoa Chunks 400G,https://www.tesco.com/groceries/en-GB/shop/food-cupboard/all?department=Cereals&viewAll=department&page=,£2.85,£0.71/100g,£2.25 Clubcard Price,,/groceries/en-GB/products/271515304,https://digitalcontent.api.tesco.com/v2/media/ghs/af513259-9acf-4294-bb86-30d387ac377f/4a9028fc-e3c6-409e-95d7-43645d639729_1678188826.jpeg?h=225&w=225,
275944625,Tesco Superberry Granola 500G,https://www.tesco.com/groceries/en-GB/shop/food-cupboard/all?department=Cereals&viewAll=department&page=,£2.30,£0.46/100g,,,/groceries/en-GB/products/275944625,https://digitalcontent.api.tesco.com/v2/media/ghs/f73e101c-f327-4b76-a867-05e96064de38/1f6869f8-ca9b-4a23-8b79-0bfb072590ad_66400655.jpeg?h=225&w=225,
256039303,Tesco Organic Porridge Oats 750G,https://www.tesco.com/groceries/en-GB/shop/food-cupboard/all?department=Cereals&viewAll=department&page=,£2.15,£0.29/100g,,,/groceries/en-GB/products/256039303,https://digitalcontent.api.tesco.com/v2/media/ghs/8a6df875-6d93-4da9-b0da-d302f0e2cb85/ec7707ee-5fbb-408f-baa2-3cd73b5e50da_1461444565.jpeg?h=225&w=225,
299669027,Kellogg's Krave Milk Chocolate Cereal 850G,https://www.tesco.com/groceries/en-GB/shop/food-cupboard/all?department=Cereals&viewAll=department&page=,£4.00,£0.47/100g,,,/groceries/en-GB/products/299669027,,
273320802,Kellogg's Crunchy Nut Chocolate Clusters 450G,https://www.tesco.com/groceries/en-GB/shop/food-cupboard/all?department=Cereals&viewAll=department&page=,£2.50,£0.56/100g,,,/groceries/en-GB/products/273320802,,
252738421,Kellogg's Special K Red Berries 500G,https://www.tesco.com/groceries/en-GB/shop/food-cupboard/all?department=Cereals&viewAll=department&page=,£3.50,£0.70/100g,£3.00 Clubcard Price,,/groceries/en-GB/products/252738421,,
311430608,Kellogg's Cereal Frosties 1Kg,https://www.tesco.com/groceries/en-GB/shop/food-cupboard/all?department=Cereals&viewAll=department&page=,£4.00,£0.40/100g,,,/groceries/en-GB/products/311430608,https://digitalcontent.api.tesco.com/v2/media/ghs/0a98f3d0-4107-4515-a8fb-76dcce9d66eb/ece12082-667d-4c41-981c-42dc28bf1fb9_1072673698.jpeg?h=225&w=225,
257050667,Nestle Shredded Wheat Honey Nut Cereal 500G,https://www.tesco.com/groceries/en-GB/shop/food-cupboard/all?department=Cereals&viewAll=department&page=,£3.10,£0.62/100g,,,/groceries/en-GB/products/257050667,https://digitalcontent.api.tesco.com/v2/media/ghs/03017313-a4e0-4c27-8a27-51cc9ca0c9e8/ab5cd792-f3c2-4188-bebd-fec91adddd8e_444850299.jpeg?h=225&w=225,
305836092,Kellogg's Fruit & Fibre Cereal 700G,https://www.tesco.com/groceries/en-GB/shop/food-cupboard/all?department=Cereals&viewAll=department&page=,£3.00,£0.43/100g,,,/groceries/en-GB/products/305836092,https://digitalcontent.api.tesco.com/v2/media/ghs/1b4202c4-a3a4-4381-88f2-380f00696d10/fb43e60e-645a-43c4-a71a-935dab8df6a9_1798717280.jpeg?h=225&w=225,
308457184,Quaker Oat So Simple Original Porridge 10 Pack 270G,https://www.tesco.com/groceries/en-GB/shop/food-cupboard/all?department=Cereals&viewAll=department&page=,£2.75,£1.02/100g,Any 2 for £4 Clubcard Price - Selected Quaker Oat So Simple Porridge,,/groceries/en-GB/products/308457184,https://digitalcontent.api.tesco.com/v2/media/ghs/a42e57da-66be-4b65-8625-fba294bddc82/0773f4ae-9e90-4b5b-bd86-c1b8b2938b7f_1008474593.jpeg?h=225&w=225,
277662074,Kellogg's Coco Pops Rocks 350G,https://www.tesco.com/groceries/en-GB/shop/food-cupboard/all?department=Cereals&viewAll=department&page=,£2.50,£0.72/100g,,,/groceries/en-GB/products/277662074,https://digitalcontent.api.tesco.com/v2/media/ghs/b6fcdc27-220d-4eab-8443-528d645e06d8/b5542c21-cf08-4776-8340-0b4b77c51437_204728415.jpeg?h=225&w=225,
258549232,Kellogg's Special K 750G,https://www.tesco.com/groceries/en-GB/shop/food-cupboard/all?department=Cereals&viewAll=department&page=,£3.50,£0.47/100g,£3.00 Clubcard Price,,/groceries/en-GB/products/258549232,https://digitalcontent.api.tesco.com/v2/media/ghs/ab5274e5-9d55-4100-9718-367c6fa9b15f/10b9e2bd-a0e6-422e-8e3f-69f062abaeef_495675775.jpeg?h=225&w=225,
254852558,Kellogg's All-Bran Cereal 750G,https://www.tesco.com/groceries/en-GB/shop/food-cupboard/all?department=Cereals&viewAll=department&page=,£3.00,£0.40/100g,,,/groceries/en-GB/products/254852558,https://digitalcontent.api.tesco.com/v2/media/ghs/b90a6255-8d7f-40ac-8be7-dcebaff3dd89/e1b4f548-df83-4d3f-b342-27d609bb8963_1578903066.jpeg?h=225&w=225,
271757922,Flahavans Irish Organic Porridge 1Kg,https://www.tesco.com/groceries/en-GB/shop/food-cupboard/all?department=Cereals&viewAll=department&page=,£2.40,£0.24/100g,,,/groceries/en-GB/products/271757922,https://digitalcontent.api.tesco.com/v2/media/ghs/bc972748-e659-4883-81f7-9c85444b6624/296b7e02-55d2-4c7c-a4c2-9ba6daf338e4_313050000.jpeg?h=225&w=225,
309177438,Nestle Cheerios Multigrain Cereal 540G,https://www.tesco.com/groceries/en-GB/shop/food-cupboard/all?department=Cereals&viewAll=department&page=,£3.25,£6.02/kg,£2.50 Clubcard Price,,/groceries/en-GB/products/309177438,https://digitalcontent.api.tesco.com/v2/media/ghs/c388a482-661a-4f16-909e-75089bd08289/cac056bf-0261-4010-82c6-2143d47c5523_2108696657.jpeg?h=225&w=225,
303300873,Kellogg's Coco Pops 480G,https://www.tesco.com/groceries/en-GB/shop/food-cupboard/all?department=Cereals&viewAll=department&page=,£3.00,£0.62/100g,£2.50 Clubcard Price,,/groceries/en-GB/products/303300873,https://digitalcontent.api.tesco.com/v2/media/ghs/451f2791-c786-47eb-9162-fec8a8773ee8/37797b13-8c97-4db0-9ba6-203a97b4887c_154001977.jpeg?h=225&w=225,
289954626,Belvita Soft Bakes Chocolate Chip 250G,https://www.tesco.com/groceries/en-GB/shop/food-cupboard/all?department=Cereals&viewAll=department&page=,£2.50,£1.00/100g,,,/groceries/en-GB/products/289954626,https://digitalcontent.api.tesco.com/v2/media/ghs/8c60c871-d744-475a-b5de-a6475705c77e/35762679-e0e4-4da0-9587-43fb70b66ecc_568945776.jpeg?h=225&w=225,
268588694,Quaker Jumbo Rolled Porridge Oats 1Kg,https://www.tesco.com/groceries/en-GB/shop/food-cupboard/all?department=Cereals&viewAll=department&page=,£2.30,£0.23/100g,,,/groceries/en-GB/products/268588694,https://digitalcontent.api.tesco.com/v2/media/ghs/72c67304-5c18-4985-985e-33afdc8696f1/f6343763-fe52-48e7-8ae0-b8847b280da3_1845369673.jpeg?h=225&w=225,
273686870,Belvita Biscuit Strawberry & Yogurt Crunch 253G,https://www.tesco.com/groceries/en-GB/shop/food-cupboard/all?department=Cereals&viewAll=department&page=,£2.50,£0.99/100g,£1.75 Clubcard Price,,/groceries/en-GB/products/273686870,https://digitalcontent.api.tesco.com/v2/media/ghs/59ee44fb-2d5d-4fdc-97dd-f45912680c06/ff83b1f2-fc54-4ab9-a1f3-84f0534dcfe3_391441453.jpeg?h=225&w=225,
297544898,Belvita Soft Filled Chocolate Biscuits 250G,https://www.tesco.com/groceries/en-GB/shop/food-cupboard/all?department=Cereals&viewAll=department&page=,£2.70,£1.08/100g,£1.75 Clubcard Price,,/groceries/en-GB/products/297544898,https://digitalcontent.api.tesco.com/v2/media/ghs/124e4964-524d-44ec-8b61-f5ff1f186eec/f92d9cfe-4cd3-48f4-90e1-921ba9ed8ab7_1255720901.jpeg?h=225&w=225,
253816949,Eat Natural Yogurt Almond & Apricot Bars 3X50g,https://www.tesco.com/groceries/en-GB/shop/food-cupboard/all?department=Cereals&viewAll=department&page=,£2.20,£1.47/100g,,,/groceries/en-GB/products/253816949,https://digitalcontent.api.tesco.com/v2/media/ghs/c88e3365-648c-4444-8c72-49bb88159bb8/1d3b8e37-f92b-4e1e-864d-1e1bf279734e_1481559758.jpeg?h=225&w=225,
268146394,Kellogg's Rice Krispies 510G,https://www.tesco.com/groceries/en-GB/shop/food-cupboard/all?department=Cereals&viewAll=department&page=,£3.00,£0.59/100g,£2.50 Clubcard Price,,/groceries/en-GB/products/268146394,https://digitalcontent.api.tesco.com/v2/media/ghs/afbcce2b-d628-4049-87a6-774411585b7d/312965a4-0de8-4b5e-bc95-e840e53eb461_1460351890.jpeg?h=225&w=225,
282391070,Weetabix On The Go Chocolate Drink 250Ml,https://www.tesco.com/groceries/en-GB/shop/food-cupboard/all?department=Cereals&viewAll=department&page=,£1.50,£0.60/100ml,Any 5 for £4 Clubcard Price - Selected Porridge Pots Bars Or Drinks,,/groceries/en-GB/products/282391070,https://digitalcontent.api.tesco.com/v2/media/ghs/261df384-65f7-4b86-8def-a17f8014878f/3febb3b7-9986-449e-b9e2-2022aaae1376_180382193.jpeg?h=225&w=225,
307754726,Tesco Honey & Almond Granola 1Kg,https://www.tesco.com/groceries/en-GB/shop/food-cupboard/all?department=Cereals&viewAll=department&page=,£2.00,£0.20/100g,,,/groceries/en-GB/products/307754726,https://digitalcontent.api.tesco.com/v2/media/ghs/8a8de9c9-2c62-42d7-908d-472a896e5da4/6124ab3d-5b3a-4928-a5cd-9b067d37eda4_1395494321.jpeg?h=225&w=225,
256289352,Eat Natural Dark Chocolate Cranberry & Macadamia Bars 3X45g,https://www.tesco.com/groceries/en-GB/shop/food-cupboard/all?department=Cereals&viewAll=department&page=,£2.20,£1.63/100g,,,/groceries/en-GB/products/256289352,https://digitalcontent.api.tesco.com/v2/media/ghs/a8de1bf2-348c-4028-84fb-98c94169ca07/4b3902b6-cf00-435f-96fb-a43b77c8d9fc_1145947765.jpeg?h=225&w=225,
255012929,Kellogg's Variety Cereal 8 Pack 191G,https://www.tesco.com/groceries/en-GB/shop/food-cupboard/all?department=Cereals&viewAll=department&page=,£2.50,£1.31/100g,,,/groceries/en-GB/products/255012929,https://digitalcontent.api.tesco.com/v2/media/ghs/4d77c929-12a9-4586-889c-66ac230e9072/65cc058b-fc3e-492a-acf4-de11740e912f_646528758.jpeg?h=225&w=225,
267952414,Kellogg's Nutrigrain Strawberry 6X37g,https://www.tesco.com/groceries/en-GB/shop/food-cupboard/all?department=Cereals&viewAll=department&page=,£2.00,£0.90/100g,,,/groceries/en-GB/products/267952414,https://digitalcontent.api.tesco.com/v2/media/ghs/c9f23b49-34b6-4b87-9740-81dcacfd755f/20743b78-3827-4f1c-9df7-d20d4db33b46_1433969408.jpeg?h=225&w=225,
267210383,Weetabix Chocolate Cereal 540G (24Pk),https://www.tesco.com/groceries/en-GB/shop/food-cupboard/all?department=Cereals&viewAll=department&page=,£2.75,£0.12/each,,,/groceries/en-GB/products/267210383,https://digitalcontent.api.tesco.com/v2/media/ghs/e18aac95-f2af-40cd-8d14-0af6cfb29d0e/e35af513-2c61-4152-935a-e524a9ddc433_1300820683.jpeg?h=225&w=225,
265536818,Tesco Fruit Nut Muesli 750G,https://www.tesco.com/groceries/en-GB/shop/food-cupboard/all?department=Cereals&viewAll=department&page=,£2.15,£0.29/100g,,,/groceries/en-GB/products/265536818,https://digitalcontent.api.tesco.com/v2/media/ghs/0c13c5ea-3703-46dd-9f00-698344fb04dc/1a93d466-0362-49a1-ae99-71ef303d90b4_139354467.jpeg?h=225&w=225,
275946617,Tesco 50% Fruit Muesli 750G,https://www.tesco.com/groceries/en-GB/shop/food-cupboard/all?department=Cereals&viewAll=department&page=,£2.15,£0.29/100g,,,/groceries/en-GB/products/275946617,https://digitalcontent.api.tesco.com/v2/media/ghs/afe97827-8d92-4325-bc50-b59ef00ce7a3/49a66474-d064-4d69-b673-563766c5fe4b_1216581930.jpeg?h=225&w=225,
262103875,Kellogg's Nutri-Grain Chocolate Chip 6X45g,https://www.tesco.com/groceries/en-GB/shop/food-cupboard/all?department=Cereals&viewAll=department&page=,£2.50,£0.93/100g,£1.50 Clubcard Price,,/groceries/en-GB/products/262103875,https://digitalcontent.api.tesco.com/v2/media/ghs/8a5aff43-eaeb-4965-9224-c53ecd847b2f/debbb3c1-53cd-4070-9b51-50dd927bdf33_798651180.jpeg?h=225&w=225,
297544938,Belvita Honey & Nut Biscuits 225G,https://www.tesco.com/groceries/en-GB/shop/food-cupboard/all?department=Cereals&viewAll=department&page=,£1.25,£0.56/100g,,,/groceries/en-GB/products/297544938,https://digitalcontent.api.tesco.com/v2/media/ghs/bdd88ac0-0cea-477c-88a1-a02017e0c193/e2bd5606-a197-468f-a58f-38cd75965067_1447977544.jpeg?h=225&w=225,
305962546,Kellogg's Raisin Wheats 450G,https://www.tesco.com/groceries/en-GB/shop/food-cupboard/all?department=Cereals&viewAll=department&page=,£1.80,£0.40/100g,,,/groceries/en-GB/products/305962546,https://digitalcontent.api.tesco.com/v2/media/ghs/9645b1bc-6cf8-4ec1-9bd5-a3e2c9a4d89a/b8875e5b-705b-4c8a-a8e4-6249e0ea5f00_1345030116.jpeg?h=225&w=225,
257722420,Jordans Frusli Blueberry Burst 6X30g,https://www.tesco.com/groceries/en-GB/shop/food-cupboard/all?department=Cereals&viewAll=department&page=,£2.00,£1.12/100g,£1.50 Clubcard Price,,/groceries/en-GB/products/257722420,https://digitalcontent.api.tesco.com/v2/media/ghs/15208a2d-c012-428c-ae66-56631a0eadd7/dcef9214-7723-4fbd-92cf-b66e5010dd3c_1371009021.jpeg?h=225&w=225,
309786149,Kellogg's Cereal Wheats Blueberry 500G,https://www.tesco.com/groceries/en-GB/shop/food-cupboard/all?department=Cereals&viewAll=department&page=,£1.80,£0.36/100g,,,/groceries/en-GB/products/309786149,https://digitalcontent.api.tesco.com/v2/media/ghs/fa276dd2-aecd-44cf-92a7-e542ff35f8b1/0aca3de4-95bb-480b-8271-99aa99d46f1a_491515542.jpeg?h=225&w=225,
283419775,Mcvitie Go Ahead Yogurt Breaks Strawberry 5X35.5G,https://www.tesco.com/groceries/en-GB/shop/food-cupboard/all?department=Cereals&viewAll=department&page=,£1.75,£0.99/100g,£1.25 Clubcard Price,,/groceries/en-GB/products/283419775,https://digitalcontent.api.tesco.com/v2/media/ghs/cd6fed6a-9a3a-44de-bf97-27db7435ab10/a9afb219-621a-485a-b5c1-f8c50a2228c8_1820029745.jpeg?h=225&w=225,
292990002,Tesco Strawberry Crisp 500G,https://www.tesco.com/groceries/en-GB/shop/food-cupboard/all?department=Cereals&viewAll=department&page=,£1.60,£0.32/100g,,,/groceries/en-GB/products/292990002,https://digitalcontent.api.tesco.com/v2/media/ghs/0364ed37-0b34-4b6b-8af3-cab190670838/4c98820f-f0ff-49e6-9087-17efca1a7600_680380078.jpeg?h=225&w=225,
262580389,Tesco Tropical Fruits Granola 1Kg,https://www.tesco.com/groceries/en-GB/shop/food-cupboard/all?department=Cereals&viewAll=department&page=,£2.00,£0.20/100g,,,/groceries/en-GB/products/262580389,https://digitalcontent.api.tesco.com/v2/media/ghs/5e0551ee-8917-4d06-8841-f78109c12b07/6f47d5e3-1b05-4198-9479-4dd98c828cf2_1503625051.jpeg?h=225&w=225,
259012969,Alpen Light Summer Fruits Bars 5 Pack 95G,https://www.tesco.com/groceries/en-GB/shop/food-cupboard/all?department=Cereals&viewAll=department&page=,£1.00,£1.06/100g,,,/groceries/en-GB/products/259012969,https://digitalcontent.api.tesco.com/v2/media/ghs/dd58521c-4665-4289-938f-1224ea5f88d0/eca0a853-fb70-4b19-b290-e8645bf21d63_1518895238.jpeg?h=225&w=225,
255526391,Tesco Peanut Munch Bar 6 Pack 192G,https://www.tesco.com/groceries/en-GB/shop/food-cupboard/all?department=Cereals&viewAll=department&page=,£1.00,£0.52/100g,,,/groceries/en-GB/products/255526391,https://digitalcontent.api.tesco.com/v2/media/ghs/63f80e23-08cf-4de4-b9c4-2c32e3385557/380f4dae-1f81-4a9e-a125-c9d01956b8ca.jpeg?h=225&w=225,
305916683,Fibre One Birthday Cake 5X24g Pack 120G,https://www.tesco.com/groceries/en-GB/shop/food-cupboard/all?department=Cereals&viewAll=department&page=,£2.60,£2.17/100g,,,/groceries/en-GB/products/305916683,https://digitalcontent.api.tesco.com/v2/media/ghs/0d8d90ed-732a-4288-8bc3-c30ce81d0f17/30b2702d-c772-47d7-b687-90fd1f35d75c_875383944.jpeg?h=225&w=225,
266388536,Jordans Country Crisp Chocolate 500G,https://www.tesco.com/groceries/en-GB/shop/food-cupboard/all?department=Cereals&viewAll=department&page=,£3.60,£0.72/100g,,,/groceries/en-GB/products/266388536,https://digitalcontent.api.tesco.com/v2/media/ghs/0671aeb1-d0a6-4512-a0c7-ea31b4473f54/eda43c17-7917-4bff-864d-28dcdef5e711_486522338.jpeg?h=225&w=225,
254852570,Kellogg's Bran Flakes 750G,https://www.tesco.com/groceries/en-GB/shop/food-cupboard/all?department=Cereals&viewAll=department&page=,£3.00,£0.40/100g,,,/groceries/en-GB/products/254852570,https://digitalcontent.api.tesco.com/v2/media/ghs/f4f1683f-2605-4e20-a0d1-b948adab439e/96d4c199-a5a4-490b-9e2d-0fe6e682edf3_1803595507.jpeg?h=225&w=225,
305966997,Fibre One Lemon Drizzle Reduced Sugar Squares 5 X 24G,https://www.tesco.com/groceries/en-GB/shop/food-cupboard/all?department=Cereals&viewAll=department&page=,£2.60,£2.17/100g,,,/groceries/en-GB/products/305966997,https://digitalcontent.api.tesco.com/v2/media/ghs/7a7f491d-b7d7-4901-a076-1ce5994f71e3/14cd5b74-b31d-4f6d-86f3-71194578bd11_465598449.jpeg?h=225&w=225,
297544535,Belvita Milk & Cereal Biscuits 12 Pack 540G,https://www.tesco.com/groceries/en-GB/shop/food-cupboard/all?department=Cereals&viewAll=department&page=,£3.00,£0.56/100g,,,/groceries/en-GB/products/297544535,https://digitalcontent.api.tesco.com/v2/media/ghs/42c905df-2037-41db-b0d7-3a3b23129a80/55783dc7-55a2-4726-8f58-150a28bc2fa9_1201247210.jpeg?h=225&w=225,
299669004,Kellogg's Krave Chocolate & Hazelnut Cereal 850G,https://www.tesco.com/groceries/en-GB/shop/food-cupboard/all?department=Cereals&viewAll=department&page=,£4.00,£0.47/100g,,,/groceries/en-GB/products/299669004,https://digitalcontent.api.tesco.com/v2/media/ghs/7df54d70-7f7b-49a5-a4c7-3465e895419f/4861261a-0db0-4b88-bc0c-e812c9dfd0d6_1662971296.jpeg?h=225&w=225,
296425298,Graze Honey And Oat Bar 4 X 30G,https://www.tesco.com/groceries/en-GB/shop/food-cupboard/all?department=Cereals&viewAll=department&page=,£2.50,£2.09/100g,,,/groceries/en-GB/products/296425298,https://digitalcontent.api.tesco.com/v2/media/ghs/983fa438-2b25-4a26-9c71-0a2ae8cecbab/b94f52cd-53f9-47d7-aed4-ea7dc539f25f_968857372.jpeg?h=225&w=225,
304792132,Nature Valley Sweet & Salty Dark Chocolate With Nuts 120G,https://www.tesco.com/groceries/en-GB/shop/food-cupboard/all?department=Cereals&viewAll=department&page=,£1.75,£1.46/100g,,,/groceries/en-GB/products/304792132,https://digitalcontent.api.tesco.com/v2/media/ghs/fa17c18a-4ba5-402f-9d91-189ce2b880ed/0adcb2fe-5fbf-43eb-b635-65972cd9fa53_440708463.jpeg?h=225&w=225,
260360745,Weetabix Oatibix Cereal 24 Pack,https://www.tesco.com/groceries/en-GB/shop/food-cupboard/all?department=Cereals&viewAll=department&page=,£3.50,£0.15/each,£3.00 Clubcard Price,,/groceries/en-GB/products/260360745,https://digitalcontent.api.tesco.com/v2/media/ghs/aa57d551-4e96-428b-9428-aa629aef19c4/46617525-b4d6-4f8b-8759-516f6af3f3f8_1592072017.jpeg?h=225&w=225,
304374230,Nature Valley Sweet & Salty Nut Peanut Bars 4X30g,https://www.tesco.com/groceries/en-GB/shop/food-cupboard/all?department=Cereals&viewAll=department&page=,£1.75,£1.46/100g,,,/groceries/en-GB/products/304374230,https://digitalcontent.api.tesco.com/v2/media/ghs/f6cdcf52-d390-4d1b-9ae9-bb59a939c039/4637c99a-043d-416e-b294-160cdffb1aa8_70351478.jpeg?h=225&w=225,
276671214,Fuel Energy Drink Chocolate 330Ml,https://www.tesco.com/groceries/en-GB/shop/food-cupboard/all?department=Cereals&viewAll=department&page=,£1.00,£0.30/100ml,Any 5 for £4 Clubcard Price - Selected Porridge Pots Bars Or Drinks,,/groceries/en-GB/products/276671214,https://digitalcontent.api.tesco.com/v2/media/ghs/81cd4056-2ca7-48a6-b172-ec653ed65381/09a2b3e6-d7a3-4649-86fc-1a358dc18a63_2142684262.jpeg?h=225&w=225,
282723174,Kellogg's Crunchy Nut Granola Nut & Chocolate 380G,https://www.tesco.com/groceries/en-GB/shop/food-cupboard/all?department=Cereals&viewAll=department&page=,£2.50,£0.66/100g,,,/groceries/en-GB/products/282723174,https://digitalcontent.api.tesco.com/v2/media/ghs/cd298028-2d1f-4959-a73f-ddeb02124789/deb230e0-aad0-4c10-b958-41100db2f565_809205652.jpeg?h=225&w=225,
305944089,Alpen The Original Swiss Style Muesli 550G,https://www.tesco.com/groceries/en-GB/shop/food-cupboard/all?department=Cereals&viewAll=department&page=,£2.70,£0.49/100g,,,/groceries/en-GB/products/305944089,https://digitalcontent.api.tesco.com/v2/media/ghs/127f4fd0-95bb-477e-8883-ccad2d783a46/14e5c481-97f7-46cf-9be0-3459581944b9_1318455266.jpeg?h=225&w=225,
285512315,Alpen No Added Sugar 1.10Kg,https://www.tesco.com/groceries/en-GB/shop/food-cupboard/all?department=Cereals&viewAll=department&page=,£3.75,£0.34/100g,,,/groceries/en-GB/products/285512315,https://digitalcontent.api.tesco.com/v2/media/ghs/474be271-63a9-4315-a2b4-3506803d95f0/eb0f094b-f102-4063-986a-f50d57994f7b_326747637.jpeg?h=225&w=225,
297543012,Nutella B-Ready 6 X 22G,https://www.tesco.com/groceries/en-GB/shop/food-cupboard/all?department=Cereals&viewAll=department&page=,£2.30,£1.75/100g,,,/groceries/en-GB/products/297543012,https://digitalcontent.api.tesco.com/v2/media/ghs/86373a23-9cd3-48d3-9cd2-c036d6f592f8/21eb7378-1b10-45dd-95a2-4e72f72c6eca_1089774570.jpeg?h=225&w=225,
308450905,Nestle Cheerios Honey Cereal 575G,https://www.tesco.com/groceries/en-GB/shop/food-cupboard/all?department=Cereals&viewAll=department&page=,£3.55,£0.62/100g,£2.75 Clubcard Price,,/groceries/en-GB/products/308450905,https://digitalcontent.api.tesco.com/v2/media/ghs/80ab5611-07e3-4a50-96b0-0bfd8db67fcc/29d5f558-9f04-4031-9ce2-574b49af875a_860133324.jpeg?h=225&w=225,
305980841,Eat Natural Protein Packed With Salted Caramel 3X45g,https://www.tesco.com/groceries/en-GB/shop/food-cupboard/all?department=Cereals&viewAll=department&page=,£2.20,£1.63/100g,,,/groceries/en-GB/products/305980841,https://digitalcontent.api.tesco.com/v2/media/ghs/99e7e9a3-73cf-4d04-b41e-263debe94ecc/6141c18c-311a-458e-bdd6-ec6e63c565ea_1891095528.jpeg?h=225&w=225,
263998683,Quaker Oat So Simple Sultana Raisin Cranberry 10X38.5G,https://www.tesco.com/groceries/en-GB/shop/food-cupboard/all?department=Cereals&viewAll=department&page=,£2.75,£0.72/100g,Any 2 for £4 Clubcard Price - Selected Quaker Oat So Simple Porridge,,/groceries/en-GB/products/263998683,https://digitalcontent.api.tesco.com/v2/media/ghs/88a6381b-b488-4c50-bd73-82513adcad71/e22632dc-400e-4e92-bb4b-cb1f142778c1_1861237796.jpeg?h=225&w=225,
263894926,Quaker Oat So Simple Apple Blueberry Porridge 10X36g,https://www.tesco.com/groceries/en-GB/shop/food-cupboard/all?department=Cereals&viewAll=department&page=,£2.75,£0.76/100g,Any 2 for £4 Clubcard Price - Selected Quaker Oat So Simple Porridge,,/groceries/en-GB/products/263894926,https://digitalcontent.api.tesco.com/v2/media/ghs/7cc2a0ad-c1fe-4af3-9324-179a8474f31d/35901790-52ca-4729-9530-7f0e4fdb7b48_79002762.jpeg?h=225&w=225,
291399819,Eat Natural Bars Maple Syrup Pecan & Peanut 45G,https://www.tesco.com/groceries/en-GB/shop/food-cupboard/all?department=Cereals&viewAll=department&page=,£2.20,£1.63/100g,,,/groceries/en-GB/products/291399819,https://digitalcontent.api.tesco.com/v2/media/ghs/b5d6f9f6-705f-48c6-a9bc-10c0fdf4959a/b849b00b-0406-4bf8-9ee1-2b48bede1d56_2016420620.jpeg?h=225&w=225,
282391012,Weetabix On The Go Vanilla Drink 250Ml,https://www.tesco.com/groceries/en-GB/shop/food-cupboard/all?department=Cereals&viewAll=department&page=,£1.50,£0.60/100ml,Any 5 for £4 Clubcard Price - Selected Porridge Pots Bars Or Drinks,,/groceries/en-GB/products/282391012,https://digitalcontent.api.tesco.com/v2/media/ghs/9645ba4b-de03-4355-93bf-3949584f55f6/197fdbd4-fb6a-486d-b2b6-526c91e1d2b0_1305694920.jpeg?h=225&w=225,
267280016,Tesco Free From Pure Oats 450G,https://www.tesco.com/groceries/en-GB/shop/food-cupboard/all?department=Cereals&viewAll=department&page=,£2.00,£0.44/100g,,,/groceries/en-GB/products/267280016,https://digitalcontent.api.tesco.com/v2/media/ghs/59f7a666-d5ec-447b-9118-091d5e73b4b7/911cc0eb-1f5d-427b-8288-322193337af5_2097208133.jpeg?h=225&w=225,
299668800,Nestle Cookie Crisp Cereal 500G,https://www.tesco.com/groceries/en-GB/shop/food-cupboard/all?department=Cereals&viewAll=department&page=,£2.20,£0.44/100g,,,/groceries/en-GB/products/299668800,https://digitalcontent.api.tesco.com/v2/media/ghs/54d7297d-b4ab-4b31-b4fb-5f899ca35b87/ecd8fbe1-05d4-45aa-b8b1-68a2279d6283_1459610116.jpeg?h=225&w=225,
267953350,Kellogg's Nutrigrain Blueberry 6X37g,https://www.tesco.com/groceries/en-GB/shop/food-cupboard/all?department=Cereals&viewAll=department&page=,£2.00,£0.90/100g,,,/groceries/en-GB/products/267953350,https://digitalcontent.api.tesco.com/v2/media/ghs/2de2ad70-1ddb-4fc1-8019-2158cea58476/499a9ae3-219b-4cb1-8054-7d1abcdabdb6_969999167.jpeg?h=225&w=225,
261582803,Mcvitie Go Ahead Strawberry Bakes 6X35g,https://www.tesco.com/groceries/en-GB/shop/food-cupboard/all?department=Cereals&viewAll=department&page=,£1.75,£0.83/100g,,,/groceries/en-GB/products/261582803,https://digitalcontent.api.tesco.com/v2/media/ghs/fbaee03f-6a51-40b8-b048-71c56430a36e/81fddbee-99f5-41a2-940c-61dafe3f83f9_1137848345.jpeg?h=225&w=225,
285091302,Tesco Original 270G,https://www.tesco.com/groceries/en-GB/shop/food-cupboard/all?department=Cereals&viewAll=department&page=,£1.20,£0.44/100g,,,/groceries/en-GB/products/285091302,https://digitalcontent.api.tesco.com/v2/media/ghs/bef8cc72-5d18-47e6-86bc-a6e03c25d5bc/a03f80c3-1a32-4568-ac78-d7cfdeb55430_785198891.jpeg?h=225&w=225,
256184216,Tesco Super Smooth Porridge 750G,https://www.tesco.com/groceries/en-GB/shop/food-cupboard/all?department=Cereals&viewAll=department&page=,£2.00,£0.27/100g,,,/groceries/en-GB/products/256184216,https://digitalcontent.api.tesco.com/v2/media/ghs/9a1633c7-8abe-46bc-bb26-139a6480159e/9f86fdc9-acaf-49cf-85f7-ad86a3a4ba15_1470017867.jpeg?h=225&w=225,
305974221,Weight Watchers Chewy Caramel Wafers 5 X 16G,https://www.tesco.com/groceries/en-GB/shop/food-cupboard/all?department=Cereals&viewAll=department&page=,£1.50,£1.88/100g,,,/groceries/en-GB/products/305974221,https://digitalcontent.api.tesco.com/v2/media/ghs/a983c682-7ede-4bda-9ed0-bf82b362db59/e37049a2-5c50-4f30-9b66-19a2a9b60acb_378669133.jpeg?h=225&w=225,
252330246,Scott's Old Fashion Oat Porridge 1Kg,https://www.tesco.com/groceries/en-GB/shop/food-cupboard/all?department=Cereals&viewAll=department&page=,£2.30,£0.23/100g,,,/groceries/en-GB/products/252330246,https://digitalcontent.api.tesco.com/v2/media/ghs/aefcd025-f91b-495e-9d94-0b8d3046fc46/af6790dc-1b8e-4573-bff9-2c2fc329df90_871315679.jpeg?h=225&w=225,
296977600,Quaker Porridge To Go Golden Syrup 2X55g,https://www.tesco.com/groceries/en-GB/shop/food-cupboard/all?department=Cereals&viewAll=department&page=,£1.40,£1.28/100g,Any 5 for £4 Clubcard Price - Selected Porridge Pots Bars Or Drinks,,/groceries/en-GB/products/296977600,https://digitalcontent.api.tesco.com/v2/media/ghs/d2b4b8f0-88e3-4a43-8902-49f45e1330ac/7824b0ae-526f-4801-bbba-78c4bb3781b8_354239831.jpeg?h=225&w=225,
262103796,Kellogg's Nutri-Grain Raisin 6 X 45G,https://www.tesco.com/groceries/en-GB/shop/food-cupboard/all?department=Cereals&viewAll=department&page=,£2.50,£0.93/100g,£1.50 Clubcard Price,,/groceries/en-GB/products/262103796,https://digitalcontent.api.tesco.com/v2/media/ghs/ad3f84fa-0a85-4107-9202-e008a2a757e4/d35c6a17-e62a-42d8-8ccc-83e38b6d07cf_1015128702.jpeg?h=225&w=225,
302294609,Belvita Breakfast Reduced Sugar Chocolate Chips Biscuit 5 Pack 225G,https://www.tesco.com/groceries/en-GB/shop/food-cupboard/all?department=Cereals&viewAll=department&page=,£1.25,£0.56/100g,,,/groceries/en-GB/products/302294609,https://digitalcontent.api.tesco.com/v2/media/ghs/c7650018-db98-4809-9e9e-5d326e0167ad/1edee9e7-4f07-48e8-a4ee-426138a2d242_1970234507.jpeg?h=225&w=225,
257722339,Jordans Frusli Wild Berry 6X30g,https://www.tesco.com/groceries/en-GB/shop/food-cupboard/all?department=Cereals&viewAll=department&page=,£2.00,£1.12/100g,£1.50 Clubcard Price,,/groceries/en-GB/products/257722339,https://digitalcontent.api.tesco.com/v2/media/ghs/110067ce-50a7-4981-9500-37a4c315e6f0/3ec28754-f1f2-440d-ada1-aa20603c7823_749685580.jpeg?h=225&w=225,
301601508,Quaker Oat So Simple Protein Original Porridge Pot 49G,https://www.tesco.com/groceries/en-GB/shop/food-cupboard/all?department=Cereals&viewAll=department&page=,£0.90,£1.84/100g,Any 5 for £4 Clubcard Price - Selected Porridge Pots Bars Or Drinks,,/groceries/en-GB/products/301601508,https://digitalcontent.api.tesco.com/v2/media/ghs/a449c700-ba03-4ffe-8a8b-c64820a4f2c0/70ad8c90-4a59-4e6d-b801-05108328c540_1163338862.jpeg?h=225&w=225,
309777949,Kellogs Cereal Wheats Apricot 500G,https://www.tesco.com/groceries/en-GB/shop/food-cupboard/all?department=Cereals&viewAll=department&page=,£1.80,£0.36/100g,,,/groceries/en-GB/products/309777949,https://digitalcontent.api.tesco.com/v2/media/ghs/801222f1-3839-4bb5-80be-1dfcbe122581/2ba93087-eff2-48fb-a4f8-519e84ed7556_880422613.jpeg?h=225&w=225,
302294788,Tesco Easy Oats Golden Syrup 360G 10 Sachets,https://www.tesco.com/groceries/en-GB/shop/food-cupboard/all?department=Cereals&viewAll=department&page=,£1.20,£0.33/100g,,,/groceries/en-GB/products/302294788,https://digitalcontent.api.tesco.com/v2/media/ghs/c9874b36-9185-45d8-a7d5-38c13587d687/1d9a0e11-121d-4eaa-be6b-4572a1b0e7c8_1098886265.jpeg?h=225&w=225,
303313495,Fuel 10K Chocolate Porridge Pot 70G,https://www.tesco.com/groceries/en-GB/shop/food-cupboard/all?department=Cereals&viewAll=department&page=,£0.90,£1.29/100g,Any 5 for £4 Clubcard Price - Selected Porridge Pots Bars Or Drinks,,/groceries/en-GB/products/303313495,https://digitalcontent.api.tesco.com/v2/media/ghs/cbaf8c8f-ca6b-4ec0-ad3f-2fbd2e796b8e/61b3b795-7433-4025-864b-945a9a428d80_92855269.jpeg?h=225&w=225,
303313472,Fuel 10K Golden Syrup Porridge Pot 70G,https://www.tesco.com/groceries/en-GB/shop/food-cupboard/all?department=Cereals&viewAll=department&page=,£0.90,£1.29/100g,Any 5 for £4 Clubcard Price - Selected Porridge Pots Bars Or Drinks,,/groceries/en-GB/products/303313472,https://digitalcontent.api.tesco.com/v2/media/ghs/80e171c3-0e58-4344-84f2-5aefb8f7fc43/8ca4b847-7738-457d-9f39-78afd84741d1_1252796169.jpeg?h=225&w=225,
275712998,Tesco 6 Apple Fruity Bakes 222G,https://www.tesco.com/groceries/en-GB/shop/food-cupboard/all?department=Cereals&viewAll=department&page=,£1.20,£0.54/100g,,,/groceries/en-GB/products/275712998,https://digitalcontent.api.tesco.com/v2/media/ghs/3c3ac1b7-308d-4517-981b-a02868232973/0345ae3c-0041-45ce-9f77-a6d9b38ab5de_1832435348.jpeg?h=225&w=225,
275713219,Tesco 6 Strawberry Fruity Bakes 222G,https://www.tesco.com/groceries/en-GB/shop/food-cupboard/all?department=Cereals&viewAll=department&page=,£1.20,£0.54/100g,,,/groceries/en-GB/products/275713219,https://digitalcontent.api.tesco.com/v2/media/ghs/81aa94b4-d7c1-4737-8aeb-6edde3940278/d0610a57-0ac1-4f80-8721-8344b7379b57_2098740585.jpeg?h=225&w=225,
308108517,Tesco Strawberry & Raspberry Granola 1Kg,https://www.tesco.com/groceries/en-GB/shop/food-cupboard/all?department=Cereals&viewAll=department&page=,£2.00,£0.20/100g,,,/groceries/en-GB/products/308108517,https://digitalcontent.api.tesco.com/v2/media/ghs/5f70cd62-a97e-4fd3-9a91-00c8e34cdd67/678131da-9e66-48d0-92be-aae35a860be4_2095115277.jpeg?h=225&w=225,
301466921,Tesco 6 Coconut & Chocolate Bars 180G,https://www.tesco.com/groceries/en-GB/shop/food-cupboard/all?department=Cereals&viewAll=department&page=,£1.00,£0.56/100g,,,/groceries/en-GB/products/301466921,https://digitalcontent.api.tesco.com/v2/media/ghs/f1ac3879-ffb4-4a48-82ea-923019fe360b/f50483f0-3296-49b4-b5d7-dc89c08f37d1_1744369823.jpeg?h=225&w=225,
258885334,Jordans Country Crisp With Lux. Raisins 500G,https://www.tesco.com/groceries/en-GB/shop/food-cupboard/all?department=Cereals&viewAll=department&page=,£3.60,£0.72/100g,,,/groceries/en-GB/products/258885334,https://digitalcontent.api.tesco.com/v2/media/ghs/70572933-3ab9-4031-8f2a-37f197a935a9/051716f0-9ffe-46af-85eb-8dacbac3a032_1926257894.jpeg?h=225&w=225,
285398720,Jordans Simply Granola 750G,https://www.tesco.com/groceries/en-GB/shop/food-cupboard/all?department=Cereals&viewAll=department&page=,£3.60,£0.48/100g,,,/groceries/en-GB/products/285398720,https://digitalcontent.api.tesco.com/v2/media/ghs/207770d4-dff6-4283-a2e2-34692fc3f274/55500a45-8dd8-4c2a-9cfe-7450b5d78f02_975349733.jpeg?h=225&w=225,
307733354,Alpen Original Swiss Style Muesli 1.1Kg,https://www.tesco.com/groceries/en-GB/shop/food-cupboard/all?department=Cereals&viewAll=department&page=,£3.75,£0.34/100g,,,/groceries/en-GB/products/307733354,https://digitalcontent.api.tesco.com/v2/media/ghs/0f72a008-f977-4559-8150-fb7e4d048a46/9a2668c8-507f-4d68-8988-44b7a5869566_278350766.jpeg?h=225&w=225,
297040929,Jordans Crunchy Granola Raisin Almond 750G,https://www.tesco.com/groceries/en-GB/shop/food-cupboard/all?department=Cereals&viewAll=department&page=,£3.60,£0.48/100g,,,/groceries/en-GB/products/297040929,https://digitalcontent.api.tesco.com/v2/media/ghs/9671b8b7-e64e-4765-92b7-da7e4c0c998d/9fdc33f3-57e2-427b-91de-dafa1adf525a_187773747.jpeg?h=225&w=225,
289349116,Kellogg's Special K Oats & Honey 420G,https://www.tesco.com/groceries/en-GB/shop/food-cupboard/all?department=Cereals&viewAll=department&page=,£3.00,£0.72/100g,,,/groceries/en-GB/products/289349116,https://digitalcontent.api.tesco.com/v2/media/ghs/70933991-2702-4fcc-9a7a-d27a42579b97/1a8a725c-7abc-4846-9dd3-f43bf498ff1c_280201886.jpeg?h=225&w=225,
285391704,Weetabix Minis Fruit & Nut 600G,https://www.tesco.com/groceries/en-GB/shop/food-cupboard/all?department=Cereals&viewAll=department&page=,£3.50,£0.58/100g,,,/groceries/en-GB/products/285391704,https://digitalcontent.api.tesco.com/v2/media/ghs/553b74e9-3db8-462d-af70-f24e5d79c635/392cc14d-0bb8-47e3-be51-3b74a1c0fd51_410699960.jpeg?h=225&w=225,
305833884,Fibre One Reduced Sugar Salted Caramel Squares 5X24g,https://www.tesco.com/groceries/en-GB/shop/food-cupboard/all?department=Cereals&viewAll=department&page=,£2.60,£2.17/100g,,,/groceries/en-GB/products/305833884,https://digitalcontent.api.tesco.com/v2/media/ghs/6be608d2-40f6-468d-81be-836bd83e7d6e/9812adef-093e-4934-81d7-aac7627f5ab9_378146514.jpeg?h=225&w=225,
289347936,Special K Peach & Apricot 360G,https://www.tesco.com/groceries/en-GB/shop/food-cupboard/all?department=Cereals&viewAll=department&page=,£3.00,£0.83/100g,,,/groceries/en-GB/products/289347936,https://digitalcontent.api.tesco.com/v2/media/ghs/c6c479af-afd0-4f43-8625-bddf27cef3dc/3a4e6067-ead1-4caa-a72d-22a9b46c4ca6_2141140361.jpeg?h=225&w=225,
293837316,Nature Valley Protein Salted Caramel Nut Bars 4X40g,https://www.tesco.com/groceries/en-GB/shop/food-cupboard/all?department=Cereals&viewAll=department&page=,£3.05,£1.91/100g,,,/groceries/en-GB/products/293837316,https://digitalcontent.api.tesco.com/v2/media/ghs/6838f118-bb34-4aef-bcfd-06abaca6f597/cfb531ca-a75b-413c-b8ca-cc90c2782180_858208513.jpeg?h=225&w=225,
261986222,Weetabix Oatibix Flakes Cereal 550G,https://www.tesco.com/groceries/en-GB/shop/food-cupboard/all?department=Cereals&viewAll=department&page=,£3.50,£0.64/100g,£3.00 Clubcard Price,,/groceries/en-GB/products/261986222,https://digitalcontent.api.tesco.com/v2/media/ghs/a30132cc-4a10-4d53-9455-817ad0affe49/c00136be-1ee8-4926-b0b8-09e3fd0a8295_1693002306.jpeg?h=225&w=225,
276973594,Nestle Nesquik Cereal 375G,https://www.tesco.com/groceries/en-GB/shop/food-cupboard/all?department=Cereals&viewAll=department&page=,£2.80,£0.75/100g,,,/groceries/en-GB/products/276973594,https://digitalcontent.api.tesco.com/v2/media/ghs/7883eb34-3521-4864-a366-518afd6938c3/859ee42d-7c70-4f30-8210-4257ed7829f8_540275439.jpeg?h=225&w=225,
259650305,Tesco Sultana Bran Cereal 750G,https://www.tesco.com/groceries/en-GB/shop/food-cupboard/all?department=Cereals&viewAll=department&page=,£2.60,£0.35/100g,,,/groceries/en-GB/products/259650305,https://digitalcontent.api.tesco.com/v2/media/ghs/01c1f495-1879-4834-9ee7-1801acb5b834/3d38a01c-bb57-4567-9032-789b3ece8a2c_1063610236.jpeg?h=225&w=225,
300399973,Tesco Finest Super Nutty Granola 500G,https://www.tesco.com/groceries/en-GB/shop/food-cupboard/all?department=Cereals&viewAll=department&page=,£2.70,£0.54/100g,,,/groceries/en-GB/products/300399973,https://digitalcontent.api.tesco.com/v2/media/ghs/54152ff1-f1aa-4329-888b-f3cec2423490/4a784a49-e946-40f0-83bf-1b8c828f044b_2118881853.jpeg?h=225&w=225,
273299936,Kellogg's Crunchy Nut Honey & Nut Clusters 450G,https://www.tesco.com/groceries/en-GB/shop/food-cupboard/all?department=Cereals&viewAll=department&page=,£2.50,£0.56/100g,,,/groceries/en-GB/products/273299936,https://digitalcontent.api.tesco.com/v2/media/ghs/32afe40f-659e-40b6-8d9e-f1849f99f61d/c0f0c5c8-d7e0-4ee2-a42f-12e7a44cc4fc_310514204.jpeg?h=225&w=225,
305963021,Kellogg's Special K Red Berries 330G,https://www.tesco.com/groceries/en-GB/shop/food-cupboard/all?department=Cereals&viewAll=department&page=,£3.00,£0.91/100g,,,/groceries/en-GB/products/305963021,https://digitalcontent.api.tesco.com/v2/media/ghs/5f025287-5e6c-418a-94ba-816d697cb397/1ff850aa-72cb-4e94-b57b-f8d754e855c0_892818299.jpeg?h=225&w=225,
306943602,Fibre One Protein Caramel Bars 3 X 24G,https://www.tesco.com/groceries/en-GB/shop/food-cupboard/all?department=Cereals&viewAll=department&page=,£3.00,£4.17/100g,,,/groceries/en-GB/products/306943602,https://digitalcontent.api.tesco.com/v2/media/ghs/b97c2787-76fa-44f4-a227-c0f45ec68494/6b717341-8399-44f8-b6ca-149a98172105_996100964.jpeg?h=225&w=225,
310109180,Fibre One 90 Chocolate Mint Brownie 5X24g,https://www.tesco.com/groceries/en-GB/shop/food-cupboard/all?department=Cereals&viewAll=department&page=,£2.60,£2.17/100g,,,/groceries/en-GB/products/310109180,https://digitalcontent.api.tesco.com/v2/media/ghs/766db449-c346-4c1b-92ee-3119d32345f8/fabed8f9-9bca-4b09-9657-de36855d6a28_1056523330.jpeg?h=225&w=225,
302296521,Eat Natural Simply Vegan Bars 3 X 45G,https://www.tesco.com/groceries/en-GB/shop/food-cupboard/all?department=Cereals&viewAll=department&page=,£2.20,£1.63/100g,,,/groceries/en-GB/products/302296521,https://digitalcontent.api.tesco.com/v2/media/ghs/9f9734ed-c088-42be-b355-9a3a3b140b20/4f8502c3-f248-4ec5-8213-7b741ffeb539_110206064.jpeg?h=225&w=225,
305975744,Kellogg's Pop Tart Strawberry Sensation 8X48g,https://www.tesco.com/groceries/en-GB/shop/food-cupboard/all?department=Cereals&viewAll=department&page=,£2.50,£0.65/100g,,,/groceries/en-GB/products/305975744,https://digitalcontent.api.tesco.com/v2/media/ghs/9132dacf-877a-4886-99a1-9cf47b7c7c6a/37a1bb20-8789-4cbb-81eb-944585c460f6_504352707.jpeg?h=225&w=225,
275907768,Tesco Honey Nut Clusters 500G,https://www.tesco.com/groceries/en-GB/shop/food-cupboard/all?department=Cereals&viewAll=department&page=,£2.15,£0.43/100g,,,/groceries/en-GB/products/275907768,https://digitalcontent.api.tesco.com/v2/media/ghs/ce5ed5c1-3d19-4d35-a4b8-f2210481ffda/02f98408-b863-4a25-94cc-96d801e3e262_590103508.jpeg?h=225&w=225,
305987407,Alpen No Added Sugar Swiss Style Muesli 550G,https://www.tesco.com/groceries/en-GB/shop/food-cupboard/all?department=Cereals&viewAll=department&page=,£2.70,£0.49/100g,,,/groceries/en-GB/products/305987407,https://digitalcontent.api.tesco.com/v2/media/ghs/0a203bc6-f98f-46b7-9b6a-01cafe70a400/bddb9a59-06a2-46c0-97c8-0070a6eb3816_1906266598.jpeg?h=225&w=225,
304797991,Up&Go Breakfast Drink Chocolate 330Ml,https://www.tesco.com/groceries/en-GB/shop/food-cupboard/all?department=Cereals&viewAll=department&page=,£1.00,£0.30/100ml,Any 5 for £4 Clubcard Price - Selected Porridge Pots Bars Or Drinks,,/groceries/en-GB/products/304797991,https://digitalcontent.api.tesco.com/v2/media/ghs/ef5a5540-71c3-4aa1-ab33-c3db5f17ab96/5ee7c90c-ed86-4946-81bd-80009ee2a4c6_1633718082.jpeg?h=225&w=225,
301073988,Quaker Oat Granola Raisin 500G,https://www.tesco.com/groceries/en-GB/shop/food-cupboard/all?department=Cereals&viewAll=department&page=,£3.00,£0.60/100g,£2.00 Clubcard Price,,/groceries/en-GB/products/301073988,https://digitalcontent.api.tesco.com/v2/media/ghs/53ab399f-7b3b-4457-8501-2bebf9387d9a/fd44b1cb-aa0d-472b-96bb-3950a5129842_1331252883.jpeg?h=225&w=225,
264216888,Quaker Oat So Simple Sweet Cinnamon Porridge 330G,https://www.tesco.com/groceries/en-GB/shop/food-cupboard/all?department=Cereals&viewAll=department&page=,£2.75,£0.83/100g,Any 2 for £4 Clubcard Price - Selected Quaker Oat So Simple Porridge,,/groceries/en-GB/products/264216888,https://digitalcontent.api.tesco.com/v2/media/ghs/30a7c838-f81c-492a-ab4b-095cda67ba64/dd3de4d1-e5db-47f4-9758-609a8001d289_1279632230.jpeg?h=225&w=225,
301013012,Belvita Breakfast Soft Bakes Blueberry 250G,https://www.tesco.com/groceries/en-GB/shop/food-cupboard/all?department=Cereals&viewAll=department&page=,£2.50,£1.00/100g,,,/groceries/en-GB/products/301013012,https://digitalcontent.api.tesco.com/v2/media/ghs/192e17c7-a49f-498f-a39b-a1f89ff73241/a557a115-7702-4e98-b30d-e316e4d5ad88_1832671368.jpeg?h=225&w=225,
304411014,Up&Go Breakfast Drink Banana & Honey 330Ml,https://www.tesco.com/groceries/en-GB/shop/food-cupboard/all?department=Cereals&viewAll=department&page=,£1.00,£0.30/100ml,Any 5 for £4 Clubcard Price - Selected Porridge Pots Bars Or Drinks,,/groceries/en-GB/products/304411014,https://digitalcontent.api.tesco.com/v2/media/ghs/240ca404-76d2-4c38-b89f-7851052882c7/907ca94d-b0d5-468f-b917-c1a47d76d025_1359217579.jpeg?h=225&w=225,
301045279,Fibre One Milk Chocolate Popcorn Bars 4 X 21G,https://www.tesco.com/groceries/en-GB/shop/food-cupboard/all?department=Cereals&viewAll=department&page=,£2.00,£2.39/100g,,,/groceries/en-GB/products/301045279,https://digitalcontent.api.tesco.com/v2/media/ghs/54b4a399-9b56-4724-90a1-fe55bb67f980/08a211e5-ff73-4de0-b939-7ce466cbd871_607451325.jpeg?h=225&w=225,
285451830,Nestle Gofree Cornflakes Gluten Free Cereal 500G,https://www.tesco.com/groceries/en-GB/shop/food-cupboard/all?department=Cereals&viewAll=department&page=,£2.40,£0.48/100g,,,/groceries/en-GB/products/285451830,https://digitalcontent.api.tesco.com/v2/media/ghs/31f619ee-cb75-46a7-a7cb-c7ae77180726/37bfe6fd-6c22-486d-bfca-1cf1ff46d5a3_1006535972.jpeg?h=225&w=225,
301692219,Fibre One Cake Bar Triple Chocolate 4 X 25G,https://www.tesco.com/groceries/en-GB/shop/food-cupboard/all?department=Cereals&viewAll=department&page=,£2.50,£2.50/100g,£1.50 Clubcard Price,,/groceries/en-GB/products/301692219,https://digitalcontent.api.tesco.com/v2/media/ghs/7d93daaf-fcac-487c-9e16-2230352943b4/332d4a1a-8b6d-4e9a-b9b4-686733d567b2_1017061707.jpeg?h=225&w=225,
282390848,Weetabix On The Go Strawberry Drink 250Ml,https://www.tesco.com/groceries/en-GB/shop/food-cupboard/all?department=Cereals&viewAll=department&page=,£1.50,£0.60/100ml,Any 5 for £4 Clubcard Price - Selected Porridge Pots Bars Or Drinks,,/groceries/en-GB/products/282390848,https://digitalcontent.api.tesco.com/v2/media/ghs/a72ab81d-b5ef-4387-90eb-163368d2d5cd/74fa19f9-65d4-4c18-9903-2d651f4af0b3_954937555.jpeg?h=225&w=225,
275907854,Tesco Honey Nut Chocolate Clusters 500G,https://www.tesco.com/groceries/en-GB/shop/food-cupboard/all?department=Cereals&viewAll=department&page=,£2.15,£0.43/100g,,,/groceries/en-GB/products/275907854,https://digitalcontent.api.tesco.com/v2/media/ghs/428f8975-09f9-4b61-aa97-8464b6472b7d/fcc2fa02-b5dc-4545-b878-81a435bbcac8_846103377.jpeg?h=225&w=225,
300398398,Tesco High Protein Granola 500G,https://www.tesco.com/groceries/en-GB/shop/food-cupboard/all?department=Cereals&viewAll=department&page=,£2.30,£0.46/100g,,,/groceries/en-GB/products/300398398,https://digitalcontent.api.tesco.com/v2/media/ghs/e3562f67-5fe4-41f7-8c51-4cbf1031c66b/c3ddadf7-bb5c-442c-a4a7-61e7c730344c_711182830.jpeg?h=225&w=225,
282391346,Weetabix Biscuits Banana Cereal 24 Pack,https://www.tesco.com/groceries/en-GB/shop/food-cupboard/all?department=Cereals&viewAll=department&page=,£2.75,£0.12/each,,,/groceries/en-GB/products/282391346,https://digitalcontent.api.tesco.com/v2/media/ghs/34818e9e-5b3e-4f9f-abf5-cd4565e38cda/c7199d88-4ba9-42be-af32-6efffb008453_1843842953.jpeg?h=225&w=225,
306498253,Tesco Multigrain Boulders 325G,https://www.tesco.com/groceries/en-GB/shop/food-cupboard/all?department=Cereals&viewAll=department&page=,£1.50,£0.46/100g,,,/groceries/en-GB/products/306498253,https://digitalcontent.api.tesco.com/v2/media/ghs/6404a727-bf9a-434e-a023-674dcbc49a4c/2a1101a3-ef2f-401b-b0e0-ebf9e7352ab0_1112935549.jpeg?h=225&w=225,
300916564,Tesco Free From Branflakes 300G,https://www.tesco.com/groceries/en-GB/shop/food-cupboard/all?department=Cereals&viewAll=department&page=,£1.80,£0.60/100g,,,/groceries/en-GB/products/300916564,https://digitalcontent.api.tesco.com/v2/media/ghs/1c7df659-41b7-4b1e-b2b1-a96e06b7d0b1/b8b90601-fb09-4644-8d0d-e7ba0cb98dcd.jpeg?h=225&w=225,
292990601,Tesco Nuts And Seeds Muesli 750G,https://www.tesco.com/groceries/en-GB/shop/food-cupboard/all?department=Cereals&viewAll=department&page=,£2.15,£0.29/100g,,,/groceries/en-GB/products/292990601,https://digitalcontent.api.tesco.com/v2/media/ghs/c601dcb5-a70b-4650-aaf5-a2c7fd5d9cdf/ca3f2db4-073f-4222-9818-583449c0c477_1879783297.jpeg?h=225&w=225,
292989137,Tesco Chocolate Crisp 500G,https://www.tesco.com/groceries/en-GB/shop/food-cupboard/all?department=Cereals&viewAll=department&page=,£1.60,£0.32/100g,,,/groceries/en-GB/products/292989137,https://digitalcontent.api.tesco.com/v2/media/ghs/cbebf1c9-202b-41f9-a646-da7c36e0243f/f3c6c722-8d31-42e4-a938-e4ee6d606a01_117527395.jpeg?h=225&w=225,
276671358,Fuel Energy Drink Strawberry 330Ml,https://www.tesco.com/groceries/en-GB/shop/food-cupboard/all?department=Cereals&viewAll=department&page=,£1.00,£0.30/100ml,Any 5 for £4 Clubcard Price - Selected Porridge Pots Bars Or Drinks,,/groceries/en-GB/products/276671358,https://digitalcontent.api.tesco.com/v2/media/ghs/1a0ceb9c-2b82-469b-8c10-395cf7d8dcaa/843e0079-5b6b-4fcd-a075-82c24dd6cbd9_1306492736.jpeg?h=225&w=225,
283910688,Fuel 10K Vanilla Liquid Breakfast 330Ml,https://www.tesco.com/groceries/en-GB/shop/food-cupboard/all?department=Cereals&viewAll=department&page=,£1.00,£0.30/100ml,Any 5 for £4 Clubcard Price - Selected Porridge Pots Bars Or Drinks,,/groceries/en-GB/products/283910688,https://digitalcontent.api.tesco.com/v2/media/ghs/062e660d-7177-403c-b809-a9c6aa66996c/2b78b3d2-b35f-4d55-b50d-36339dee0def_1472186163.jpeg?h=225&w=225,
308498716,Tesco Multigrain Meteors 350G,https://www.tesco.com/groceries/en-GB/shop/food-cupboard/all?department=Cereals&viewAll=department&page=,£1.50,£0.43/100g,,,/groceries/en-GB/products/308498716,https://digitalcontent.api.tesco.com/v2/media/ghs/cacf42ca-ac0d-48c1-8f59-12484ad4802f/6ec7ce58-bb02-4b85-bf64-9cc3387831b9_1530846029.jpeg?h=225&w=225,
308486805,Tesco Choco Malt Wheats 500G,https://www.tesco.com/groceries/en-GB/shop/food-cupboard/all?department=Cereals&viewAll=department&page=,£1.40,£0.28/100g,,,/groceries/en-GB/products/308486805,https://digitalcontent.api.tesco.com/v2/media/ghs/eb40143c-1970-49be-bcc9-573edfa1e7a4/34f5f617-b301-4dde-a563-72932601ca5e_1854546014.jpeg?h=225&w=225,
263229863,Tesco Standard Raisin Crispy Slices 5 Pack 218G,https://www.tesco.com/groceries/en-GB/shop/food-cupboard/all?department=Cereals&viewAll=department&page=,£0.95,£0.44/100g,,,/groceries/en-GB/products/263229863,https://digitalcontent.api.tesco.com/v2/media/ghs/653928d4-4f92-4858-8b29-ed3920e7abd5/2e85b410-0139-407a-9513-aade7d920713_1980023544.jpeg?h=225&w=225,
300877177,Tesco 5 Chocolate & Raspberry Bars 115G,https://www.tesco.com/groceries/en-GB/shop/food-cupboard/all?department=Cereals&viewAll=department&page=,£1.05,£0.91/100g,,,/groceries/en-GB/products/300877177,https://digitalcontent.api.tesco.com/v2/media/ghs/1c3243b6-69c7-4924-935d-4740c79d7914/848dc73a-68b0-4e93-a61a-d5ca1ad31735_1938113760.jpeg?h=225&w=225,
301970462,Alpen Light Cereal Bars Salted Caramel 5X19g,https://www.tesco.com/groceries/en-GB/shop/food-cupboard/all?department=Cereals&viewAll=department&page=,£1.00,£1.06/100g,,,/groceries/en-GB/products/301970462,https://digitalcontent.api.tesco.com/v2/media/ghs/9694596d-6170-4f0b-9518-ecc8ecb57139/d1f3c0c2-f281-4f93-80ed-4aa66d25f568_138277117.jpeg?h=225&w=225,
254842766,Tesco Cornflakes Cereal 500G,https://www.tesco.com/groceries/en-GB/shop/food-cupboard/all?department=Cereals&viewAll=department&page=,£0.65,£0.13/100g,,,/groceries/en-GB/products/254842766,https://digitalcontent.api.tesco.com/v2/media/ghs/044b98ca-4d47-4d19-873c-2c3b450c695b/5a68b827-9e19-42cf-b446-7f3210bca409_2013000548.jpeg?h=225&w=225,
312091727,Lizi's Low Sugar Maple & Pecan Granola 500G,https://www.tesco.com/groceries/en-GB/shop/food-cupboard/all?department=Cereals&viewAll=department&page=,£4.00,£0.80/100g,,,/groceries/en-GB/products/312091727,https://digitalcontent.api.tesco.com/v2/media/ghs/d73640db-1e09-4247-8309-350f86d93519/a2f2f9e1-2817-4858-95e2-2f603678f296_75726023.jpeg?h=225&w=225,
304791064,Dorset Cereals Simply Nutty Muesli 560G,https://www.tesco.com/groceries/en-GB/shop/food-cupboard/all?department=Cereals&viewAll=department&page=,£3.40,£0.61/100g,,,/groceries/en-GB/products/304791064,https://digitalcontent.api.tesco.com/v2/media/ghs/43e9583c-6723-4fbb-ab1e-171ad1797dd4/5d270d16-b5db-4053-a2da-0b66ef9abd39_921358720.jpeg?h=225&w=225,
271010320,Kellogg's All Bran Golden Crunch 390G,https://www.tesco.com/groceries/en-GB/shop/food-cupboard/all?department=Cereals&viewAll=department&page=,£3.00,£0.77/100g,,,/groceries/en-GB/products/271010320,https://digitalcontent.api.tesco.com/v2/media/ghs/c91f8fb7-968d-4c57-8d13-bcc4cbce35b0/9b538bf8-826c-4f43-b001-62f5a4ee5da2_1834010058.jpeg?h=225&w=225,
304788126,Dorset Cereals Simply Delicious Muesli 650G,https://www.tesco.com/groceries/en-GB/shop/food-cupboard/all?department=Cereals&viewAll=department&page=,£3.40,£0.52/100g,,,/groceries/en-GB/products/304788126,https://digitalcontent.api.tesco.com/v2/media/ghs/dbe0cee4-f3e4-476b-b6b6-48c7e1cfb302/6802f1e1-6536-4ab4-8a5b-7e58d44bbc91_839344715.jpeg?h=225&w=225,
304791726,Dorset Cereals Simply Fruity Muesli 630G,https://www.tesco.com/groceries/en-GB/shop/food-cupboard/all?department=Cereals&viewAll=department&page=,£3.40,£0.54/100g,,,/groceries/en-GB/products/304791726,https://digitalcontent.api.tesco.com/v2/media/ghs/5c41f74c-fbc2-4b8c-ac39-c7ee30f6e66d/eef42d85-8627-4af3-b318-ca57465f0bce_704611620.jpeg?h=225&w=225,
268612240,Jordans Country Crisp Honey Nut 500G,https://www.tesco.com/groceries/en-GB/shop/food-cupboard/all?department=Cereals&viewAll=department&page=,£3.60,£0.72/100g,,,/groceries/en-GB/products/268612240,https://digitalcontent.api.tesco.com/v2/media/ghs/15110276-76f9-49c1-9fc2-fe1dd4644648/596e73f3-b649-45a3-be9e-afd016f0f63e_869835376.jpeg?h=225&w=225,
301392351,Honey Monster Wheat Puffs Cereal 520G,https://www.tesco.com/groceries/en-GB/shop/food-cupboard/all?department=Cereals&viewAll=department&page=,£3.00,£0.58/100g,,,/groceries/en-GB/products/301392351,https://digitalcontent.api.tesco.com/v2/media/ghs/a20b6dca-997d-4253-9556-9589da1fd76a/af8ae2a1-f8fd-4824-9de6-6123c85a3bdf_1442475323.jpeg?h=225&w=225,
293163525,Tesco Free From Original Porridge Pot 55G,https://www.tesco.com/groceries/en-GB/shop/food-cupboard/all?department=Cereals&viewAll=department&page=,£0.90,£1.64/100g,,,/groceries/en-GB/products/293163525,https://digitalcontent.api.tesco.com/v2/media/ghs/72849cb0-acec-41c8-ad72-8a7028da5cf7/a3787485-add1-44fb-8fa2-bb871db02eaa_443981434.jpeg?h=225&w=225,
299600253,Quaker Oat So Simple Protein Golden Syrup Porridge 8X 43G,https://www.tesco.com/groceries/en-GB/shop/food-cupboard/all?department=Cereals&viewAll=department&page=,£2.75,£0.80/100g,Any 2 for £4 Clubcard Price - Selected Quaker Oat So Simple Porridge,,/groceries/en-GB/products/299600253,https://digitalcontent.api.tesco.com/v2/media/ghs/8803f21d-fe4e-4b9f-abb1-472fecc5130f/37397195-8090-442d-9633-ec40eaa09e4f_504606380.jpeg?h=225&w=225,
292975608,Tesco High Fibre Bran Cereal 750G,https://www.tesco.com/groceries/en-GB/shop/food-cupboard/all?department=Cereals&viewAll=department&page=,£2.70,£0.36/100g,,,/groceries/en-GB/products/292975608,https://digitalcontent.api.tesco.com/v2/media/ghs/ce04e080-6ead-4f34-ad09-f7916a561840/691af569-e6fe-4b05-829f-4582ef4b9a2d_55761244.jpeg?h=225&w=225,
291359349,Nairns Gluten Free Scottish Porridge 450G,https://www.tesco.com/groceries/en-GB/shop/food-cupboard/all?department=Cereals&viewAll=department&page=,£2.20,£0.49/100g,,,/groceries/en-GB/products/291359349,https://digitalcontent.api.tesco.com/v2/media/ghs/40549b09-181f-4a06-9991-dae570571b0a/11a80405-94b1-4be8-84ac-9fcf78360e4c_1179327753.jpeg?h=225&w=225,
253746012,Kellogg's Just Right Cereal 500G,https://www.tesco.com/groceries/en-GB/shop/food-cupboard/all?department=Cereals&viewAll=department&page=,£3.15,£0.63/100g,,,/groceries/en-GB/products/253746012,https://digitalcontent.api.tesco.com/v2/media/ghs/74de9627-0b54-4684-bda7-c5cfb61443e0/e3b90443-d971-4f0b-b263-eda86076691a_175529043.jpeg?h=225&w=225,
310145124,Nature Valley Crunchy Variety Cereal Bars Family Pack 10 X 42G,https://www.tesco.com/groceries/en-GB/shop/food-cupboard/all?department=Cereals&viewAll=department&page=,£3.00,£0.72/100g,,,/groceries/en-GB/products/310145124,https://digitalcontent.api.tesco.com/v2/media/ghs/75594b87-ad28-41ca-9862-f31b34003033/80cb3662-b555-4299-a30b-feed70c59c4d_1826321173.jpeg?h=225&w=225,
271759966,Flahavan's Irish Organic Jumbo Oats 1Kg,https://www.tesco.com/groceries/en-GB/shop/food-cupboard/all?department=Cereals&viewAll=department&page=,£2.50,£0.25/100g,,,/groceries/en-GB/products/271759966,https://digitalcontent.api.tesco.com/v2/media/ghs/e7a1fd10-5999-419a-8573-32abd8dde6a0/782381bf-38df-4042-a23e-cbb4e81b8e5a_1287604805.jpeg?h=225&w=225,
293163427,Tesco Free From Gluten Syrup Porridge Pot 55G,https://www.tesco.com/groceries/en-GB/shop/food-cupboard/all?department=Cereals&viewAll=department&page=,£0.90,£1.64/100g,,,/groceries/en-GB/products/293163427,https://digitalcontent.api.tesco.com/v2/media/ghs/5f0f854b-e960-4713-848e-ed9991e2d9c4/d4ecff0f-29a6-4083-92cf-8aa730b84eb4_15706337.jpeg?h=225&w=225,
304413634,Quaker Oat So Simple Big Bowl Original Porridge 6 Pack 231G,https://www.tesco.com/groceries/en-GB/shop/food-cupboard/all?department=Cereals&viewAll=department&page=,£2.20,£0.95/100g,,,/groceries/en-GB/products/304413634,https://digitalcontent.api.tesco.com/v2/media/ghs/98638699-fb13-49b9-b829-37cf4ab9fbca/adf9d778-9a38-435b-affe-7999ae9377a1_643337706.jpeg?h=225&w=225,
306928984,Fibre One Protein Cookies & Cream Bars 3 X 24G,https://www.tesco.com/groceries/en-GB/shop/food-cupboard/all?department=Cereals&viewAll=department&page=,£3.00,£4.17/100g,,,/groceries/en-GB/products/306928984,https://digitalcontent.api.tesco.com/v2/media/ghs/bf665f00-9801-4853-aa0b-fa0da358c9e8/35d55788-d161-4aea-9d63-f9bb112e1bcf_809178951.jpeg?h=225&w=225,
289954085,Belvita Soft Bakes Red Berries 250G,https://www.tesco.com/groceries/en-GB/shop/food-cupboard/all?department=Cereals&viewAll=department&page=,£2.50,£1.00/100g,,,/groceries/en-GB/products/289954085,https://digitalcontent.api.tesco.com/v2/media/ghs/446d52fe-a401-4457-a37d-6fde0715c5f3/068cc3cd-27b7-4352-aadd-97dea695f599_1579803706.jpeg?h=225&w=225,
304796082,Fuel10k Salted Caramel Porridge Pot 70G,https://www.tesco.com/groceries/en-GB/shop/food-cupboard/all?department=Cereals&viewAll=department&page=,£0.90,£1.29/100g,Any 5 for £4 Clubcard Price - Selected Porridge Pots Bars Or Drinks,,/groceries/en-GB/products/304796082,https://digitalcontent.api.tesco.com/v2/media/ghs/73f2c0ba-fd46-496f-b5be-44ab43b37ced/9da61a07-44f1-4b71-84fb-0e090a20e8a2_1507257345.jpeg?h=225&w=225,
265537011,Tesco Swiss Style Muesli 1Kg,https://www.tesco.com/groceries/en-GB/shop/food-cupboard/all?department=Cereals&viewAll=department&page=,£2.75,£0.28/100g,,,/groceries/en-GB/products/265537011,https://digitalcontent.api.tesco.com/v2/media/ghs/c29c1cde-327a-4f3b-ba13-ca4c7b803258/18acf446-e838-42d6-802c-aac05852ec13_1618212953.jpeg?h=225&w=225,
306948954,Quaker Oat So Simple Velvety Chocolate Porridge 10 Pack 365G,https://www.tesco.com/groceries/en-GB/shop/food-cupboard/all?department=Cereals&viewAll=department&page=,£2.75,£0.75/100g,Any 2 for £4 Clubcard Price - Selected Quaker Oat So Simple Porridge,,/groceries/en-GB/products/306948954,https://digitalcontent.api.tesco.com/v2/media/ghs/5abab72e-7ad3-40d9-8e7e-1e3ae24acf35/ba2f74b4-7051-4d21-b20f-c9148db5103d_1267142013.jpeg?h=225&w=225,
306497605,Belvita Dark Chocolate & Hazelnut Baked Bar 4X 40G,https://www.tesco.com/groceries/en-GB/shop/food-cupboard/all?department=Cereals&viewAll=department&page=,£1.75,£1.10/100g,,,/groceries/en-GB/products/306497605,https://digitalcontent.api.tesco.com/v2/media/ghs/4a0adf4f-b8d0-464a-bb97-af79d1a1fa75/570133ca-4a84-4c27-bb2f-a2332a18d2dd_687855816.jpeg?h=225&w=225,
308100416,Oreo O's Cereal 350G,https://www.tesco.com/groceries/en-GB/shop/food-cupboard/all?department=Cereals&viewAll=department&page=,£3.00,£0.86/100g,,,/groceries/en-GB/products/308100416,https://digitalcontent.api.tesco.com/v2/media/ghs/a349dce0-f6d6-46f1-bc9b-d49ec23426fa/35ce3eae-bf6c-4cda-b2f8-4b84c85b2298_92878645.jpeg?h=225&w=225,
291419849,"Eat Natural Bars Apple, Ginger & Dark Chocolate 3 X 45G",https://www.tesco.com/groceries/en-GB/shop/food-cupboard/all?department=Cereals&viewAll=department&page=,£2.20,£1.63/100g,,,/groceries/en-GB/products/291419849,https://digitalcontent.api.tesco.com/v2/media/ghs/05802999-c242-4a3e-9618-30148de5bdb6/6031537e-94dd-4f4c-9929-03376a737eb4_1660081103.jpeg?h=225&w=225,
310179032,Nestle Shreddies The Honey One Cereal 460G,https://www.tesco.com/groceries/en-GB/shop/food-cupboard/all?department=Cereals&viewAll=department&page=,£2.70,£0.59/100g,,,/groceries/en-GB/products/310179032,https://digitalcontent.api.tesco.com/v2/media/ghs/15332a54-b02a-4288-bf38-15176fbecd0a/50ce6220-cad5-4d99-97f6-ce7d71e6339b_1021272628.jpeg?h=225&w=225,
271099738,Belvita Sandwich Plain Yogurt Crunch 253G,https://www.tesco.com/groceries/en-GB/shop/food-cupboard/all?department=Cereals&viewAll=department&page=,£2.50,£0.99/100g,£1.75 Clubcard Price,,/groceries/en-GB/products/271099738,https://digitalcontent.api.tesco.com/v2/media/ghs/561a2a70-5159-46cf-be0c-1607043a2140/d0289934-29c8-4c77-adc4-2cc1bd1b5692_2133527408.jpeg?h=225&w=225,
307366212,Quaker Oat So Simple Banana Porridge 10 Sachets 348G,https://www.tesco.com/groceries/en-GB/shop/food-cupboard/all?department=Cereals&viewAll=department&page=,£2.75,£0.79/100g,Any 2 for £4 Clubcard Price - Selected Quaker Oat So Simple Porridge,,/groceries/en-GB/products/307366212,https://digitalcontent.api.tesco.com/v2/media/ghs/8fc95002-43c5-43f4-ba9b-a4149465fa0e/7b030959-3fdf-4dd0-8a55-ece5f4527d64_1788126781.jpeg?h=225&w=225,
310186461,Kellogg's Krave Cookies & Cream Flavour Cereal 410G,https://www.tesco.com/groceries/en-GB/shop/food-cupboard/all?department=Cereals&viewAll=department&page=,£2.49,£0.61/100g,,,/groceries/en-GB/products/310186461,https://digitalcontent.api.tesco.com/v2/media/ghs/964ccb10-015a-4cd8-9964-07789a015c6a/d5fb452d-087a-429b-938f-9dbe71e7b1f5_96160567.jpeg?h=225&w=225,
302533529,Moma Porridge Pot Cranberry & Raisin 70G,https://www.tesco.com/groceries/en-GB/shop/food-cupboard/all?department=Cereals&viewAll=department&page=,£1.15,£1.65/100g,Any 5 for £4 Clubcard Price - Selected Porridge Pots Bars Or Drinks,,/groceries/en-GB/products/302533529,https://digitalcontent.api.tesco.com/v2/media/ghs/030b512d-9d75-4d31-b6e4-29066cf2458d/42f80215-da2f-4338-b799-7c61d1522abe_1936285012.jpeg?h=225&w=225,
301391980,Mornflake Mighty Creamy Superfast Oats 1.25Kg,https://www.tesco.com/groceries/en-GB/shop/food-cupboard/all?department=Cereals&viewAll=department&page=,£1.95,£0.16/100g,,,/groceries/en-GB/products/301391980,https://digitalcontent.api.tesco.com/v2/media/ghs/6f8708ac-a340-49fb-a411-83fdb1a08600/421aea25-9c97-4d06-ab95-248a1cef5e74_1891637614.jpeg?h=225&w=225,
310111435,Kellogg's Krave Milk Chocolate Cereal 410G,https://www.tesco.com/groceries/en-GB/shop/food-cupboard/all?department=Cereals&viewAll=department&page=,£2.49,£0.61/100g,,,/groceries/en-GB/products/310111435,https://digitalcontent.api.tesco.com/v2/media/ghs/30c73cd8-355e-4461-a105-f3289b0f4da7/94e9ce1c-ea72-4943-8da1-94e54598c21c_1872179320.jpeg?h=225&w=225,
285355224,Weetabix On The Go Banana Drink 250Ml,https://www.tesco.com/groceries/en-GB/shop/food-cupboard/all?department=Cereals&viewAll=department&page=,£1.50,£0.60/100ml,Any 5 for £4 Clubcard Price - Selected Porridge Pots Bars Or Drinks,,/groceries/en-GB/products/285355224,https://digitalcontent.api.tesco.com/v2/media/ghs/3824cc9e-8a9c-4696-ae41-60eb50d11b3b/4423cab1-ac50-4d72-9a5b-74fcc73913e2_984562145.jpeg?h=225&w=225,
312084307,Fuel 10K Chocolate Oat Fibre Breakfast Drink 330Ml,https://www.tesco.com/groceries/en-GB/shop/food-cupboard/all?department=Cereals&viewAll=department&page=,£1.00,£0.30/100ml,Any 5 for £4 Clubcard Price - Selected Porridge Pots Bars Or Drinks,,/groceries/en-GB/products/312084307,https://digitalcontent.api.tesco.com/v2/media/ghs/009ab18c-d89f-4c9d-adbf-a92e6902a26b/aa267a0d-ead7-4a55-bf1d-c795aef0cd5c_81843725.jpeg?h=225&w=225,
301467718,Quaker Porridge To Go Cinnamon Bar 2X55g,https://www.tesco.com/groceries/en-GB/shop/food-cupboard/all?department=Cereals&viewAll=department&page=,£1.40,£1.28/100g,Any 5 for £4 Clubcard Price - Selected Porridge Pots Bars Or Drinks,,/groceries/en-GB/products/301467718,https://digitalcontent.api.tesco.com/v2/media/ghs/2fc9c08c-ddf1-4ac2-8034-0a4af57bc947/db4e6106-0f2f-4b10-a01e-c917f0a023d4_688266868.jpeg?h=225&w=225,
296977623,Quaker Porridge To Go Mixed Berries 2X55g,https://www.tesco.com/groceries/en-GB/shop/food-cupboard/all?department=Cereals&viewAll=department&page=,£1.40,£1.28/100g,Any 5 for £4 Clubcard Price - Selected Porridge Pots Bars Or Drinks,,/groceries/en-GB/products/296977623,https://digitalcontent.api.tesco.com/v2/media/ghs/4a890e9c-55ae-41db-baa8-02e946bad17a/3a553274-6ba6-4045-afb7-a8939805225f_836871730.jpeg?h=225&w=225,
301393718,Bran Flakes 500G,https://www.tesco.com/groceries/en-GB/shop/food-cupboard/all?department=Cereals&viewAll=department&page=,£2.00,£0.40/100g,,,/groceries/en-GB/products/301393718,https://digitalcontent.api.tesco.com/v2/media/ghs/c5f52015-39f4-442c-a5cc-6ae076b75f6b/7b342c4b-0f56-40a0-9183-3d34a0456077_1376046933.jpeg?h=225&w=225,
268583152,Tesco Free From Choco Snaps Cereal 300G,https://www.tesco.com/groceries/en-GB/shop/food-cupboard/all?department=Cereals&viewAll=department&page=,£1.80,£0.60/100g,,,/groceries/en-GB/products/268583152,https://digitalcontent.api.tesco.com/v2/media/ghs/fb1b5407-3787-4044-9381-9f61a2aaa78e/9eea3bf6-d99d-444a-9f82-f3f6585a2a35_585714902.jpeg?h=225&w=225,
282513296,Tesco Free From Choco-Nut Pillows 300G,https://www.tesco.com/groceries/en-GB/shop/food-cupboard/all?department=Cereals&viewAll=department&page=,£1.80,£0.60/100g,,,/groceries/en-GB/products/282513296,https://digitalcontent.api.tesco.com/v2/media/ghs/7052933c-9378-4675-8eb1-0450b7aead26/ef7ddd1c-bdf9-44f8-9b0f-04c0e323f356.jpeg?h=225&w=225,
275945100,Tesco Easy Oats Apple & Blueberry 360G,https://www.tesco.com/groceries/en-GB/shop/food-cupboard/all?department=Cereals&viewAll=department&page=,£1.20,£0.33/100g,,,/groceries/en-GB/products/275945100,https://digitalcontent.api.tesco.com/v2/media/ghs/c9500c4a-b110-41e1-972e-2b28a9356eb5/11ab4d4e-b1cf-469a-b519-5885f6c1f477_893381026.jpeg?h=225&w=225,
300877131,Tesco Pumpkin Seeds Almond & Dark Chocolate Bars 140G,https://www.tesco.com/groceries/en-GB/shop/food-cupboard/all?department=Cereals&viewAll=department&page=,£1.30,£0.93/100g,,,/groceries/en-GB/products/300877131,https://digitalcontent.api.tesco.com/v2/media/ghs/468e86a9-e334-42cb-a5dc-dfcc88896d21/565e54a0-bf9a-4596-8e39-153a5f7976f5_1691318369.jpeg?h=225&w=225,
296961814,Jordans Super Granola Berry 550G,https://www.tesco.com/groceries/en-GB/shop/food-cupboard/all?department=Cereals&viewAll=department&page=,£4.30,£0.78/100g,,,/groceries/en-GB/products/296961814,https://digitalcontent.api.tesco.com/v2/media/ghs/78e2f909-2179-4ded-b267-ad3c23f3ffe3/13a1cfa4-3167-46ac-bddf-a71ef91002c6_887043752.jpeg?h=225&w=225,
297237375,Dorset Cereals Honey Granola 500G,https://www.tesco.com/groceries/en-GB/shop/food-cupboard/all?department=Cereals&viewAll=department&page=,£4.30,£0.86/100g,,,/groceries/en-GB/products/297237375,https://digitalcontent.api.tesco.com/v2/media/ghs/b465d01c-aa5c-4371-a115-55474495aa75/043613b9-89a0-4607-b653-344b41f1f9a2_1651561469.jpeg?h=225&w=225,
302280983,Eat Natural Gluten Free Buckwheat Toasted Muesli 500G,https://www.tesco.com/groceries/en-GB/shop/food-cupboard/all?department=Cereals&viewAll=department&page=,£3.20,£0.64/100g,,,/groceries/en-GB/products/302280983,https://digitalcontent.api.tesco.com/v2/media/ghs/5502313b-cbe0-4327-9cf0-6c4ba3bb5003/f88a9562-080c-4d30-a0fc-d170b98b9114_534348941.jpeg?h=225&w=225,
265527098,Jordans Natural Muesli 1Kg,https://www.tesco.com/groceries/en-GB/shop/food-cupboard/all?department=Cereals&viewAll=department&page=,£3.60,£0.36/100g,,,/groceries/en-GB/products/265527098,https://digitalcontent.api.tesco.com/v2/media/ghs/16574645-d71f-4514-a910-6961f7fc8ea9/9ae221cc-04a4-4018-a4e7-9bff3f7af690_481289402.jpeg?h=225&w=225,
260782712,Lizi's Original Granola 500G,https://www.tesco.com/groceries/en-GB/shop/food-cupboard/all?department=Cereals&viewAll=department&page=,£3.00,£0.60/100g,,,/groceries/en-GB/products/260782712,https://digitalcontent.api.tesco.com/v2/media/ghs/f13ab4df-f5c0-4a5f-95ce-12becaed6175/63b05e3e-9c2a-4007-b389-51f15e91301f_601690160.jpeg?h=225&w=225,
282630744,Jordans Crunchy Oat Granola Tropical Fruit 750G,https://www.tesco.com/groceries/en-GB/shop/food-cupboard/all?department=Cereals&viewAll=department&page=,£3.60,£0.48/100g,,,/groceries/en-GB/products/282630744,https://digitalcontent.api.tesco.com/v2/media/ghs/bbddda97-4260-45e7-a866-9c3b74af5752/c6281f23-76c4-4df2-aead-f5915f7fd2e7_437079233.jpeg?h=225&w=225,
273667363,Natures Path Organic Gluten Free Mesa Sunrise Cereal 355G,https://www.tesco.com/groceries/en-GB/shop/food-cupboard/all?department=Cereals&viewAll=department&page=,£3.50,£0.99/100g,,,/groceries/en-GB/products/273667363,https://digitalcontent.api.tesco.com/v2/media/ghs/415fd9fa-cdd9-4848-9588-2663ef2d133a/a1e5ea34-de5d-487b-af91-fd295dcadb67_586617213.jpeg?h=225&w=225,
310698097,Kellogg's Special K Dark Chocolate Granola 350G,https://www.tesco.com/groceries/en-GB/shop/food-cupboard/all?department=Cereals&viewAll=department&page=,£3.00,£0.86/100g,,,/groceries/en-GB/products/310698097,https://digitalcontent.api.tesco.com/v2/media/ghs/8aac5ac7-1090-457c-9634-ee2508da162c/364aefe7-4b86-4d81-98b4-64d66f000276_525203238.jpeg?h=225&w=225,
268583083,Weetabix Crunchy Bran Cereal 375G,https://www.tesco.com/groceries/en-GB/shop/food-cupboard/all?department=Cereals&viewAll=department&page=,£3.00,£0.80/100g,,,/groceries/en-GB/products/268583083,https://digitalcontent.api.tesco.com/v2/media/ghs/321fd5e6-e373-4841-8546-ae463470576f/6ffbf95a-cca4-46e0-b0bc-0c5d00e6db04_415090926.jpeg?h=225&w=225,
310671785,Kellogg's Special K Mixed Berries Granola 350G,https://www.tesco.com/groceries/en-GB/shop/food-cupboard/all?department=Cereals&viewAll=department&page=,£3.00,£0.86/100g,,,/groceries/en-GB/products/310671785,https://digitalcontent.api.tesco.com/v2/media/ghs/98f17414-0f9a-4d55-a2e9-cfe84c8b5193/1bb9709f-13ff-41f7-a6ed-10b3b1a749c7_858310216.jpeg?h=225&w=225,
285353353,Grape Nuts 580G,https://www.tesco.com/groceries/en-GB/shop/food-cupboard/all?department=Cereals&viewAll=department&page=,£3.45,£0.60/100g,,,/groceries/en-GB/products/285353353,https://digitalcontent.api.tesco.com/v2/media/ghs/f27854f1-d37d-470f-81c6-6090331ae2cd/0fb8cfce-b58b-4993-aa4c-fdfd62005658_2115130414.jpeg?h=225&w=225,
271515380,Fuel Loaded Fruit 400G,https://www.tesco.com/groceries/en-GB/shop/food-cupboard/all?department=Cereals&viewAll=department&page=,£2.85,£0.71/100g,£2.25 Clubcard Price,,/groceries/en-GB/products/271515380,https://digitalcontent.api.tesco.com/v2/media/ghs/a85d4895-30a5-4543-9a7d-aee6ef76db03/45b97094-b0dd-4853-9e2c-a7b647658e78_1402446644.jpeg?h=225&w=225,
297519261,Quaker Oat So Simple Protein Original Porridge 8Pk302g,https://www.tesco.com/groceries/en-GB/shop/food-cupboard/all?department=Cereals&viewAll=department&page=,£2.75,£0.91/100g,Any 2 for £4 Clubcard Price - Selected Quaker Oat So Simple Porridge,,/groceries/en-GB/products/297519261,https://digitalcontent.api.tesco.com/v2/media/ghs/1514544c-d074-40bf-9df8-795f8a686d79/e7064ad1-1e58-4867-8034-5439f8c91054_40810038.jpeg?h=225&w=225,
282723099,Kellogg's Crunchy Nut Granola Fruit & Nut 380G,https://www.tesco.com/groceries/en-GB/shop/food-cupboard/all?department=Cereals&viewAll=department&page=,£2.50,£0.66/100g,,,/groceries/en-GB/products/282723099,https://digitalcontent.api.tesco.com/v2/media/ghs/08d2f881-0b2a-4d37-8311-4313f3fbfd70/9765d291-0acd-4f38-9176-0a9fef8d4100_1248096456.jpeg?h=225&w=225,
305985899,Tesco Oat Bran 675G,https://www.tesco.com/groceries/en-GB/shop/food-cupboard/all?department=Cereals&viewAll=department&page=,£2.20,£0.33/100g,,,/groceries/en-GB/products/305985899,https://digitalcontent.api.tesco.com/v2/media/ghs/b92550c2-90eb-412f-a8c6-a216ea157abb/3b903b68-f939-481b-838c-d217f1af93c4_1456121006.jpeg?h=225&w=225,
311425765,Fibre One 90 Calorie Doughnut Strawberry 4X23g,https://www.tesco.com/groceries/en-GB/shop/food-cupboard/all?department=Cereals&viewAll=department&page=,£2.50,£2.72/100g,,,/groceries/en-GB/products/311425765,https://digitalcontent.api.tesco.com/v2/media/ghs/f284fd27-0be3-48b5-af89-8b2ef38861fd/5389a076-865e-4078-8879-fec102aaa2ab_1810293699.jpeg?h=225&w=225,
289348092,Kellogg's Special K Chocolate 360G,https://www.tesco.com/groceries/en-GB/shop/food-cupboard/all?department=Cereals&viewAll=department&page=,£3.00,£0.83/100g,,,/groceries/en-GB/products/289348092,https://digitalcontent.api.tesco.com/v2/media/ghs/468eb5a6-6f9b-4eb2-b903-243499724dde/f45659d7-ccb1-47f7-baa9-d3ce44a889e7_1252162671.jpeg?h=225&w=225,
306052297,Nestle Gluten Free Gofree Rice Pops 350G,https://www.tesco.com/groceries/en-GB/shop/food-cupboard/all?department=Cereals&viewAll=department&page=,£2.30,£0.66/100g,,,/groceries/en-GB/products/306052297,https://digitalcontent.api.tesco.com/v2/media/ghs/7776b566-db12-4511-af68-349733f922e9/17a27da3-ee09-407a-810c-fe2ec2811dba_1360200869.jpeg?h=225&w=225,
308475801,Tesco Finest Chocolate & Berry Granola 500G,https://www.tesco.com/groceries/en-GB/shop/food-cupboard/all?department=Cereals&viewAll=department&page=,£2.70,£0.54/100g,,,/groceries/en-GB/products/308475801,https://digitalcontent.api.tesco.com/v2/media/ghs/48d6f981-72d8-4a92-a1e1-199678c52247/1baac8fd-2b9c-4f8e-b4f3-2fad911b00a3_55750769.jpeg?h=225&w=225,
306945652,Nutella B-Ready Chocolate Wafers 15 X 22G,https://www.tesco.com/groceries/en-GB/shop/food-cupboard/all?department=Cereals&viewAll=department&page=,£4.50,£1.37/100g,,,/groceries/en-GB/products/306945652,https://digitalcontent.api.tesco.com/v2/media/ghs/dd301728-09fe-498b-bc7e-fe66b8329842/81040964-e592-4163-9a49-05e5bc3e66c4_297670314.jpeg?h=225&w=225,
311673467,Kellogg's Hot Fudge Sundae Pop Tarts 8X48g,https://www.tesco.com/groceries/en-GB/shop/food-cupboard/all?department=Cereals&viewAll=department&page=,£2.50,£0.65/100g,,,/groceries/en-GB/products/311673467,https://digitalcontent.api.tesco.com/v2/media/ghs/13ef1862-ef12-4691-b26e-be3ae97af05a/a4c5560c-2461-4958-814f-a8cd8b10eca2_1912348039.jpeg?h=225&w=225,
301073965,Quaker Oat Granola Golden Crunch 500G,https://www.tesco.com/groceries/en-GB/shop/food-cupboard/all?department=Cereals&viewAll=department&page=,£3.00,£0.60/100g,£2.00 Clubcard Price,,/groceries/en-GB/products/301073965,https://digitalcontent.api.tesco.com/v2/media/ghs/38a01dce-37dd-4a5a-b6df-3c877edceddc/06bcb2df-1a23-416f-977c-b77b1e02aa5b_34239729.jpeg?h=225&w=225,
304369317,Quaker Oat So Simple Big Golden Syrup Porridge 6 Pack 298G,https://www.tesco.com/groceries/en-GB/shop/food-cupboard/all?department=Cereals&viewAll=department&page=,£2.20,£0.74/100g,,,/groceries/en-GB/products/304369317,https://digitalcontent.api.tesco.com/v2/media/ghs/96cd8d3c-d9d9-4b77-8e36-76af1216d55c/643cccf1-c5b1-4062-a6a8-9d96cb10daae_579883326.jpeg?h=225&w=225,
306500919,Belvita Baked Bar Cranberry & Hazelnut 4X40g,https://www.tesco.com/groceries/en-GB/shop/food-cupboard/all?department=Cereals&viewAll=department&page=,£1.75,£1.10/100g,,,/groceries/en-GB/products/306500919,https://digitalcontent.api.tesco.com/v2/media/ghs/63b41491-61a9-4f7f-a460-67da7d9e7a78/a050383a-9541-4205-9fa4-1fd0288ed343_1022792070.jpeg?h=225&w=225,
297461794,Tesco Free From Berry Granola 350G,https://www.tesco.com/groceries/en-GB/shop/food-cupboard/all?department=Cereals&viewAll=department&page=,£2.75,£0.79/100g,,,/groceries/en-GB/products/297461794,https://digitalcontent.api.tesco.com/v2/media/ghs/afd805b9-f501-429d-a8de-f03102fb2a82/b13082ab-613a-4231-82f7-296d9e489cd7_59315053.jpeg?h=225&w=225,
300455544,Tesco Finest Fruit Nut & Seed Muesli 500G,https://www.tesco.com/groceries/en-GB/shop/food-cupboard/all?department=Cereals&viewAll=department&page=,£2.70,£0.54/100g,,,/groceries/en-GB/products/300455544,https://digitalcontent.api.tesco.com/v2/media/ghs/cd14cd5d-7e0a-4dd6-8bfc-9ef930850bba/8fd08873-4e3b-4628-a8c5-01a40cb5b753_1743081637.jpeg?h=225&w=225,
289954275,Belvita Soft Bakes Golden Grain 250G,https://www.tesco.com/groceries/en-GB/shop/food-cupboard/all?department=Cereals&viewAll=department&page=,£2.50,£1.00/100g,,,/groceries/en-GB/products/289954275,https://digitalcontent.api.tesco.com/v2/media/ghs/c6d31b41-e18b-42ea-9533-525472ccd12e/412aa7b1-620e-423f-bf30-5c6890d0af34_49316068.jpeg?h=225&w=225,
297461771,Tesco Free From Fruit & Nut Granola 350G,https://www.tesco.com/groceries/en-GB/shop/food-cupboard/all?department=Cereals&viewAll=department&page=,£2.75,£0.79/100g,,,/groceries/en-GB/products/297461771,https://digitalcontent.api.tesco.com/v2/media/ghs/f3b91ddf-ead0-47f8-8781-32c437d8f9aa/2da12704-df0b-46fc-bfb2-e4e8dd1620d7_1688713483.jpeg?h=225&w=225,
300991093,Kellogg's Fruit & Fibre Cereal 375G,https://www.tesco.com/groceries/en-GB/shop/food-cupboard/all?department=Cereals&viewAll=department&page=,£2.20,£0.59/100g,,,/groceries/en-GB/products/300991093,https://digitalcontent.api.tesco.com/v2/media/ghs/122a888a-bffa-4ad0-a5a3-1e735694c3c9/bffd591f-f4d9-4412-9268-87b2f30f8637_385112417.jpeg?h=225&w=225,
311943670,Quaker Oat So Simple No Added Sugar Strawberry Porridge 8Pk 260G,https://www.tesco.com/groceries/en-GB/shop/food-cupboard/all?department=Cereals&viewAll=department&page=,£2.75,£1.06/100g,Any 2 for £4 Clubcard Price - Selected Quaker Oat So Simple Porridge,,/groceries/en-GB/products/311943670,https://digitalcontent.api.tesco.com/v2/media/ghs/38ea4cec-5501-42a0-86a1-b27796b80425/a9e06b07-0830-4b31-bacc-537724ebb795_1244464561.jpeg?h=225&w=225,
267280074,Tesco Free From Pure Oat Fruit Muesli 450G,https://www.tesco.com/groceries/en-GB/shop/food-cupboard/all?department=Cereals&viewAll=department&page=,£2.30,£0.51/100g,,,/groceries/en-GB/products/267280074,https://digitalcontent.api.tesco.com/v2/media/ghs/11127595-3e64-4a90-a461-465f0c9796aa/95b648ed-7e2f-4eec-b1c7-fd2f25f9ec40_1679781915.jpeg?h=225&w=225,
292990428,Tesco Grains & Seeds Granola 500G,https://www.tesco.com/groceries/en-GB/shop/food-cupboard/all?department=Cereals&viewAll=department&page=,£2.00,£0.40/100g,,,/groceries/en-GB/products/292990428,https://digitalcontent.api.tesco.com/v2/media/ghs/9d1584a6-22f7-4961-9644-02366898f5a7/e2e9c437-7f96-4feb-9ec3-f4f8f374a142_449874601.jpeg?h=225&w=225,
304838926,Fibre One Red Velvet Cake Bar 25 G,https://www.tesco.com/groceries/en-GB/shop/food-cupboard/all?department=Cereals&viewAll=department&page=,£2.50,£10.00/100g,£1.50 Clubcard Price,,/groceries/en-GB/products/304838926,https://digitalcontent.api.tesco.com/v2/media/ghs/e0c2fc96-3a19-44db-9940-1b4d2e0e1ff0/c556f852-709d-4424-ba2f-e6b30f9e84eb_62151482.jpeg?h=225&w=225,
309480015,Kellogg's Crunchy Nut Bites Honey & Nut Flavoured 375G,https://www.tesco.com/groceries/en-GB/shop/food-cupboard/all?department=Cereals&viewAll=department&page=,£3.00,£0.80/100g,£2.00 Clubcard Price,,/groceries/en-GB/products/309480015,https://digitalcontent.api.tesco.com/v2/media/ghs/567a646e-b6fc-439d-a74d-1e5322c76eeb/8cdc458a-2ff8-4344-ab7e-e2798210e4e8_1407012577.jpeg?h=225&w=225,
301045256,Fibre One Peanut Butter Popcorn Bars 4 X 21G,https://www.tesco.com/groceries/en-GB/shop/food-cupboard/all?department=Cereals&viewAll=department&page=,£2.00,£2.39/100g,,,/groceries/en-GB/products/301045256,https://digitalcontent.api.tesco.com/v2/media/ghs/35f36084-32f9-4b82-8d69-c700fdcfa73f/52056ef6-1a96-4863-8d82-e5cfc11aa2f3_1787133618.jpeg?h=225&w=225,
310168696,Kellogg's Krave Chocolate Hazelnut Flavour 410G,https://www.tesco.com/groceries/en-GB/shop/food-cupboard/all?department=Cereals&viewAll=department&page=,£2.49,£0.61/100g,,,/groceries/en-GB/products/310168696,https://digitalcontent.api.tesco.com/v2/media/ghs/6dcf4e63-a9d8-4c2c-87bb-c59d0ae62f5a/4ea9f17e-822b-451a-8af0-c6b8a843b4dd_1093135077.jpeg?h=225&w=225,
307749111,Up&Go Energize Breakfast Shake Chocolate 400Ml,https://www.tesco.com/groceries/en-GB/shop/food-cupboard/all?department=Cereals&viewAll=department&page=,£1.50,£0.38/100ml,£1.00 Clubcard Price,,/groceries/en-GB/products/307749111,https://digitalcontent.api.tesco.com/v2/media/ghs/5aa9529c-f045-49ad-8b98-49b8901c47ae/77b7044b-940b-43c0-955a-308d94e39dc6_1574170839.jpeg?h=225&w=225,
305972626,Kellog's Choco Wheats 480G,https://www.tesco.com/groceries/en-GB/shop/food-cupboard/all?department=Cereals&viewAll=department&page=,£1.80,£0.38/100g,,,/groceries/en-GB/products/305972626,https://digitalcontent.api.tesco.com/v2/media/ghs/2f5dffc1-b426-430c-8cae-8a18038a4ba2/8610ec31-d1ef-4b06-a29e-ca31ea559913_1729902504.jpeg?h=225&w=225,
305984923,Moma Jumbo Oat Porridge Plain 65G,https://www.tesco.com/groceries/en-GB/shop/food-cupboard/all?department=Cereals&viewAll=department&page=,£1.15,£1.77/100g,Any 5 for £4 Clubcard Price - Selected Porridge Pots Bars Or Drinks,,/groceries/en-GB/products/305984923,https://digitalcontent.api.tesco.com/v2/media/ghs/e57f79f3-ca6a-4d3a-9a1d-040f1541b4da/c7242bfe-3ca7-4558-9c30-955badce8d75_1080020097.jpeg?h=225&w=225,
297609333,Moma Porridge Almond Butter & Salted Caramel 55G,https://www.tesco.com/groceries/en-GB/shop/food-cupboard/all?department=Cereals&viewAll=department&page=,£1.15,£2.10/100g,,,/groceries/en-GB/products/297609333,https://digitalcontent.api.tesco.com/v2/media/ghs/8b4f02db-d7c3-47aa-bd8e-f6941a01daa6/33f3c0c2-5a76-44cf-a92d-1d51d6e21813_1132326740.jpeg?h=225&w=225,
305046076,Moma Porridge Cacao & Hazelnut Pot 65G,https://www.tesco.com/groceries/en-GB/shop/food-cupboard/all?department=Cereals&viewAll=department&page=,£1.15,£1.77/100g,Any 5 for £4 Clubcard Price - Selected Porridge Pots Bars Or Drinks,,/groceries/en-GB/products/305046076,https://digitalcontent.api.tesco.com/v2/media/ghs/62a1a5ab-a96c-4da3-95ad-b36808fb1553/3c011cd5-6951-4ec7-a0a0-8db7bd655672_1508625148.jpeg?h=225&w=225,
268583267,Tesco Free From Cornflakes Cereal 300G,https://www.tesco.com/groceries/en-GB/shop/food-cupboard/all?department=Cereals&viewAll=department&page=,£1.50,£0.50/100g,,,/groceries/en-GB/products/268583267,https://digitalcontent.api.tesco.com/v2/media/ghs/f09c89f6-7d6a-421e-bfbe-c7936faf9a08/40cb329c-8502-4c40-ac6b-5b681a655215_2038737611.jpeg?h=225&w=225,
282513365,Tesco Free From Honey Hoops 300G,https://www.tesco.com/groceries/en-GB/shop/food-cupboard/all?department=Cereals&viewAll=department&page=,£1.50,£0.50/100g,,,/groceries/en-GB/products/282513365,https://digitalcontent.api.tesco.com/v2/media/ghs/fe95a94d-d453-4b1c-ab23-475cf2f9b6d3/4e46ffa0-7db4-4d99-85ab-08b0e7dab26b_1116908163.jpeg?h=225&w=225,
312096345,Dorset Cereal Pecan & Almond Muesli Crunch 400G,https://www.tesco.com/groceries/en-GB/shop/food-cupboard/all?department=Cereals&viewAll=department&page=,£4.00,£1.00/100g,,,/groceries/en-GB/products/312096345,https://digitalcontent.api.tesco.com/v2/media/ghs/c2c3eb1b-5652-449c-a3cd-6585c74283b6/fb8fc686-0d7e-451e-b21b-61c1b1be4c32_373701667.jpeg?h=225&w=225,
296961837,Jordans Super Granola Nutty 550G,https://www.tesco.com/groceries/en-GB/shop/food-cupboard/all?department=Cereals&viewAll=department&page=,£4.30,£0.78/100g,,,/groceries/en-GB/products/296961837,https://digitalcontent.api.tesco.com/v2/media/ghs/520406d7-a767-4d84-8c3d-7bb031588b31/187446ab-a183-4b97-b47a-e8b4362e6963_968766857.jpeg?h=225&w=225,
278564782,Dorset Cereals Oat Granola 550G,https://www.tesco.com/groceries/en-GB/shop/food-cupboard/all?department=Cereals&viewAll=department&page=,£4.00,£0.73/100g,,,/groceries/en-GB/products/278564782,https://digitalcontent.api.tesco.com/v2/media/ghs/3c9904e3-b314-4bd0-8cec-1330a21bcf0a/c90ba4af-5544-461f-a361-9d5aef0d91e8_1864682082.jpeg?h=225&w=225,
289842275,Nutribrex Gluten Free Cereal 375G,https://www.tesco.com/groceries/en-GB/shop/food-cupboard/all?department=Cereals&viewAll=department&page=,£3.80,£1.02/100g,,,/groceries/en-GB/products/289842275,https://digitalcontent.api.tesco.com/v2/media/ghs/da12b673-b7fc-446b-bc1d-77e18f7516b2/a51b5450-4b4b-4670-b8f6-7afbe1d490ef_77829091.jpeg?h=225&w=225,
304786543,Dorset Cereals Berry & Cherry Muesli 600G,https://www.tesco.com/groceries/en-GB/shop/food-cupboard/all?department=Cereals&viewAll=department&page=,£4.00,£0.67/100g,,,/groceries/en-GB/products/304786543,https://digitalcontent.api.tesco.com/v2/media/ghs/e0c2360c-814f-4b5e-a0c7-4f1a16e7b4dc/5caba8b8-77b5-4c2e-850d-f2a916da4288_86814410.jpeg?h=225&w=225,
302287987,Eat Natural Gluten Free Granola Buckwheat Seeds & Honey 425G,https://www.tesco.com/groceries/en-GB/shop/food-cupboard/all?department=Cereals&viewAll=department&page=,£3.20,£0.75/100g,,,/groceries/en-GB/products/302287987,https://digitalcontent.api.tesco.com/v2/media/ghs/18813d0e-ef61-43bf-93f2-442353aa3ba4/b8ce8953-8677-4103-ab6e-22839fd0baaf_1771608005.jpeg?h=225&w=225,
309779763,Kellogg's Rice Krispies Multigrain Strawberry &Apple 350G,https://www.tesco.com/groceries/en-GB/shop/food-cupboard/all?department=Cereals&viewAll=department&page=,£3.30,£0.94/100g,,,/groceries/en-GB/products/309779763,https://digitalcontent.api.tesco.com/v2/media/ghs/dc72ccee-27be-4b57-9fa5-ed549d2e0aea/c89be345-a3d1-4351-9181-848c7ab47d59_1892009402.jpeg?h=225&w=225,
310102262,Kellogg's Rice Krispies Multigrain Blueberry & Apple Shape 350G,https://www.tesco.com/groceries/en-GB/shop/food-cupboard/all?department=Cereals&viewAll=department&page=,£3.30,£0.94/100g,,,/groceries/en-GB/products/310102262,https://digitalcontent.api.tesco.com/v2/media/ghs/b6b4e1e9-809d-4495-b5ad-087f7e468b87/0e9f3b02-ee40-4ee1-90bf-8ad56d6d2248_1298025844.jpeg?h=225&w=225,
293216458,Quaker Oat So Simple Gluten Free Original Porridge 10 Pack 350G,https://www.tesco.com/groceries/en-GB/shop/food-cupboard/all?department=Cereals&viewAll=department&page=,£3.20,£0.92/100g,,,/groceries/en-GB/products/293216458,https://digitalcontent.api.tesco.com/v2/media/ghs/21abd910-4359-4de1-9a43-97ab5a0094e2/cb57ca4c-67b9-4693-a172-bc3ba6e8caeb_271945225.jpeg?h=225&w=225,
266804794,Nairns Gluten Free Oat Muesli 450G,https://www.tesco.com/groceries/en-GB/shop/food-cupboard/all?department=Cereals&viewAll=department&page=,£2.90,£0.64/100g,,,/groceries/en-GB/products/266804794,https://digitalcontent.api.tesco.com/v2/media/ghs/c32b4d62-df88-4854-bc0e-837cbd634244/0eb71fe2-f03d-43b5-9ad1-b1d28c4e2f0c_1817573502.jpeg?h=225&w=225,
305250980,Eat Natural Gluten Free Ancient Grains Muesli 450G,https://www.tesco.com/groceries/en-GB/shop/food-cupboard/all?department=Cereals&viewAll=department&page=,£3.20,£0.71/100g,,,/groceries/en-GB/products/305250980,https://digitalcontent.api.tesco.com/v2/media/ghs/1f583a40-0567-42dd-a334-b3df0b49e95f/e5071343-7f1e-4b0f-b444-a25cf040523b_1729327304.jpeg?h=225&w=225,
312086417,Nestle Nesquik Mix Cereal 325G,https://www.tesco.com/groceries/en-GB/shop/food-cupboard/all?department=Cereals&viewAll=department&page=,£2.65,£0.82/100g,,,/groceries/en-GB/products/312086417,https://digitalcontent.api.tesco.com/v2/media/ghs/9474a9e1-c4a5-42a8-9f03-d15fb38e8641/d8bff36b-8eb9-49c2-9599-6eb97485a587_1391301658.jpeg?h=225&w=225,
293216343,Quaker Oat So Simple Gluten Free Original Porridge 510G,https://www.tesco.com/groceries/en-GB/shop/food-cupboard/all?department=Cereals&viewAll=department&page=,£3.00,£0.59/100g,,,/groceries/en-GB/products/293216343,https://digitalcontent.api.tesco.com/v2/media/ghs/a208d14a-16a3-43d5-b2a8-874a017ccf68/aa903b50-3477-4ea8-9768-240c7abab72e_342176973.jpeg?h=225&w=225,
282243382,Kellogg Crunchy Nut Caramelised Granola 380G,https://www.tesco.com/groceries/en-GB/shop/food-cupboard/all?department=Cereals&viewAll=department&page=,£2.50,£0.66/100g,,,/groceries/en-GB/products/282243382,https://digitalcontent.api.tesco.com/v2/media/ghs/6d3f1812-32f8-402d-8557-a7880c02f43a/490e5ba5-359e-4ba4-8dbd-11bfd564cd35_592202088.jpeg?h=225&w=225,
307761654,Tesco Finest Berry & Cherry Museli 500G,https://www.tesco.com/groceries/en-GB/shop/food-cupboard/all?department=Cereals&viewAll=department&page=,£2.70,£0.54/100g,,,/groceries/en-GB/products/307761654,https://digitalcontent.api.tesco.com/v2/media/ghs/fc952280-69e7-4c42-a908-2339e3dff638/8a7506c1-a70d-4cc1-b3a7-72ecb4dde048_2090966218.jpeg?h=225&w=225,
308484197,Scotts Porage Oats Porridge 2Kg,https://www.tesco.com/groceries/en-GB/shop/food-cupboard/all?department=Cereals&viewAll=department&page=,£3.15,£0.16/100g,,,/groceries/en-GB/products/308484197,https://digitalcontent.api.tesco.com/v2/media/ghs/a58ef0e7-8f18-48f6-9762-2fee424c7375/a08d51c2-53af-46ad-abb8-c49b40dde414_1687540573.jpeg?h=225&w=225,
311943088,Bio&Me Super Seedy Nutty Prebiotic Granola 360G,https://www.tesco.com/groceries/en-GB/shop/food-cupboard/all?department=Cereals&viewAll=department&page=,£3.70,£1.03/100g,£2.00 Clubcard Price,,/groceries/en-GB/products/311943088,https://digitalcontent.api.tesco.com/v2/media/ghs/fb33ce81-cd0e-4af0-b11a-22048d8abb93/snapshotimagehandler_1265470970.jpeg?h=225&w=225,
311803709,Bio&Me Low Sugar Prebiotic Granola 360G,https://www.tesco.com/groceries/en-GB/shop/food-cupboard/all?department=Cereals&viewAll=department&page=,£3.70,£1.03/100g,£2.00 Clubcard Price,,/groceries/en-GB/products/311803709,https://digitalcontent.api.tesco.com/v2/media/ghs/94872be2-caf9-414f-898f-2bc92195fe72/snapshotimagehandler_917067390.jpeg?h=225&w=225,
311804187,Weetabix Weetos Orange Chocolatey Hoops 420G,https://www.tesco.com/groceries/en-GB/shop/food-cupboard/all?department=Cereals&viewAll=department&page=,£3.30,£0.79/100g,,,/groceries/en-GB/products/311804187,https://digitalcontent.api.tesco.com/v2/media/ghs/f33d53a6-0238-456f-aebe-2be140a975e4/7488bd73-955f-42c3-9e83-2aa84a1275c6_1802333680.jpeg?h=225&w=225,
275435289,Quaker Oat So Simple Strawberry Raspberry Porridge 10 X 33.9G,https://www.tesco.com/groceries/en-GB/shop/food-cupboard/all?department=Cereals&viewAll=department&page=,£2.75,£0.81/100g,Any 2 for £4 Clubcard Price - Selected Quaker Oat So Simple Porridge,,/groceries/en-GB/products/275435289,https://digitalcontent.api.tesco.com/v2/media/ghs/e660a836-97ee-4674-998d-3840aa954927/aec086f7-f2ea-4d3b-a8ad-721f53ceb9a8_195276100.jpeg?h=225&w=225,
307734969,Up&Go Energize Breakfast Shake Honeycomb 400Ml,https://www.tesco.com/groceries/en-GB/shop/food-cupboard/all?department=Cereals&viewAll=department&page=,£1.50,£0.38/100ml,£1.00 Clubcard Price,,/groceries/en-GB/products/307734969,https://digitalcontent.api.tesco.com/v2/media/ghs/e7d24a7a-5ebf-4045-88d2-e773ea4f1fe7/53012507-baab-4e94-ba17-88e60d7e938c_1588793972.jpeg?h=225&w=225,
260194020,Tesco Finest Scottish Porridge Oats 750G,https://www.tesco.com/groceries/en-GB/shop/food-cupboard/all?department=Cereals&viewAll=department&page=,£2.00,£0.27/100g,,,/groceries/en-GB/products/260194020,https://digitalcontent.api.tesco.com/v2/media/ghs/51b9eb65-8e69-40ac-be93-ebd9a3fb7ef8/fbb46ca6-6d3f-4260-9a08-f09aedff9489_1904607594.jpeg?h=225&w=225,
309479093,Quaker Vibrant Oats Forest Fruits Porridge 236G,https://www.tesco.com/groceries/en-GB/shop/food-cupboard/all?department=Cereals&viewAll=department&page=,£2.40,£1.02/100g,Any 2 for £4 Clubcard Price - Selected Quaker Oat So Simple Porridge,,/groceries/en-GB/products/309479093,https://digitalcontent.api.tesco.com/v2/media/ghs/1333a349-5522-4129-bab6-9542808fdf26/58d8be4f-09f2-4487-8b52-a7e0bb35e687_2008245554.jpeg?h=225&w=225,
312110145,Quaker Oat So Simple No Added Sugar Apple Porridge 8Pk 271G,https://www.tesco.com/groceries/en-GB/shop/food-cupboard/all?department=Cereals&viewAll=department&page=,£2.75,£1.02/100g,Any 2 for £4 Clubcard Price - Selected Quaker Oat So Simple Porridge,,/groceries/en-GB/products/312110145,https://digitalcontent.api.tesco.com/v2/media/ghs/007056d6-41ae-4a7d-849f-9b7fb4f26e4b/a6bec567-7fb4-49ca-aa9f-ae87f73daa54_865716031.jpeg?h=225&w=225,
311944732,Rude Health Low Sugar Granola Almond & Hazelnut 400G,https://www.tesco.com/groceries/en-GB/shop/food-cupboard/all?department=Cereals&viewAll=department&page=,£3.50,£0.88/100g,£2.50 Clubcard Price,,/groceries/en-GB/products/311944732,https://digitalcontent.api.tesco.com/v2/media/ghs/1130cfd8-87f5-4d4c-a807-391dd69194f6/0b342033-c3e9-4d6a-8aa2-399b86e3c978_268383899.jpeg?h=225&w=225,
308486293,Tesco Multigrain Cosmos 350G,https://www.tesco.com/groceries/en-GB/shop/food-cupboard/all?department=Cereals&viewAll=department&page=,£1.50,£0.43/100g,,,/groceries/en-GB/products/308486293,https://digitalcontent.api.tesco.com/v2/media/ghs/3b99c13c-91d6-493f-833e-746f3f8feebb/6447067e-cd80-4e50-87b2-a56d7a8228e1_1620686090.jpeg?h=225&w=225,
306496042,Moma Coconut & Chia Porridge Pot 55G,https://www.tesco.com/groceries/en-GB/shop/food-cupboard/all?department=Cereals&viewAll=department&page=,£1.15,£2.10/100g,,,/groceries/en-GB/products/306496042,https://digitalcontent.api.tesco.com/v2/media/ghs/e9717fd5-8e01-498b-a573-6aa9b8e5f2d4/06ca79a2-d598-4130-a4be-e415e2441c15_1725402400.jpeg?h=225&w=225,
303177091,Nakd Blueberry Muffin Bar 35G,https://www.tesco.com/groceries/en-GB/shop/food-cupboard/all?department=Cereals&viewAll=department&page=,£1.00,£2.86/100g,"£3.40 Meal Deal Clubcard Price £3.90 Meal Deal Regular Price - Selected Drink, Snack, Wrap, Sandwich, Roll, Pasty Or Salad",,/groceries/en-GB/products/303177091,https://digitalcontent.api.tesco.com/v2/media/ghs/9597e1d2-06cb-4586-868f-e6ae37a52542/cf23c697-76a5-4b72-80db-ef46b08f2409_1539561592.jpeg?h=225&w=225,
287089069,Eat Natural Protein Bar 45G,https://www.tesco.com/groceries/en-GB/shop/food-cupboard/all?department=Cereals&viewAll=department&page=,£1.00,£2.23/100g,"£3.40 Meal Deal Clubcard Price £3.90 Meal Deal Regular Price - Selected Drink, Snack, Wrap, Sandwich, Roll, Pasty Or Salad",,/groceries/en-GB/products/287089069,https://digitalcontent.api.tesco.com/v2/media/ghs/b424ad40-d247-43e7-846a-1686c1281b83/52388e17-75a8-4ac1-a143-ccbb2346540d_360416765.jpeg?h=225&w=225,
297754753,Tesco Free From Rice Snaps 300G,https://www.tesco.com/groceries/en-GB/shop/food-cupboard/all?department=Cereals&viewAll=department&page=,£1.50,£0.50/100g,,,/groceries/en-GB/products/297754753,https://digitalcontent.api.tesco.com/v2/media/ghs/e03ef9c1-9d6a-43c7-805c-2d212c70c2f1/7be0c969-3eee-45cd-a384-0e3cff0e614d_1462634904.jpeg?h=225&w=225,
252961461,Eat Natural Almond & Apricot Yogurt Coated Bar 50G,https://www.tesco.com/groceries/en-GB/shop/food-cupboard/all?department=Cereals&viewAll=department&page=,£1.00,£2.00/100g,"£3.40 Meal Deal Clubcard Price £3.90 Meal Deal Regular Price - Selected Drink, Snack, Wrap, Sandwich, Roll, Pasty Or Salad",,/groceries/en-GB/products/252961461,https://digitalcontent.api.tesco.com/v2/media/ghs/38ef1c63-53d1-4192-9480-711fa5a67cdf/1e5d196d-ce2f-4336-98e9-ef0e5331277c_1178859938.jpeg?h=225&w=225,
252851390,Kellogg's Nutrigrain Strawberry 37G,https://www.tesco.com/groceries/en-GB/shop/food-cupboard/all?department=Cereals&viewAll=department&page=,£0.60,£1.63/100g,"£3.40 Meal Deal Clubcard Price £3.90 Meal Deal Regular Price - Selected Drink, Snack, Wrap, Sandwich, Roll, Pasty Or Salad",,/groceries/en-GB/products/252851390,https://digitalcontent.api.tesco.com/v2/media/ghs/6d1dda1e-5e55-4304-ab67-ecdbddb9c4eb/7d1021ad-6d42-46a9-9603-00867f41c311_577143114.jpeg?h=225&w=225,
294459128,Nature Valley Protein Chocolate & Peanut Bar 40G,https://www.tesco.com/groceries/en-GB/shop/food-cupboard/all?department=Cereals&viewAll=department&page=,£1.00,£2.50/100g,"£3.40 Meal Deal Clubcard Price £3.90 Meal Deal Regular Price - Selected Drink, Snack, Wrap, Sandwich, Roll, Pasty Or Salad",,/groceries/en-GB/products/294459128,https://digitalcontent.api.tesco.com/v2/media/ghs/518ff4ac-38c2-427b-9ee0-5f2cdd45d9e0/eb69b027-f18e-47e7-83ae-7d4a3d6ae300_882077384.jpeg?h=225&w=225,
307758457,Stockwell & Co Granola 1Kg,https://www.tesco.com/groceries/en-GB/shop/food-cupboard/all?department=Cereals&viewAll=department&page=,£1.75,£0.18/100g,,,/groceries/en-GB/products/307758457,https://digitalcontent.api.tesco.com/v2/media/ghs/365df6f6-5d9e-4fa9-a935-126a8c5aa248/62b514fc-48b7-4058-b055-d6eba1f24ce4_875821765.jpeg?h=225&w=225,
297461811,Tesco Free From Multigrain Hoops 300G,https://www.tesco.com/groceries/en-GB/shop/food-cupboard/all?department=Cereals&viewAll=department&page=,£1.50,£0.50/100g,,,/groceries/en-GB/products/297461811,https://digitalcontent.api.tesco.com/v2/media/ghs/6598ad57-b75f-403e-a03e-5c98340fc6f6/69f17cd0-1e30-4c87-ba38-d02d4f6d0d80.jpeg?h=225&w=225,
312094324,Dorset Cereals Muesli Crunch Dark Chocolate Hazelnut 400G,https://www.tesco.com/groceries/en-GB/shop/food-cupboard/all?department=Cereals&viewAll=department&page=,£4.00,£1.00/100g,,,/groceries/en-GB/products/312094324,https://digitalcontent.api.tesco.com/v2/media/ghs/e1a9179a-9787-45af-9fc2-af3f00488162/6daefb56-7bb4-4b99-a831-3b8df1a7a88e_863863293.jpeg?h=225&w=225,
312084117,Dorset Cereals Muesli Fruit & Nut Crunch 400G,https://www.tesco.com/groceries/en-GB/shop/food-cupboard/all?department=Cereals&viewAll=department&page=,£4.00,£1.00/100g,,,/groceries/en-GB/products/312084117,https://digitalcontent.api.tesco.com/v2/media/ghs/5bd08b7c-b55e-4b5d-98bf-8b5e6a4c85fc/53def665-27d3-4f6d-a648-aa4fdb811143_1743227932.jpeg?h=225&w=225,
307734347,Jordans Deluxe Dark Chocolate Granola & Strawberries 550G,https://www.tesco.com/groceries/en-GB/shop/food-cupboard/all?department=Cereals&viewAll=department&page=,£4.30,£0.78/100g,,,/groceries/en-GB/products/307734347,https://digitalcontent.api.tesco.com/v2/media/ghs/c879d0a2-5105-49c5-a5d4-0be6cbf62236/c595aa51-d262-4d9c-9163-20e09d45dde4_612658134.jpeg?h=225&w=225,
312084667,Spoon Cereals Cinnamon & Pecan Granola 400G,https://www.tesco.com/groceries/en-GB/shop/food-cupboard/all?department=Cereals&viewAll=department&page=,£4.00,£1.00/100g,,,/groceries/en-GB/products/312084667,https://digitalcontent.api.tesco.com/v2/media/ghs/4457406d-22f7-4f35-975b-9a2f950fdc3b/99e1f6eb-3ed0-445b-bde7-4c5892d1433a_738818872.jpeg?h=225&w=225,
311944628,Spoon Cereals Happy Gut Granola Mpl & Cinnamon 350G,https://www.tesco.com/groceries/en-GB/shop/food-cupboard/all?department=Cereals&viewAll=department&page=,£4.00,£1.15/100g,,,/groceries/en-GB/products/311944628,https://digitalcontent.api.tesco.com/v2/media/ghs/fdf7b514-9f15-4ca4-86ed-c343ece4c731/3f5ce6ea-8fb9-42c5-81bd-ae434115b455_513682710.jpeg?h=225&w=225,
293397513,Weetabix On The Go Chocolate Drink 3Pack 750Ml,https://www.tesco.com/groceries/en-GB/shop/food-cupboard/all?department=Cereals&viewAll=department&page=,£3.00,£0.40/100ml,,,/groceries/en-GB/products/293397513,https://digitalcontent.api.tesco.com/v2/media/ghs/06c430a7-3dbc-4299-b90d-4439cc9582ce/ada66423-b13c-48c5-8313-8ce677bed4aa_450461116.jpeg?h=225&w=225,
311443607,Rude Health Organic Ultimate Granola 400G,https://www.tesco.com/groceries/en-GB/shop/food-cupboard/all?department=Cereals&viewAll=department&page=,£3.50,£0.88/100g,£3.00 Clubcard Price,,/groceries/en-GB/products/311443607,https://digitalcontent.api.tesco.com/v2/media/ghs/c231c101-2a8e-426c-8c3d-12909ed808db/45d666af-e90d-4505-8d7b-f1db9e53b972_1987302076.jpeg?h=225&w=225,
301554229,Nature's Path Gorilla Munch Corn Puffs 300G,https://www.tesco.com/groceries/en-GB/shop/food-cupboard/all?department=Cereals&viewAll=department&page=,£3.00,£1.00/100g,,,/groceries/en-GB/products/301554229,https://digitalcontent.api.tesco.com/v2/media/ghs/ec13a188-2939-49ec-84c1-a1b4f67fb1d5/69d66c95-b52d-49e4-a81d-bc23d7d6a040_918669609.jpeg?h=225&w=225,
311439858,Weetabix On The Go Plus Breakfast Drink Vanilla 330Ml,https://www.tesco.com/groceries/en-GB/shop/food-cupboard/all?department=Cereals&viewAll=department&page=,£2.00,£0.61/100ml,,,/groceries/en-GB/products/311439858,https://digitalcontent.api.tesco.com/v2/media/ghs/a19c409c-c02d-4dcf-bd9e-768a0314dda2/a4683062-4f9c-4ef2-bbdc-8466d62292d3_854441248.jpeg?h=225&w=225,
312099169,Weetabix On The Go Breakfast Chocolate Brownie 330Ml,https://www.tesco.com/groceries/en-GB/shop/food-cupboard/all?department=Cereals&viewAll=department&page=,£2.00,£0.61/100ml,,,/groceries/en-GB/products/312099169,https://digitalcontent.api.tesco.com/v2/media/ghs/bbfcd3b2-5bc8-4c31-9fd5-b04e94ddbca4/90182c60-13ee-42c9-98e8-38b80e8be4c2_2083309857.jpeg?h=225&w=225,
310100327,Flahaven's Porridge Immunity Boost Raspberry 320G,https://www.tesco.com/groceries/en-GB/shop/food-cupboard/all?department=Cereals&viewAll=department&page=,£3.30,£10.32/kg,£2.20 Clubcard Price,,/groceries/en-GB/products/310100327,https://digitalcontent.api.tesco.com/v2/media/ghs/6f5a4817-f2f8-47ba-8ebc-5207a74b745e/3cce1b21-4649-42da-a6da-0f469b82fac6_906163607.jpeg?h=225&w=225,
309773739,Moma Jumbo Porridge Peanut Butter & Maple Syrup Sachets 8X35g,https://www.tesco.com/groceries/en-GB/shop/food-cupboard/all?department=Cereals&viewAll=department&page=,£2.75,£0.98/100g,£1.50 Clubcard Price,,/groceries/en-GB/products/309773739,https://digitalcontent.api.tesco.com/v2/media/ghs/2ac55b07-bac5-4fb2-837b-95ce1153b7ce/7e354985-29be-4440-b7b6-8bb1931831e1_1074803512.jpeg?h=225&w=225,
305943074,Alpen Chocolate Swiss Style Muesli 550G,https://www.tesco.com/groceries/en-GB/shop/food-cupboard/all?department=Cereals&viewAll=department&page=,£2.70,£0.49/100g,,,/groceries/en-GB/products/305943074,https://digitalcontent.api.tesco.com/v2/media/ghs/bca796af-48f9-4258-935b-8258708c14b4/ab010064-5cc6-4fc5-a061-47116f1048d9_311137385.jpeg?h=225&w=225,
310139817,Flahavans High Fibre Prdge Oats 320G,https://www.tesco.com/groceries/en-GB/shop/food-cupboard/all?department=Cereals&viewAll=department&page=,£3.30,£10.32/kg,£2.20 Clubcard Price,,/groceries/en-GB/products/310139817,https://digitalcontent.api.tesco.com/v2/media/ghs/4f1ca00f-7025-4a5a-a72d-9394ff3e5ceb/791e3f17-7f5f-4dec-b73f-4f27067ead15_1455176228.jpeg?h=225&w=225,
310698258,Kellogg's Limited Edition Coco Pops Hazelnut & Chocolate Flavoured 480G,https://www.tesco.com/groceries/en-GB/shop/food-cupboard/all?department=Cereals&viewAll=department&page=,£3.00,£0.62/100g,£2.50 Clubcard Price,,/groceries/en-GB/products/310698258,https://digitalcontent.api.tesco.com/v2/media/ghs/3696e842-8e2d-43cf-bea7-4d7e40c12c82/26ec34f0-0526-4461-86e5-ba7b64b15577_422524856.jpeg?h=225&w=225,
309467101,Quaker Vibrant Oats Summer Fruits Porridge 233G,https://www.tesco.com/groceries/en-GB/shop/food-cupboard/all?department=Cereals&viewAll=department&page=,£2.40,£1.03/100g,Any 2 for £4 Clubcard Price - Selected Quaker Oat So Simple Porridge,,/groceries/en-GB/products/309467101,https://digitalcontent.api.tesco.com/v2/media/ghs/2d02934e-41fc-4963-a07e-124b62be1afa/ee610047-5633-485f-b29b-dfae2b57762a_224173245.jpeg?h=225&w=225,
306496802,Moma Jumbo Oat Porridge Coconut & Chia 6 X 35G,https://www.tesco.com/groceries/en-GB/shop/food-cupboard/all?department=Cereals&viewAll=department&page=,£2.90,£1.39/100g,£2.00 Clubcard Price,,/groceries/en-GB/products/306496802,https://digitalcontent.api.tesco.com/v2/media/ghs/2c9c968e-2257-410b-b758-dec4d537e6da/e8b9de62-351f-46aa-9fe0-04be8a8c902f_1310264195.jpeg?h=225&w=225,
309208115,Quaker Ultimate Hearty & Rich Porridge Oats 750G,https://www.tesco.com/groceries/en-GB/shop/food-cupboard/all?department=Cereals&viewAll=department&page=,£2.00,£0.27/100g,,,/groceries/en-GB/products/309208115,https://digitalcontent.api.tesco.com/v2/media/ghs/e030e3c8-52fb-4d36-8538-224d99c10967/9476aefe-946b-4b06-a0f8-3e1ea7c2b605_1819906039.jpeg?h=225&w=225,
306499223,Moma Jumbo Oat Porridge Almond Butter & Salted Caramel 6X35g,https://www.tesco.com/groceries/en-GB/shop/food-cupboard/all?department=Cereals&viewAll=department&page=,£2.90,£1.39/100g,£2.00 Clubcard Price,,/groceries/en-GB/products/306499223,https://digitalcontent.api.tesco.com/v2/media/ghs/b23b26c4-b03a-44dc-9354-e19bd2cbca80/92f272f4-e530-4fc3-a399-8afc529b413f_947379246.jpeg?h=225&w=225,
312083602,Bio&Me Apple & Cinnamon Prebiotic Porridge 400G,https://www.tesco.com/groceries/en-GB/shop/food-cupboard/all?department=Cereals&viewAll=department&page=,£2.95,£0.74/100g,£1.50 Clubcard Price,,/groceries/en-GB/products/312083602,https://digitalcontent.api.tesco.com/v2/media/ghs/d5c9a6b9-e0c7-482b-bfae-5164410e9408/cd279da2-5dd8-48f7-8eec-06ab38fd4441_639089841.jpeg?h=225&w=225,
311949462,Rude Health Chocolate Crunch Granola 400G,https://www.tesco.com/groceries/en-GB/shop/food-cupboard/all?department=Cereals&viewAll=department&page=,£3.50,£0.88/100g,£2.50 Clubcard Price,,/groceries/en-GB/products/311949462,https://digitalcontent.api.tesco.com/v2/media/ghs/bb6d8109-ad16-4c53-8412-ef8d49b5c507/e0f9de78-2125-483e-85fa-7f4566ce8eb0_933618067.jpeg?h=225&w=225,
312103957,Bio&Me Super Seedy Nutty Prebiotic Porridge 400G,https://www.tesco.com/groceries/en-GB/shop/food-cupboard/all?department=Cereals&viewAll=department&page=,£2.95,£0.74/100g,£1.50 Clubcard Price,,/groceries/en-GB/products/312103957,https://digitalcontent.api.tesco.com/v2/media/ghs/a369bbe1-a41e-436d-b653-b8409da35b80/ec84b359-0826-407f-9741-e5131e1c9051_1128455904.jpeg?h=225&w=225,
309759361,Moma Jumbo Porridge Raspberry Chia & Pumpkin Seeds 8X35g,https://www.tesco.com/groceries/en-GB/shop/food-cupboard/all?department=Cereals&viewAll=department&page=,£2.75,£0.98/100g,£1.50 Clubcard Price,,/groceries/en-GB/products/309759361,https://digitalcontent.api.tesco.com/v2/media/ghs/e812cc88-b969-4128-b305-dc17ad63fb98/68930980-5ed5-4270-a7b9-27faec04e987_283634199.jpeg?h=225&w=225,
311959784,Rude Health Fruity Date Porridge 400G,https://www.tesco.com/groceries/en-GB/shop/food-cupboard/all?department=Cereals&viewAll=department&page=,£2.95,£0.74/100g,£1.50 Clubcard Price,,/groceries/en-GB/products/311959784,https://digitalcontent.api.tesco.com/v2/media/ghs/b29c3e7e-08af-4265-ac86-18905d7c95f8/3855e9b9-d3f6-42cc-9c8f-a4ebcd6b4f9e_1231467300.jpeg?h=225&w=225,
254176022,Eat Natural Gold Cranberry & Macadamia Fruit Bar 45G,https://www.tesco.com/groceries/en-GB/shop/food-cupboard/all?department=Cereals&viewAll=department&page=,£1.00,£2.23/100g,"£3.40 Meal Deal Clubcard Price £3.90 Meal Deal Regular Price - Selected Drink, Snack, Wrap, Sandwich, Roll, Pasty Or Salad",,/groceries/en-GB/products/254176022,https://digitalcontent.api.tesco.com/v2/media/ghs/d31196f2-14d7-40ce-a3ee-1c96030f0bcb/ff6e3ca8-06ab-4bb1-a284-4fb050eb6c1e_834309114.jpeg?h=225&w=225,
295229181,Nakd Peanut Delight 35G Bar,https://www.tesco.com/groceries/en-GB/shop/food-cupboard/all?department=Cereals&viewAll=department&page=,£1.00,£2.86/100g,"£3.40 Meal Deal Clubcard Price £3.90 Meal Deal Regular Price - Selected Drink, Snack, Wrap, Sandwich, Roll, Pasty Or Salad",,/groceries/en-GB/products/295229181,https://digitalcontent.api.tesco.com/v2/media/ghs/a0d77433-0d91-4de0-9297-b2479e94fef3/ff1897cf-0954-4f65-82d8-ebe29ebb4d70_1640629080.jpeg?h=225&w=225,
311805990,Rude Health 5 Grain 5 Seed Porridge 400G,https://www.tesco.com/groceries/en-GB/shop/food-cupboard/all?department=Cereals&viewAll=department&page=,£2.95,£0.74/100g,£1.50 Clubcard Price,,/groceries/en-GB/products/311805990,https://digitalcontent.api.tesco.com/v2/media/ghs/76c3af50-6b36-434d-82d8-75c5fd39e55b/9c54562d-b639-43ac-b30f-799a11c94dc2_1030067112.jpeg?h=225&w=225,
278942260,Nakd Cocoa Delight 35G,https://www.tesco.com/groceries/en-GB/shop/food-cupboard/all?department=Cereals&viewAll=department&page=,£1.00,£2.86/100g,"£3.40 Meal Deal Clubcard Price £3.90 Meal Deal Regular Price - Selected Drink, Snack, Wrap, Sandwich, Roll, Pasty Or Salad",,/groceries/en-GB/products/278942260,https://digitalcontent.api.tesco.com/v2/media/ghs/77e444b2-6839-4df8-b362-9cbbd8cb927c/a966aac9-543c-4e4b-aabb-1d45bebe759b_996697166.jpeg?h=225&w=225,
250073150,Nature Valley Crunchy Granola Oats & Honey Bar 42G,https://www.tesco.com/groceries/en-GB/shop/food-cupboard/all?department=Cereals&viewAll=department&page=,£0.65,£1.55/100g,"£3.40 Meal Deal Clubcard Price £3.90 Meal Deal Regular Price - Selected Drink, Snack, Wrap, Sandwich, Roll, Pasty Or Salad",,/groceries/en-GB/products/250073150,https://digitalcontent.api.tesco.com/v2/media/ghs/66f8e3d0-0381-4a8b-819c-b67093f9f5c9/270f24d9-b990-4ee3-ab70-8af9d839c1a4_1423997204.jpeg?h=225&w=225,
254852973,Weetabix Cereal 12 Pack,https://www.tesco.com/groceries/en-GB/shop/food-cupboard/all?department=Cereals&viewAll=department&page=,£2.00,£0.17/each,,,/groceries/en-GB/products/254852973,https://digitalcontent.api.tesco.com/v2/media/ghs/26078004-5321-4015-bc48-47abdafc58c9/62aab686-8dd2-4932-a0ea-7babfe8e6632_749898384.jpeg?h=225&w=225,
254897038,Ferrero Rocher 24 Pieces Boxed Chocolates 300G,https://www.tesco.com/groceries/en-GB/shop/food-cupboard/all?department=Chocolate%2C%20Sweets%2C%20Mints%20%26%20Chewing%20Gum&viewAll=department&page=,£8.50,£2.84/100g,£5.90 Clubcard Price,,/groceries/en-GB/products/254897038,https://digitalcontent.api.tesco.com/v2/media/ghs/0dd6444f-e238-4f05-a1b0-511818bb2824/55d8a2fa-7106-4770-8792-7ea7c7721c0a_1515063173.jpeg?h=225&w=225,
275027686,Cadbury Dairy Milk Chocolate Bar 360G,https://www.tesco.com/groceries/en-GB/shop/food-cupboard/all?department=Chocolate%2C%20Sweets%2C%20Mints%20%26%20Chewing%20Gum&viewAll=department&page=,£3.00,£0.83/100g,,,/groceries/en-GB/products/275027686,https://digitalcontent.api.tesco.com/v2/media/ghs/c479d6c7-5a42-4bf9-ab0c-451556038694/4a034885-5160-4d10-9156-1bd55c7bf13e_1427256244.jpeg?h=225&w=225,
300794885,Tesco Classic 74% Dark Chocolate 100G,https://www.tesco.com/groceries/en-GB/shop/food-cupboard/all?department=Chocolate%2C%20Sweets%2C%20Mints%20%26%20Chewing%20Gum&viewAll=department&page=,£1.10,£1.10/100g,,,/groceries/en-GB/products/300794885,https://digitalcontent.api.tesco.com/v2/media/ghs/e768afef-f2c7-4fd3-94dc-58852426a9da/752bd1ee-0822-4911-993e-b4725cdb93e9_318971770.jpeg?h=225&w=225,
256584906,Kinder Mini Treats 16 Pack 200G,https://www.tesco.com/groceries/en-GB/shop/food-cupboard/all?department=Chocolate%2C%20Sweets%2C%20Mints%20%26%20Chewing%20Gum&viewAll=department&page=,£2.25,£1.13/100g,,,/groceries/en-GB/products/256584906,https://digitalcontent.api.tesco.com/v2/media/ghs/0b79189b-0312-40d5-9e6e-b7890ce7190b/033caf05-f075-4fa9-a929-d60929667723.jpeg?h=225&w=225,
292215294,Cadbury Twirl Chocolate Bars 11 X 21.5G,https://www.tesco.com/groceries/en-GB/shop/food-cupboard/all?department=Chocolate%2C%20Sweets%2C%20Mints%20%26%20Chewing%20Gum&viewAll=department&page=,£2.25,£0.95/100g,,,/groceries/en-GB/products/292215294,https://digitalcontent.api.tesco.com/v2/media/ghs/cf884b48-f246-4361-ac3f-66cd30435b6b/7c7817ca-aa44-4913-995a-7c7caaaf742d_991297958.jpeg?h=225&w=225,
312232755,Quality Street Chocolate Tub 600G,https://www.tesco.com/groceries/en-GB/shop/food-cupboard/all?department=Chocolate%2C%20Sweets%2C%20Mints%20%26%20Chewing%20Gum&viewAll=department&page=,£4.00,£0.67/100g,£3.50 Clubcard Price,,/groceries/en-GB/products/312232755,https://digitalcontent.api.tesco.com/v2/media/ghs/5d23c1f3-4b2e-4a18-8bc2-3cbca74bba16/32bebf60-492e-46f1-b7a2-3589047022ee_396392944.jpeg?h=225&w=225,
302225952,Haribo Maoam Stripes 140G (R),https://www.tesco.com/groceries/en-GB/shop/food-cupboard/all?department=Chocolate%2C%20Sweets%2C%20Mints%20%26%20Chewing%20Gum&viewAll=department&page=,£1.00,£0.72/100g,Aldi Price Match,,/groceries/en-GB/products/302225952,https://digitalcontent.api.tesco.com/v2/media/ghs/6ecfaf3d-ab06-4529-a474-3d6014986685/f013491a-10c6-4639-baf6-7f563098c6fc_2006114099.jpeg?h=225&w=225,
308846294,Smarties Chocolate Multipack 4 X 34G,https://www.tesco.com/groceries/en-GB/shop/food-cupboard/all?department=Chocolate%2C%20Sweets%2C%20Mints%20%26%20Chewing%20Gum&viewAll=department&page=,£1.25,£0.92/100g,Aldi Price Match,,/groceries/en-GB/products/308846294,https://digitalcontent.api.tesco.com/v2/media/ghs/95a702b7-78a6-4589-aed4-6d079bc525df/a6b79dd0-0b95-43e1-9782-4ba7c34e487a_1944566596.jpeg?h=225&w=225,
272097278,Milkybar White Chocolate 4 Pack 100G,https://www.tesco.com/groceries/en-GB/shop/food-cupboard/all?department=Chocolate%2C%20Sweets%2C%20Mints%20%26%20Chewing%20Gum&viewAll=department&page=,£1.25,£1.25/100g,,,/groceries/en-GB/products/272097278,https://digitalcontent.api.tesco.com/v2/media/ghs/73116f6f-3706-4c04-8ed8-5eab8b00a21a/295cdf0c-e155-49d1-b167-153bd093143a.jpeg?h=225&w=225,
277971111,Squashies Drumsticks 160 G,https://www.tesco.com/groceries/en-GB/shop/food-cupboard/all?department=Chocolate%2C%20Sweets%2C%20Mints%20%26%20Chewing%20Gum&viewAll=department&page=,£0.99,£0.62/100g,Aldi Price Match,,/groceries/en-GB/products/277971111,https://digitalcontent.api.tesco.com/v2/media/ghs/9d1558d8-8027-4746-a18d-5655c28add35/02ae3f6e-9a28-43cd-bae6-e3fd9781a637_676548971.jpeg?h=225&w=225,
287853000,Snickers 4 Pack 166.8G,https://www.tesco.com/groceries/en-GB/shop/food-cupboard/all?department=Chocolate%2C%20Sweets%2C%20Mints%20%26%20Chewing%20Gum&viewAll=department&page=,£1.50,£0.90/100g,,,/groceries/en-GB/products/287853000,https://digitalcontent.api.tesco.com/v2/media/ghs/3e06124e-2f1c-44c4-aaf1-166424430a6d/37f047ba-8d62-4bdd-a6be-b675eb8bb084.jpeg?h=225&w=225,
268592982,Nestle Aero Peppermint 4 Pack 108G,https://www.tesco.com/groceries/en-GB/shop/food-cupboard/all?department=Chocolate%2C%20Sweets%2C%20Mints%20%26%20Chewing%20Gum&viewAll=department&page=,£1.25,£1.16/100g,,,/groceries/en-GB/products/268592982,https://digitalcontent.api.tesco.com/v2/media/ghs/c741dc2c-5258-4350-9d18-3a1020ee23ce/bdbaa128-a700-423f-b91a-7a9f88b3fa8e.jpeg?h=225&w=225,
304390383,Kit Kat Chunky Milk Chocolate Bar Multipack 40G 4 Pack,https://www.tesco.com/groceries/en-GB/shop/food-cupboard/all?department=Chocolate%2C%20Sweets%2C%20Mints%20%26%20Chewing%20Gum&viewAll=department&page=,£1.25,£0.78/100g,,,/groceries/en-GB/products/304390383,https://digitalcontent.api.tesco.com/v2/media/ghs/365f9c4c-6a3a-4ca9-a190-dd725767f73d/0cc23d19-a683-4eb4-8f9d-8674710d7da6_603147957.jpeg?h=225&w=225,
289880422,Nestle Lion Milk Multipack 4 X 42G,https://www.tesco.com/groceries/en-GB/shop/food-cupboard/all?department=Chocolate%2C%20Sweets%2C%20Mints%20%26%20Chewing%20Gum&viewAll=department&page=,£1.25,£0.74/100g,,,/groceries/en-GB/products/289880422,https://digitalcontent.api.tesco.com/v2/media/ghs/70c31ce5-df9c-4bb1-a681-3b3b48fc2ee8/6620f15b-3112-4a6e-9ea1-2f86f9b7d4f9_2050700210.jpeg?h=225&w=225,
308487211,Haribo Tangfastics 175G,https://www.tesco.com/groceries/en-GB/shop/food-cupboard/all?department=Chocolate%2C%20Sweets%2C%20Mints%20%26%20Chewing%20Gum&viewAll=department&page=,£1.00,£0.57/100g,Aldi Price Match,,/groceries/en-GB/products/308487211,https://digitalcontent.api.tesco.com/v2/media/ghs/ae86c39c-9129-49cf-8656-0f0d3163c489/77e3ffe2-f83e-40dc-abc6-c9ab54f158d9_750940165.jpeg?h=225&w=225,
308482395,Haribo Starmix 175G,https://www.tesco.com/groceries/en-GB/shop/food-cupboard/all?department=Chocolate%2C%20Sweets%2C%20Mints%20%26%20Chewing%20Gum&viewAll=department&page=,£1.00,£0.57/100g,Aldi Price Match,,/groceries/en-GB/products/308482395,https://digitalcontent.api.tesco.com/v2/media/ghs/0c33133f-031a-476b-baf5-5ee26c9285b7/a731dec0-1cb0-4fe3-b384-feb1d8822076_1835146234.jpeg?h=225&w=225,
257133783,Tesco Strawberry Flavour Laces 75G,https://www.tesco.com/groceries/en-GB/shop/food-cupboard/all?department=Chocolate%2C%20Sweets%2C%20Mints%20%26%20Chewing%20Gum&viewAll=department&page=,£0.50,£0.67/100g,,,/groceries/en-GB/products/257133783,https://digitalcontent.api.tesco.com/v2/media/ghs/9325f390-9141-4f4d-952a-980e80dae600/5d1eeefe-2580-44cd-bba0-6c85483b4dc5_1291463136.jpeg?h=225&w=225,
308465865,Cadbury Dairy Milk Chocolate 4 X 33.5G,https://www.tesco.com/groceries/en-GB/shop/food-cupboard/all?department=Chocolate%2C%20Sweets%2C%20Mints%20%26%20Chewing%20Gum&viewAll=department&page=,£1.25,£0.93/100g,,,/groceries/en-GB/products/308465865,https://digitalcontent.api.tesco.com/v2/media/ghs/d7b20c4b-dda3-4f33-9c0a-29caffb1b83a/73c9d71a-256d-40f5-a3ae-6753428aa75e_178031099.jpeg?h=225&w=225,
311799039,Maltesers Funsize 11 Pack 214.5G,https://www.tesco.com/groceries/en-GB/shop/food-cupboard/all?department=Chocolate%2C%20Sweets%2C%20Mints%20%26%20Chewing%20Gum&viewAll=department&page=,,,,,/groceries/en-GB/products/311799039,https://digitalcontent.api.tesco.com/v2/media/ghs/b75d0891-9032-45c2-ae2a-75cb61adb0ab/5c2bee54-b27b-41a5-9a90-6e6340727e1b.jpeg?h=225&w=225,This product's currently out of stock
287522559,Nestle Toffee Crisp 4 X 38G,https://www.tesco.com/groceries/en-GB/shop/food-cupboard/all?department=Chocolate%2C%20Sweets%2C%20Mints%20%26%20Chewing%20Gum&viewAll=department&page=,£1.25,£0.82/100g,,,/groceries/en-GB/products/287522559,https://digitalcontent.api.tesco.com/v2/media/ghs/ce9134e8-9b27-4946-bf7e-c3ee28bc3b1e/67e5153d-2e6c-4a0a-8e90-b91415d5e20d_144248335.jpeg?h=225&w=225,
285383766,Cadbury Dairy Milk Giant Buttons 119G,https://www.tesco.com/groceries/en-GB/shop/food-cupboard/all?department=Chocolate%2C%20Sweets%2C%20Mints%20%26%20Chewing%20Gum&viewAll=department&page=,£1.25,£1.06/100g,,,/groceries/en-GB/products/285383766,https://digitalcontent.api.tesco.com/v2/media/ghs/20f704c5-788a-47a5-8220-82f0a4717253/a16c2f08-76b8-4a07-a36d-c5f88285e493_1591212325.jpeg?h=225&w=225,
283787361,Cadbury Crunchie Bars 4 Pack 128G,https://www.tesco.com/groceries/en-GB/shop/food-cupboard/all?department=Chocolate%2C%20Sweets%2C%20Mints%20%26%20Chewing%20Gum&viewAll=department&page=,,,,,/groceries/en-GB/products/283787361,,This product's currently out of stock
254026955,Tesco Marshmallows 200G,https://www.tesco.com/groceries/en-GB/shop/food-cupboard/all?department=Chocolate%2C%20Sweets%2C%20Mints%20%26%20Chewing%20Gum&viewAll=department&page=,£0.85,£0.42/100g,,,/groceries/en-GB/products/254026955,,
308467039,Cadbury Boost Chocolate Multipack 4X37g,https://www.tesco.com/groceries/en-GB/shop/food-cupboard/all?department=Chocolate%2C%20Sweets%2C%20Mints%20%26%20Chewing%20Gum&viewAll=department&page=,,,,,/groceries/en-GB/products/308467039,,This product's currently out of stock
292215265,Cadbury Dairy Milk Caramel Chocolate Barsx4 148G,https://www.tesco.com/groceries/en-GB/shop/food-cupboard/all?department=Chocolate%2C%20Sweets%2C%20Mints%20%26%20Chewing%20Gum&viewAll=department&page=,£1.25,£0.84/100g,,,/groceries/en-GB/products/292215265,https://digitalcontent.api.tesco.com/v2/media/ghs/f4d1df09-7cea-4f2c-aeab-f3aa1ac63f2e/6a852be7-2a50-465e-8a7c-1bf3970411ea_80180115.jpeg?h=225&w=225,
266712758,Cadbury Twirl 4 Pack 136G,https://www.tesco.com/groceries/en-GB/shop/food-cupboard/all?department=Chocolate%2C%20Sweets%2C%20Mints%20%26%20Chewing%20Gum&viewAll=department&page=,£1.25,£0.92/100g,,,/groceries/en-GB/products/266712758,https://digitalcontent.api.tesco.com/v2/media/ghs/237d67fd-8e3b-4c9b-a4bf-74397159a7fd/1b7c5f91-278b-4823-8418-8410ef552e24.jpeg?h=225&w=225,
309753603,Cadbury Wispa Gold Chocolate 4 Pack 153.2G,https://www.tesco.com/groceries/en-GB/shop/food-cupboard/all?department=Chocolate%2C%20Sweets%2C%20Mints%20%26%20Chewing%20Gum&viewAll=department&page=,£1.25,£0.82/100g,,,/groceries/en-GB/products/309753603,https://digitalcontent.api.tesco.com/v2/media/ghs/b0c579a8-b40d-49bc-86ae-a2b35ab5f2bf/7cd75cf6-d278-414a-a82a-5d15efa751e8_1543797115.jpeg?h=225&w=225,
309465086,Cadbury Wispa Chocolate 4 Pack 111.6G,https://www.tesco.com/groceries/en-GB/shop/food-cupboard/all?department=Chocolate%2C%20Sweets%2C%20Mints%20%26%20Chewing%20Gum&viewAll=department&page=,,,,,/groceries/en-GB/products/309465086,https://digitalcontent.api.tesco.com/v2/media/ghs/3ce01a27-8742-4a33-b603-ff919b6ec345/5a6a8b36-526d-4cb3-ab69-dbcdaf0a9014.jpeg?h=225&w=225,This product's currently out of stock
287853222,Fry's Turkish Delight 3 Pack 153G,https://www.tesco.com/groceries/en-GB/shop/food-cupboard/all?department=Chocolate%2C%20Sweets%2C%20Mints%20%26%20Chewing%20Gum&viewAll=department&page=,£1.00,£0.65/100g,,,/groceries/en-GB/products/287853222,https://digitalcontent.api.tesco.com/v2/media/ghs/d164c593-7ac1-4d0a-a594-4e761c9ccacf/9e1f13d8-840f-40d8-9cdc-a5414d5f8335_621723423.jpeg?h=225&w=225,
300876950,Tesco Cosmic Whip Bars 8 X 22G,https://www.tesco.com/groceries/en-GB/shop/food-cupboard/all?department=Chocolate%2C%20Sweets%2C%20Mints%20%26%20Chewing%20Gum&viewAll=department&page=,£0.89,£0.51/100g,,,/groceries/en-GB/products/300876950,https://digitalcontent.api.tesco.com/v2/media/ghs/ef470c65-e7fe-40e3-9b97-38b69406c2b4/c88d7c3d-b08e-4294-aa48-f1d4f1105008_264808137.jpeg?h=225&w=225,
300794948,Tesco Dark Chocolate Bar 200G,https://www.tesco.com/groceries/en-GB/shop/food-cupboard/all?department=Chocolate%2C%20Sweets%2C%20Mints%20%26%20Chewing%20Gum&viewAll=department&page=,£1.00,£0.50/100g,,,/groceries/en-GB/products/300794948,https://digitalcontent.api.tesco.com/v2/media/ghs/666ce2aa-332b-494d-8a4e-d130c2e8ded4/67ad81cf-cfa0-4f14-961e-6e30dace5ba3.jpeg?h=225&w=225,
290337849,Cadbury Dairy Milk For Kids 6 Pack 108G,https://www.tesco.com/groceries/en-GB/shop/food-cupboard/all?department=Chocolate%2C%20Sweets%2C%20Mints%20%26%20Chewing%20Gum&viewAll=department&page=,£1.00,£0.93/100g,,,/groceries/en-GB/products/290337849,https://digitalcontent.api.tesco.com/v2/media/ghs/62722543-0780-4456-912b-fcba9fd7094d/44b2a5f9-0692-4167-a983-5a27ba843970_860809750.jpeg?h=225&w=225,
305829106,Maltesers Standard Pouch 102G,https://www.tesco.com/groceries/en-GB/shop/food-cupboard/all?department=Chocolate%2C%20Sweets%2C%20Mints%20%26%20Chewing%20Gum&viewAll=department&page=,£1.35,£1.33/100g,Aldi Price Match,,/groceries/en-GB/products/305829106,https://digitalcontent.api.tesco.com/v2/media/ghs/2d555f24-e539-4e59-9489-be9a503dff04/33508340-b5b0-498c-b59d-7278b177231e.jpeg?h=225&w=225,
271614896,Cadbury Dairy Milk Freddo Bars 6X18g,https://www.tesco.com/groceries/en-GB/shop/food-cupboard/all?department=Chocolate%2C%20Sweets%2C%20Mints%20%26%20Chewing%20Gum&viewAll=department&page=,£1.00,£0.93/100g,,,/groceries/en-GB/products/271614896,https://digitalcontent.api.tesco.com/v2/media/ghs/e4fcf613-c66f-47ea-b146-b8910c91804a/f5520e4d-41f7-431b-9442-53678e64a52e_789904560.jpeg?h=225&w=225,
302307699,Cadbury Heroes Tub 600G,https://www.tesco.com/groceries/en-GB/shop/food-cupboard/all?department=Chocolate%2C%20Sweets%2C%20Mints%20%26%20Chewing%20Gum&viewAll=department&page=,£4.00,£0.67/100g,£3.50 Clubcard Price,,/groceries/en-GB/products/302307699,https://digitalcontent.api.tesco.com/v2/media/ghs/b857f557-e973-49a5-a1b8-2dfed0647fef/a9ec5964-119d-4053-bed5-d1089495e6e9_12234125.jpeg?h=225&w=225,
306826183,Cadbury Freddo Selection Box 135G,https://www.tesco.com/groceries/en-GB/shop/food-cupboard/all?department=Chocolate%2C%20Sweets%2C%20Mints%20%26%20Chewing%20Gum&viewAll=department&page=,£1.50,£1.12/100g,£1.25 Clubcard Price,,/groceries/en-GB/products/306826183,https://digitalcontent.api.tesco.com/v2/media/ghs/0db80ca4-d385-44de-90ca-0abce84373d0/e4d87cf3-ecab-46b5-bdc8-3cad4e163981_880293519.jpeg?h=225&w=225,
300792887,Tesco Milk Chocolate Peanut 200G,https://www.tesco.com/groceries/en-GB/shop/food-cupboard/all?department=Chocolate%2C%20Sweets%2C%20Mints%20%26%20Chewing%20Gum&viewAll=department&page=,£0.85,£0.42/100g,,,/groceries/en-GB/products/300792887,https://digitalcontent.api.tesco.com/v2/media/ghs/171f22e0-185c-4817-bacc-3957a603a5a2/3b99fe1d-3239-4c30-a44b-f6a62865e0dd_1736935514.jpeg?h=225&w=225,
300792956,Tesco Milk Chocolate Raisins 200G,https://www.tesco.com/groceries/en-GB/shop/food-cupboard/all?department=Chocolate%2C%20Sweets%2C%20Mints%20%26%20Chewing%20Gum&viewAll=department&page=,£0.85,£0.42/100g,,,/groceries/en-GB/products/300792956,https://digitalcontent.api.tesco.com/v2/media/ghs/50e8c64b-3868-4541-9da9-cb3f6441c7d2/92381d2c-6bd6-47d5-a4e5-dea4692ac8e2_219716022.jpeg?h=225&w=225,
259547405,Swizzels Giant Love Hearts 39G (C),https://www.tesco.com/groceries/en-GB/shop/food-cupboard/all?department=Chocolate%2C%20Sweets%2C%20Mints%20%26%20Chewing%20Gum&viewAll=department&page=,£0.20,£0.51/100g,,,/groceries/en-GB/products/259547405,https://digitalcontent.api.tesco.com/v2/media/ghs/a9fd6cb1-3964-4105-ab3e-8d53f7b61e25/5e444859-04a6-475c-af1a-58629725607a_657943670.jpeg?h=225&w=225,
300876915,Tesco Dreamy Caramel Bars 6 X 40G,https://www.tesco.com/groceries/en-GB/shop/food-cupboard/all?department=Chocolate%2C%20Sweets%2C%20Mints%20%26%20Chewing%20Gum&viewAll=department&page=,£0.89,£0.37/100g,,,/groceries/en-GB/products/300876915,https://digitalcontent.api.tesco.com/v2/media/ghs/34722786-0684-458d-84c1-f4c8e4cee566/snapshotimagehandler_369683623.jpeg?h=225&w=225,
302294448,Cadbury Roses Tub 600G,https://www.tesco.com/groceries/en-GB/shop/food-cupboard/all?department=Chocolate%2C%20Sweets%2C%20Mints%20%26%20Chewing%20Gum&viewAll=department&page=,£4.00,£0.67/100g,£3.50 Clubcard Price,,/groceries/en-GB/products/302294448,https://digitalcontent.api.tesco.com/v2/media/ghs/17343773-3090-4e6c-9394-05010df03790/ab5f795d-9044-4a0f-bdb0-2663ead7b325_881182117.jpeg?h=225&w=225,
300876938,Tesco Nutty Nougat Caramel Bars 6 X 40G,https://www.tesco.com/groceries/en-GB/shop/food-cupboard/all?department=Chocolate%2C%20Sweets%2C%20Mints%20%26%20Chewing%20Gum&viewAll=department&page=,£0.89,£0.37/100g,,,/groceries/en-GB/products/300876938,https://digitalcontent.api.tesco.com/v2/media/ghs/14371109-3f70-4a1d-bf2a-2a3a3f0ff1de/1253002d-dacb-4c26-9aee-cede2d523399_1444692045.jpeg?h=225&w=225,
300795072,Ms Molly's Milk Chocolate Bar 100G,https://www.tesco.com/groceries/en-GB/shop/food-cupboard/all?department=Chocolate%2C%20Sweets%2C%20Mints%20%26%20Chewing%20Gum&viewAll=department&page=,£0.33,£0.33/100g,Aldi Price Match,,/groceries/en-GB/products/300795072,https://digitalcontent.api.tesco.com/v2/media/ghs/78508d84-822e-4ffe-a4b1-e69b1b53ee62/39a51de5-6d9a-41c0-87ae-7f4afe6383e3_877998752.jpeg?h=225&w=225,
300795095,Ms Molly's Dark Chocolate Bar 100G,https://www.tesco.com/groceries/en-GB/shop/food-cupboard/all?department=Chocolate%2C%20Sweets%2C%20Mints%20%26%20Chewing%20Gum&viewAll=department&page=,£0.33,£0.33/100g,Aldi Price Match,,/groceries/en-GB/products/300795095,https://digitalcontent.api.tesco.com/v2/media/ghs/47f52de1-a341-428b-bdf8-87a421669e33/5c518445-f65c-48fe-b209-7e4d611ae253_88259723.jpeg?h=225&w=225,
300795187,Ms Molly's White Chocolate Bar 100G,https://www.tesco.com/groceries/en-GB/shop/food-cupboard/all?department=Chocolate%2C%20Sweets%2C%20Mints%20%26%20Chewing%20Gum&viewAll=department&page=,,,,,/groceries/en-GB/products/300795187,https://digitalcontent.api.tesco.com/v2/media/ghs/9a830ec1-2d0f-46c8-8ec9-8fa3ca209814/672da36b-048b-48bb-8316-5d579d2d07cb_71016568.jpeg?h=225&w=225,This product's currently out of stock
293749766,Terry's Chocolate Orange Milk Chocolate Box 157G,https://www.tesco.com/groceries/en-GB/shop/food-cupboard/all?department=Chocolate%2C%20Sweets%2C%20Mints%20%26%20Chewing%20Gum&viewAll=department&page=,£1.00,£0.64/100g,,,/groceries/en-GB/products/293749766,https://digitalcontent.api.tesco.com/v2/media/ghs/933d27ef-791d-4eba-8be9-57c85095467d/e3c05d8e-3be7-4e40-ba02-c3bdb31c2828_1724152965.jpeg?h=225&w=225,
300917389,Celebrations Tub 650G,https://www.tesco.com/groceries/en-GB/shop/food-cupboard/all?department=Chocolate%2C%20Sweets%2C%20Mints%20%26%20Chewing%20Gum&viewAll=department&page=,£4.00,£0.62/100g,£3.50 Clubcard Price,,/groceries/en-GB/products/300917389,,
250265770,Lindt Lindor Milk Chocolate Truffles Carton 200G,https://www.tesco.com/groceries/en-GB/shop/food-cupboard/all?department=Chocolate%2C%20Sweets%2C%20Mints%20%26%20Chewing%20Gum&viewAll=department&page=,£5.50,£2.75/100g,£4.00 Clubcard Price,,/groceries/en-GB/products/250265770,,
303670376,Green & Blacks Organic Dark 85% Chocolate 90G,https://www.tesco.com/groceries/en-GB/shop/food-cupboard/all?department=Chocolate%2C%20Sweets%2C%20Mints%20%26%20Chewing%20Gum&viewAll=department&page=,£2.00,£2.23/100g,,,/groceries/en-GB/products/303670376,https://digitalcontent.api.tesco.com/v2/media/ghs/98749ae1-5da2-4df9-bb2d-07ef0e7987e0/50b9fa53-ea0a-414b-9115-2b917b403ffe_229340672.jpeg?h=225&w=225,
303670278,Green & Blacks Organic Dark 70% Chocolate 90G,https://www.tesco.com/groceries/en-GB/shop/food-cupboard/all?department=Chocolate%2C%20Sweets%2C%20Mints%20%26%20Chewing%20Gum&viewAll=department&page=,£2.00,£2.23/100g,,,/groceries/en-GB/products/303670278,https://digitalcontent.api.tesco.com/v2/media/ghs/8f80a87e-85f0-4bb2-9bb1-99dce26aefdf/d4fbd789-61ba-4523-bac7-97d4a14b1dca_1527478533.jpeg?h=225&w=225,
252204546,After Eight Mint Dark Chocolate Box 300G,https://www.tesco.com/groceries/en-GB/shop/food-cupboard/all?department=Chocolate%2C%20Sweets%2C%20Mints%20%26%20Chewing%20Gum&viewAll=department&page=,£2.50,£0.83/100g,,,/groceries/en-GB/products/252204546,https://digitalcontent.api.tesco.com/v2/media/ghs/53d8bde2-0b9a-4570-b45e-96b48e163b9d/bf43b4d7-4955-4267-9a32-3106fc889732_1034621043.jpeg?h=225&w=225,
302275689,Maltesers Gift Box 310G,https://www.tesco.com/groceries/en-GB/shop/food-cupboard/all?department=Chocolate%2C%20Sweets%2C%20Mints%20%26%20Chewing%20Gum&viewAll=department&page=,£3.50,£1.13/100g,,,/groceries/en-GB/products/302275689,https://digitalcontent.api.tesco.com/v2/media/ghs/0dc6a2f9-efda-4efd-8275-3629b521bd2c/43b0ce2a-3702-4803-a42d-98c214455e6d_1261348589.jpeg?h=225&w=225,
280825108,Celebrations Carton 240G,https://www.tesco.com/groceries/en-GB/shop/food-cupboard/all?department=Chocolate%2C%20Sweets%2C%20Mints%20%26%20Chewing%20Gum&viewAll=department&page=,£3.00,£1.25/100g,,,/groceries/en-GB/products/280825108,https://digitalcontent.api.tesco.com/v2/media/ghs/a55e36a6-8e02-46ea-b63f-9b6cfdae6c40/64df4c54-2fcc-4f1d-bff9-bf8416bd3348_2116193148.jpeg?h=225&w=225,
292573715,Kit Kat Milk Chocolate Bar 4 Finger 41.5G X 8 Pack,https://www.tesco.com/groceries/en-GB/shop/food-cupboard/all?department=Chocolate%2C%20Sweets%2C%20Mints%20%26%20Chewing%20Gum&viewAll=department&page=,,,,,/groceries/en-GB/products/292573715,https://digitalcontent.api.tesco.com/v2/media/ghs/262a6bad-875f-4640-93f4-cd2a206036cf/d9ba76fb-54c6-40d6-a11b-9ce8bc50f880_721467320.jpeg?h=225&w=225,This product's currently out of stock
300794902,Tesco Intense Dark Chocolate Bar 100G,https://www.tesco.com/groceries/en-GB/shop/food-cupboard/all?department=Chocolate%2C%20Sweets%2C%20Mints%20%26%20Chewing%20Gum&viewAll=department&page=,£1.10,£1.10/100g,,,/groceries/en-GB/products/300794902,https://digitalcontent.api.tesco.com/v2/media/ghs/b84057a7-f672-48a1-b1f9-5d67ea96716f/957e605b-450f-4419-9d36-2ece01e7d75b_1737077214.jpeg?h=225&w=225,
309771339,Cadbury Wispa Chocolate 10 Pack 237G,https://www.tesco.com/groceries/en-GB/shop/food-cupboard/all?department=Chocolate%2C%20Sweets%2C%20Mints%20%26%20Chewing%20Gum&viewAll=department&page=,,,,,/groceries/en-GB/products/309771339,https://digitalcontent.api.tesco.com/v2/media/ghs/b1a83f75-17cb-4d56-93f4-1bab49f1cc30/19c8afca-e6e9-4eb9-8f01-5b26110f3081.jpeg?h=225&w=225,This product's currently out of stock
307147005,Cadbury Milk Chocolate Giant Buttons Share Bag 240G,https://www.tesco.com/groceries/en-GB/shop/food-cupboard/all?department=Chocolate%2C%20Sweets%2C%20Mints%20%26%20Chewing%20Gum&viewAll=department&page=,£2.00,£0.83/100g,,,/groceries/en-GB/products/307147005,https://digitalcontent.api.tesco.com/v2/media/ghs/853e6eac-9d6f-4472-a2c6-bbe2248c654c/853ad0e9-ac50-4b10-ac77-879138d55a35_968795853.jpeg?h=225&w=225,
277531004,Milkyway 6 Pack 129G,https://www.tesco.com/groceries/en-GB/shop/food-cupboard/all?department=Chocolate%2C%20Sweets%2C%20Mints%20%26%20Chewing%20Gum&viewAll=department&page=,£1.50,£1.17/100g,,,/groceries/en-GB/products/277531004,https://digitalcontent.api.tesco.com/v2/media/ghs/fd2ddd21-6deb-4ba0-9a4d-c4e63ab347b7/d9456e75-dc42-49f6-aae1-6efab663c266_127599556.jpeg?h=225&w=225,
311427757,Swizzels Scrumptious Sweets 173G,https://www.tesco.com/groceries/en-GB/shop/food-cupboard/all?department=Chocolate%2C%20Sweets%2C%20Mints%20%26%20Chewing%20Gum&viewAll=department&page=,£0.99,£0.57/100g,Aldi Price Match,,/groceries/en-GB/products/311427757,https://digitalcontent.api.tesco.com/v2/media/ghs/4cc95fb4-dc06-49ac-9a77-1eee700d6d2b/70822631-85d0-4d74-8fc9-0e226f9a4bc8.jpeg?h=225&w=225,
288912338,Mars Twix 4 Pack (Twin) 160G,https://www.tesco.com/groceries/en-GB/shop/food-cupboard/all?department=Chocolate%2C%20Sweets%2C%20Mints%20%26%20Chewing%20Gum&viewAll=department&page=,£1.50,£0.94/100g,,,/groceries/en-GB/products/288912338,https://digitalcontent.api.tesco.com/v2/media/ghs/d2fb856b-f039-43c4-89f6-cc0bcd0d33fc/8cc529a8-4fce-42b7-99b2-3eaf07b61f2d_1953909855.jpeg?h=225&w=225,
286616442,Yorkie Milk Multi Pack 138G,https://www.tesco.com/groceries/en-GB/shop/food-cupboard/all?department=Chocolate%2C%20Sweets%2C%20Mints%20%26%20Chewing%20Gum&viewAll=department&page=,£1.25,£0.91/100g,,,/groceries/en-GB/products/286616442,https://digitalcontent.api.tesco.com/v2/media/ghs/76c178f7-b532-411a-bf46-00239fdbefd6/173ec994-aa71-41e3-83bc-0770cfa50b93_12342889.jpeg?h=225&w=225,
302225877,Haribo Maoam Joystixx 140G (R),https://www.tesco.com/groceries/en-GB/shop/food-cupboard/all?department=Chocolate%2C%20Sweets%2C%20Mints%20%26%20Chewing%20Gum&viewAll=department&page=,£1.00,£0.72/100g,Aldi Price Match,,/groceries/en-GB/products/302225877,https://digitalcontent.api.tesco.com/v2/media/ghs/1eeb8061-8ce6-464b-ad76-2f825171d8d5/c4575add-b1c6-4dbc-8f84-a43ea255a01c_1161934699.jpeg?h=225&w=225,
268379158,Tesco Sweet Shop Mint Humbugs 200G,https://www.tesco.com/groceries/en-GB/shop/food-cupboard/all?department=Chocolate%2C%20Sweets%2C%20Mints%20%26%20Chewing%20Gum&viewAll=department&page=,£0.85,£0.42/100g,,,/groceries/en-GB/products/268379158,https://digitalcontent.api.tesco.com/v2/media/ghs/d4083026-8f14-4718-8c4c-360d32138c82/cc046f91-5faa-45c4-9b45-f262fe375c6a_495741606.jpeg?h=225&w=225,
292573934,Kit Kat Milk Chocolate 4 Pack Multipack 4 X 41.5G,https://www.tesco.com/groceries/en-GB/shop/food-cupboard/all?department=Chocolate%2C%20Sweets%2C%20Mints%20%26%20Chewing%20Gum&viewAll=department&page=,,,,,/groceries/en-GB/products/292573934,https://digitalcontent.api.tesco.com/v2/media/ghs/49995364-34f9-4b2f-a44f-35543a8a056f/cb239062-7bdf-4540-aaa1-b91ea05036b1_1773123432.jpeg?h=225&w=225,This product's currently out of stock
308495309,Rowntrees Vegan Fruit Pastilles 4X42.8G,https://www.tesco.com/groceries/en-GB/shop/food-cupboard/all?department=Chocolate%2C%20Sweets%2C%20Mints%20%26%20Chewing%20Gum&viewAll=department&page=,£1.00,£0.58/100g,,,/groceries/en-GB/products/308495309,https://digitalcontent.api.tesco.com/v2/media/ghs/11bccbc4-a329-45a5-9bae-43b7400a39c6/c2fddf3a-063b-4e65-9d7f-30e506f42bbd_1007445226.jpeg?h=225&w=225,
254891246,Kinder Chocolate 8 Pack 100G,https://www.tesco.com/groceries/en-GB/shop/food-cupboard/all?department=Chocolate%2C%20Sweets%2C%20Mints%20%26%20Chewing%20Gum&viewAll=department&page=,£1.25,£1.25/100g,,,/groceries/en-GB/products/254891246,https://digitalcontent.api.tesco.com/v2/media/ghs/54f722b3-f11c-44ab-be61-247816a616e0/f2583fbd-8cac-4098-ae3f-f2fbcd7caa28_1154431175.jpeg?h=225&w=225,
289149439,Cadbury Chocolate Eclairs 166G,https://www.tesco.com/groceries/en-GB/shop/food-cupboard/all?department=Chocolate%2C%20Sweets%2C%20Mints%20%26%20Chewing%20Gum&viewAll=department&page=,£1.00,£0.60/100g,,,/groceries/en-GB/products/289149439,https://digitalcontent.api.tesco.com/v2/media/ghs/f4725b58-7958-4aed-864f-ec886ad8b72e/66e78315-fb21-449d-9374-58043da74c77_1958139086.jpeg?h=225&w=225,
292086111,Rowntrees Jelly Tots Pouch Bag 150G,https://www.tesco.com/groceries/en-GB/shop/food-cupboard/all?department=Chocolate%2C%20Sweets%2C%20Mints%20%26%20Chewing%20Gum&viewAll=department&page=,£0.89,£0.59/100g,,,/groceries/en-GB/products/292086111,https://digitalcontent.api.tesco.com/v2/media/ghs/98ca5e3d-78e4-4913-a68d-a9e1ec5911c2/f06cba6c-c41b-4d17-b7b8-83d30c1ffe16_269037426.jpeg?h=225&w=225,
311272207,Cadbury Dairy Milk Chocolate 180G,https://www.tesco.com/groceries/en-GB/shop/food-cupboard/all?department=Chocolate%2C%20Sweets%2C%20Mints%20%26%20Chewing%20Gum&viewAll=department&page=,£1.75,£0.97/100g,,,/groceries/en-GB/products/311272207,https://digitalcontent.api.tesco.com/v2/media/ghs/a9b64026-5ad5-4e91-94ba-ca21223ce72f/afcd57f1-376e-413f-9970-783624f1bfe3_2073434731.jpeg?h=225&w=225,
311433867,Cadbury Dairy Milk Fruit & Nut Chocolate 180G,https://www.tesco.com/groceries/en-GB/shop/food-cupboard/all?department=Chocolate%2C%20Sweets%2C%20Mints%20%26%20Chewing%20Gum&viewAll=department&page=,£1.75,£0.97/100g,,,/groceries/en-GB/products/311433867,,
308473498,Rowntrees Vegan Fruit Pastilles 143G,https://www.tesco.com/groceries/en-GB/shop/food-cupboard/all?department=Chocolate%2C%20Sweets%2C%20Mints%20%26%20Chewing%20Gum&viewAll=department&page=,£0.89,£0.62/100g,Aldi Price Match,,/groceries/en-GB/products/308473498,,
307740610,Haribo Supermix Fruit Milk & Sweet Foam Gums 175G,https://www.tesco.com/groceries/en-GB/shop/food-cupboard/all?department=Chocolate%2C%20Sweets%2C%20Mints%20%26%20Chewing%20Gum&viewAll=department&page=,£1.00,£0.57/100g,Aldi Price Match,,/groceries/en-GB/products/307740610,,
257679200,Kinder Bueno Milk & Hazelnut 4 Pack 172G,https://www.tesco.com/groceries/en-GB/shop/food-cupboard/all?department=Chocolate%2C%20Sweets%2C%20Mints%20%26%20Chewing%20Gum&viewAll=department&page=,£1.85,£1.08/100g,Aldi Price Match,,/groceries/en-GB/products/257679200,https://digitalcontent.api.tesco.com/v2/media/ghs/3b6a109c-c741-4e43-9205-9e457e5f7c0f/cf4c9ded-9acb-409f-9645-79dd9656e73d.jpeg?h=225&w=225,
257133685,Tesco Fizzy Strawberry Flavour Lances 75G,https://www.tesco.com/groceries/en-GB/shop/food-cupboard/all?department=Chocolate%2C%20Sweets%2C%20Mints%20%26%20Chewing%20Gum&viewAll=department&page=,,,,,/groceries/en-GB/products/257133685,https://digitalcontent.api.tesco.com/v2/media/ghs/dae3c2df-4dd3-4d49-bb80-0b5aa001c14e/47ee5517-9154-4b15-96e8-df72cfadb5eb.jpeg?h=225&w=225,This product's currently out of stock
266712643,Cadbury Flake 4 Pack 102G,https://www.tesco.com/groceries/en-GB/shop/food-cupboard/all?department=Chocolate%2C%20Sweets%2C%20Mints%20%26%20Chewing%20Gum&viewAll=department&page=,£1.25,£1.23/100g,,,/groceries/en-GB/products/266712643,https://digitalcontent.api.tesco.com/v2/media/ghs/6c2d7a26-5d76-4f47-9c49-eb877cae0c6d/c3cabbd0-d286-48e5-a3f5-5bb37b3e8877_592203626.jpeg?h=225&w=225,
311259685,Skittles Fruits Sweets Pouch 152G,https://www.tesco.com/groceries/en-GB/shop/food-cupboard/all?department=Chocolate%2C%20Sweets%2C%20Mints%20%26%20Chewing%20Gum&viewAll=department&page=,£0.99,£0.65/100g,Aldi Price Match,,/groceries/en-GB/products/311259685,https://digitalcontent.api.tesco.com/v2/media/ghs/54314601-00f6-476b-bcea-eda64c218d6a/2cb6d8a1-1a03-42d6-b884-8515904d4500_1972191868.jpeg?h=225&w=225,
284117451,Cadbury Dairy Milk 110G,https://www.tesco.com/groceries/en-GB/shop/food-cupboard/all?department=Chocolate%2C%20Sweets%2C%20Mints%20%26%20Chewing%20Gum&viewAll=department&page=,£1.25,£1.14/100g,Aldi Price Match,,/groceries/en-GB/products/284117451,https://digitalcontent.api.tesco.com/v2/media/ghs/1eaa398d-54c6-442a-a9ca-7d375fa37682/2dbe1607-b217-401d-81a3-54d85472aaeb.jpeg?h=225&w=225,
272431350,Bounty 4 X 57G,https://www.tesco.com/groceries/en-GB/shop/food-cupboard/all?department=Chocolate%2C%20Sweets%2C%20Mints%20%26%20Chewing%20Gum&viewAll=department&page=,£1.50,£0.66/100g,,,/groceries/en-GB/products/272431350,https://digitalcontent.api.tesco.com/v2/media/ghs/cef3a188-9d0c-4d2c-a341-efe608497e86/59edad96-df00-4614-a5bb-21d0733d4882_1949825012.jpeg?h=225&w=225,
259595923,Tesco Milk Chocolate Buttons 70G,https://www.tesco.com/groceries/en-GB/shop/food-cupboard/all?department=Chocolate%2C%20Sweets%2C%20Mints%20%26%20Chewing%20Gum&viewAll=department&page=,£0.50,£0.72/100g,,,/groceries/en-GB/products/259595923,https://digitalcontent.api.tesco.com/v2/media/ghs/63216443-2563-4dd6-bc50-866ba43ca929/8f60b872-14d6-4387-bcb7-60ed318652e9_1813301886.jpeg?h=225&w=225,
262842604,Galaxy Ripple 4 Pack 132G,https://www.tesco.com/groceries/en-GB/shop/food-cupboard/all?department=Chocolate%2C%20Sweets%2C%20Mints%20%26%20Chewing%20Gum&viewAll=department&page=,,,,,/groceries/en-GB/products/262842604,https://digitalcontent.api.tesco.com/v2/media/ghs/31bfd128-9196-426f-8be8-c8c456f7f76e/c2a969b9-bc4e-40bb-b846-ae197b41c1f9_1605160875.jpeg?h=225&w=225,This product's currently out of stock
280135882,Toffifee Box 100G,https://www.tesco.com/groceries/en-GB/shop/food-cupboard/all?department=Chocolate%2C%20Sweets%2C%20Mints%20%26%20Chewing%20Gum&viewAll=department&page=,£0.99,£0.99/100g,,,/groceries/en-GB/products/280135882,https://digitalcontent.api.tesco.com/v2/media/ghs/e8248e6e-865a-4bcf-9172-ea58a43fbc21/8450ea04-5c8a-41dd-82d3-5de7a1e8346c_1847563878.jpeg?h=225&w=225,
311693587,Tesco Dark Chocolate Mint Thins 180G,https://www.tesco.com/groceries/en-GB/shop/food-cupboard/all?department=Chocolate%2C%20Sweets%2C%20Mints%20%26%20Chewing%20Gum&viewAll=department&page=,£1.00,£0.56/100g,,,/groceries/en-GB/products/311693587,https://digitalcontent.api.tesco.com/v2/media/ghs/ab25c9b0-f217-43f6-a03e-2190e26c7737/d59fdc51-8bd3-4721-8334-4fe58ddfb191_196229052.jpeg?h=225&w=225,
266403370,Werther's Original Butter Candies 135G,https://www.tesco.com/groceries/en-GB/shop/food-cupboard/all?department=Chocolate%2C%20Sweets%2C%20Mints%20%26%20Chewing%20Gum&viewAll=department&page=,£0.97,£0.72/100g,Aldi Price Match,,/groceries/en-GB/products/266403370,https://digitalcontent.api.tesco.com/v2/media/ghs/5ee1f724-de56-48ed-85cb-fc62c2d60035/936e787e-b2e8-4eca-b0ac-5d7d1ac3c65c_1514961102.jpeg?h=225&w=225,
300228255,Galaxy Milk 110G,https://www.tesco.com/groceries/en-GB/shop/food-cupboard/all?department=Chocolate%2C%20Sweets%2C%20Mints%20%26%20Chewing%20Gum&viewAll=department&page=,,,,,/groceries/en-GB/products/300228255,https://digitalcontent.api.tesco.com/v2/media/ghs/bef41452-3c5a-4f40-9c6e-0e0c00c377fb/a6592ad6-1180-4ce2-abdc-e5c5a6ad8114_1971905652.jpeg?h=225&w=225,This product's currently out of stock
301736838,Quality Street Mint Matchmakers 120G,https://www.tesco.com/groceries/en-GB/shop/food-cupboard/all?department=Chocolate%2C%20Sweets%2C%20Mints%20%26%20Chewing%20Gum&viewAll=department&page=,£1.25,£1.05/100g,,,/groceries/en-GB/products/301736838,https://digitalcontent.api.tesco.com/v2/media/ghs/da6b1b7e-baca-474d-9bd7-efa174764334/92f16b7b-e0c2-4088-98f5-4b67b2d9ceba_1233414781.jpeg?h=225&w=225,
275341411,Cadbury Freddo 18G,https://www.tesco.com/groceries/en-GB/shop/food-cupboard/all?department=Chocolate%2C%20Sweets%2C%20Mints%20%26%20Chewing%20Gum&viewAll=department&page=,£0.25,£1.39/100g,,,/groceries/en-GB/products/275341411,https://digitalcontent.api.tesco.com/v2/media/ghs/94079d3a-a68e-4889-953b-71105815d04f/f04cf726-511f-48c6-a4f8-bc4b5c9a9d89_130114808.jpeg?h=225&w=225,
266724669,Nestle Milk Chocolate Animal Bar Single,https://www.tesco.com/groceries/en-GB/shop/food-cupboard/all?department=Chocolate%2C%20Sweets%2C%20Mints%20%26%20Chewing%20Gum&viewAll=department&page=,£0.25,£1.32/100g,,,/groceries/en-GB/products/266724669,https://digitalcontent.api.tesco.com/v2/media/ghs/ac22a2ea-c522-45e2-9871-61186986ddac/cd8a997f-2d4a-47ad-ab46-843ee2ea0c73_477204144.jpeg?h=225&w=225,
250321992,Maltesers Large Pouch 175G,https://www.tesco.com/groceries/en-GB/shop/food-cupboard/all?department=Chocolate%2C%20Sweets%2C%20Mints%20%26%20Chewing%20Gum&viewAll=department&page=,,,,,/groceries/en-GB/products/250321992,https://digitalcontent.api.tesco.com/v2/media/ghs/bb146efa-57cb-48bc-8fbf-afe982d1ccb2/7dc67d4e-eec9-48d8-a7cd-8da0cdc7d9a5_522382508.jpeg?h=225&w=225,This product's currently out of stock
297746072,Maynards Bassetts Jelly Babies 400G,https://www.tesco.com/groceries/en-GB/shop/food-cupboard/all?department=Chocolate%2C%20Sweets%2C%20Mints%20%26%20Chewing%20Gum&viewAll=department&page=,£3.00,£0.75/100g,£1.50 Clubcard Price,,/groceries/en-GB/products/297746072,https://digitalcontent.api.tesco.com/v2/media/ghs/2d3a6963-3629-4e09-a718-c5694c9fc9d8/db35d24f-7c1d-4002-b3a9-8cfbc4a47431_1626792340.jpeg?h=225&w=225,
280036005,Galaxy Milk 4 Pack 168 G,https://www.tesco.com/groceries/en-GB/shop/food-cupboard/all?department=Chocolate%2C%20Sweets%2C%20Mints%20%26%20Chewing%20Gum&viewAll=department&page=,,,,,/groceries/en-GB/products/280036005,https://digitalcontent.api.tesco.com/v2/media/ghs/52ad2463-a729-4f8f-910d-370acb64fbc2/56a2403f-ccf5-45d7-b16a-b687bc96c1d7_429341706.jpeg?h=225&w=225,This product's currently out of stock
279782677,Wrigleys Extra Peppermint Gum Bottle 60 Pieces,https://www.tesco.com/groceries/en-GB/shop/food-cupboard/all?department=Chocolate%2C%20Sweets%2C%20Mints%20%26%20Chewing%20Gum&viewAll=department&page=,£2.60,£3.10/100g,,,/groceries/en-GB/products/279782677,https://digitalcontent.api.tesco.com/v2/media/ghs/3a347413-261e-4b7a-9823-0edf4a050470/24d92c0f-b656-4e7f-b6ef-a6e5ca867f4d_761509867.jpeg?h=225&w=225,
259301725,Lindt Excellence Dark 70% Cocoa Chocolate Bar 100G,https://www.tesco.com/groceries/en-GB/shop/food-cupboard/all?department=Chocolate%2C%20Sweets%2C%20Mints%20%26%20Chewing%20Gum&viewAll=department&page=,£2.10,£2.10/100g,,,/groceries/en-GB/products/259301725,,
307161304,Kinder Cards Biscuit Wafers 8 X 12.8G,https://www.tesco.com/groceries/en-GB/shop/food-cupboard/all?department=Chocolate%2C%20Sweets%2C%20Mints%20%26%20Chewing%20Gum&viewAll=department&page=,£1.80,£1.76/100g,,,/groceries/en-GB/products/307161304,,
306503489,Maltesers Milk Chocolate Box 110G,https://www.tesco.com/groceries/en-GB/shop/food-cupboard/all?department=Chocolate%2C%20Sweets%2C%20Mints%20%26%20Chewing%20Gum&viewAll=department&page=,£1.65,£1.50/100g,,,/groceries/en-GB/products/306503489,,
311952584,Tesco Chocolate Orange Truffles 148G,https://www.tesco.com/groceries/en-GB/shop/food-cupboard/all?department=Chocolate%2C%20Sweets%2C%20Mints%20%26%20Chewing%20Gum&viewAll=department&page=,£3.50,£2.37/100g,£3.00 Clubcard Price,,/groceries/en-GB/products/311952584,,
268046126,Trebor Extra Strong Peppermint 4 Pack 165G,https://www.tesco.com/groceries/en-GB/shop/food-cupboard/all?department=Chocolate%2C%20Sweets%2C%20Mints%20%26%20Chewing%20Gum&viewAll=department&page=,£1.30,£0.79/100g,,,/groceries/en-GB/products/268046126,,
308453643,Cadbury Dairy Milk Multipack 10X27.2G,https://www.tesco.com/groceries/en-GB/shop/food-cupboard/all?department=Chocolate%2C%20Sweets%2C%20Mints%20%26%20Chewing%20Gum&viewAll=department&page=,£2.25,£0.83/100g,,,/groceries/en-GB/products/308453643,https://digitalcontent.api.tesco.com/v2/media/ghs/f4d40f73-f77b-439e-8c6f-4069077451bc/116d0971-1e78-48db-9d8c-f07a5f032819_908411589.jpeg?h=225&w=225,
297057651,Lindt Lindor Milk Chocolate 4X25g,https://www.tesco.com/groceries/en-GB/shop/food-cupboard/all?department=Chocolate%2C%20Sweets%2C%20Mints%20%26%20Chewing%20Gum&viewAll=department&page=,£2.00,£2.00/100g,£1.50 Clubcard Price,,/groceries/en-GB/products/297057651,https://digitalcontent.api.tesco.com/v2/media/ghs/e7038235-b0a2-47e4-a8f1-01e5acd2c980/7706ee89-7bc7-4955-89f0-cfd86e122417_845644979.jpeg?h=225&w=225,
311270359,Cadbury Marvellous Creations Dairy Milk Chocolate Bar 160G,https://www.tesco.com/groceries/en-GB/shop/food-cupboard/all?department=Chocolate%2C%20Sweets%2C%20Mints%20%26%20Chewing%20Gum&viewAll=department&page=,£1.75,£1.10/100g,,,/groceries/en-GB/products/311270359,https://digitalcontent.api.tesco.com/v2/media/ghs/d55b298e-383a-4cbd-9a27-582b9ff600b0/c67688d7-3bd5-49bf-b105-4276fe62ceba_1296401348.jpeg?h=225&w=225,
311780781,Swizzels Luscious Lollies 176G,https://www.tesco.com/groceries/en-GB/shop/food-cupboard/all?department=Chocolate%2C%20Sweets%2C%20Mints%20%26%20Chewing%20Gum&viewAll=department&page=,£0.99,£0.56/100g,Aldi Price Match,,/groceries/en-GB/products/311780781,https://digitalcontent.api.tesco.com/v2/media/ghs/3c99fe6e-0fc2-4e65-8778-7aa6d8a03ed4/996e7160-a7ba-44a7-b781-a8302c7d1878_263057459.jpeg?h=225&w=225,
311445194,Swizzels Curious Chews 171G,https://www.tesco.com/groceries/en-GB/shop/food-cupboard/all?department=Chocolate%2C%20Sweets%2C%20Mints%20%26%20Chewing%20Gum&viewAll=department&page=,£0.99,£0.58/100g,,,/groceries/en-GB/products/311445194,https://digitalcontent.api.tesco.com/v2/media/ghs/0ca5f48d-ee77-4775-add3-88ab0279b677/4286df2d-47b8-43d6-8632-591c6a59034c_318840688.jpeg?h=225&w=225,
287852905,Mars 4 Pack 157.6G,https://www.tesco.com/groceries/en-GB/shop/food-cupboard/all?department=Chocolate%2C%20Sweets%2C%20Mints%20%26%20Chewing%20Gum&viewAll=department&page=,£1.50,£0.95/100g,,,/groceries/en-GB/products/287852905,https://digitalcontent.api.tesco.com/v2/media/ghs/3c209ac8-3b60-4f35-b007-81ab618b73ea/df4d02a4-1521-4afc-a004-986c2aca73d3_1531439805.jpeg?h=225&w=225,
286265409,Cadbury Bournville Bar 180G,https://www.tesco.com/groceries/en-GB/shop/food-cupboard/all?department=Chocolate%2C%20Sweets%2C%20Mints%20%26%20Chewing%20Gum&viewAll=department&page=,£1.75,£0.97/100g,,,/groceries/en-GB/products/286265409,https://digitalcontent.api.tesco.com/v2/media/ghs/b27e23fb-2be2-4133-a206-77dcc44b2ffc/d46c9c24-8e68-4356-9f44-6608c2853092_1001950498.jpeg?h=225&w=225,
265046131,Nestle Aero Milk 4 Pack 108G,https://www.tesco.com/groceries/en-GB/shop/food-cupboard/all?department=Chocolate%2C%20Sweets%2C%20Mints%20%26%20Chewing%20Gum&viewAll=department&page=,£1.25,£1.16/100g,,,/groceries/en-GB/products/265046131,https://digitalcontent.api.tesco.com/v2/media/ghs/2e36f278-52d1-446b-bac5-654eb06a520e/0609bee1-de92-4da2-b6ad-0be191984692.jpeg?h=225&w=225,
310700389,Rowntree's Fruit Gums Vegan Friendly 150G,https://www.tesco.com/groceries/en-GB/shop/food-cupboard/all?department=Chocolate%2C%20Sweets%2C%20Mints%20%26%20Chewing%20Gum&viewAll=department&page=,£0.89,£0.59/100g,,,/groceries/en-GB/products/310700389,https://digitalcontent.api.tesco.com/v2/media/ghs/0fb8348d-6455-4bbc-8291-a8dcbdb2d164/fcafe61c-6584-4268-bd05-4c381df7d397_725687532.jpeg?h=225&w=225,
307747545,Haribo Giant Strawbs Fruit Gums 175G,https://www.tesco.com/groceries/en-GB/shop/food-cupboard/all?department=Chocolate%2C%20Sweets%2C%20Mints%20%26%20Chewing%20Gum&viewAll=department&page=,£1.00,£0.57/100g,Aldi Price Match,,/groceries/en-GB/products/307747545,https://digitalcontent.api.tesco.com/v2/media/ghs/f05a3787-35fc-4eb3-a365-a204e42f042f/50db6939-0303-4da6-969b-6df1abf01e43_1689562235.jpeg?h=225&w=225,
285383599,Cadbury Twirl Bite Size 109G,https://www.tesco.com/groceries/en-GB/shop/food-cupboard/all?department=Chocolate%2C%20Sweets%2C%20Mints%20%26%20Chewing%20Gum&viewAll=department&page=,£1.25,£1.15/100g,,,/groceries/en-GB/products/285383599,https://digitalcontent.api.tesco.com/v2/media/ghs/e9601553-1f5b-4930-996a-7d401d77ba2c/1af49005-61c7-4ec3-a13f-88f9a154b61a_689269426.jpeg?h=225&w=225,
268378378,Tesco Butter Mintoes 200G,https://www.tesco.com/groceries/en-GB/shop/food-cupboard/all?department=Chocolate%2C%20Sweets%2C%20Mints%20%26%20Chewing%20Gum&viewAll=department&page=,£0.85,£0.42/100g,,,/groceries/en-GB/products/268378378,https://digitalcontent.api.tesco.com/v2/media/ghs/8320be42-4a1b-4d74-911c-064f2ccc277d/08faf38d-4a7b-4d88-866b-07633d5b74ff_244998542.jpeg?h=225&w=225,
303717858,Nestle Rolo Multipack 4X41.6G,https://www.tesco.com/groceries/en-GB/shop/food-cupboard/all?department=Chocolate%2C%20Sweets%2C%20Mints%20%26%20Chewing%20Gum&viewAll=department&page=,£1.25,£0.75/100g,,,/groceries/en-GB/products/303717858,https://digitalcontent.api.tesco.com/v2/media/ghs/6444c831-c756-4ea1-a744-90a903813c61/c6167502-8d80-48bb-8409-cfeefe06b7b3_1078402523.jpeg?h=225&w=225,
292069996,Rowntrees Randoms Pouch 150G,https://www.tesco.com/groceries/en-GB/shop/food-cupboard/all?department=Chocolate%2C%20Sweets%2C%20Mints%20%26%20Chewing%20Gum&viewAll=department&page=,£0.89,£0.59/100g,Aldi Price Match,,/groceries/en-GB/products/292069996,https://digitalcontent.api.tesco.com/v2/media/ghs/e33e73f9-cef3-4e93-8c2f-06cb5b25a297/71a05714-67de-4256-b1ef-44d07f4eb07a_1896768835.jpeg?h=225&w=225,
255259088,Tesco Fizzy Multicolour Sweet Belt 75G,https://www.tesco.com/groceries/en-GB/shop/food-cupboard/all?department=Chocolate%2C%20Sweets%2C%20Mints%20%26%20Chewing%20Gum&viewAll=department&page=,£0.50,£0.67/100g,,,/groceries/en-GB/products/255259088,https://digitalcontent.api.tesco.com/v2/media/ghs/af984330-5e9f-40b7-a483-c2485982fdc1/e6416b9a-0df7-43dc-b319-ea927480675d_1155245087.jpeg?h=225&w=225,
311267030,Mars Funsize Bars 16 Pack 303G,https://www.tesco.com/groceries/en-GB/shop/food-cupboard/all?department=Chocolate%2C%20Sweets%2C%20Mints%20%26%20Chewing%20Gum&viewAll=department&page=,£3.50,£1.16/100g,£2.00 Clubcard Price,,/groceries/en-GB/products/311267030,https://digitalcontent.api.tesco.com/v2/media/ghs/fe750477-79db-4a03-b853-34414ac6dc6d/b89b738b-c4f2-4488-8ed8-d9feef75f89d_2083017536.jpeg?h=225&w=225,
311208619,Cadbury Dairy Milk Whole Nut Chocolate 180G,https://www.tesco.com/groceries/en-GB/shop/food-cupboard/all?department=Chocolate%2C%20Sweets%2C%20Mints%20%26%20Chewing%20Gum&viewAll=department&page=,£1.75,£0.97/100g,,,/groceries/en-GB/products/311208619,https://digitalcontent.api.tesco.com/v2/media/ghs/70cb0455-5194-4f98-91f1-cac4b050b402/0049e40e-9d00-4fe0-ae95-af3421ed4cbb_922181333.jpeg?h=225&w=225,
304410804,Terry's Chocolate Orange Bars 3 Pack 105G,https://www.tesco.com/groceries/en-GB/shop/food-cupboard/all?department=Chocolate%2C%20Sweets%2C%20Mints%20%26%20Chewing%20Gum&viewAll=department&page=,£1.00,£0.95/100g,,,/groceries/en-GB/products/304410804,https://digitalcontent.api.tesco.com/v2/media/ghs/0f454a7c-91ff-4717-88fc-80d90003dd90/snapshotimagehandler_2138426666.jpeg?h=225&w=225,
302296014,Snickers Bars Snacksize 9 X 35.5G,https://www.tesco.com/groceries/en-GB/shop/food-cupboard/all?department=Chocolate%2C%20Sweets%2C%20Mints%20%26%20Chewing%20Gum&viewAll=department&page=,£2.00,£0.63/100g,,,/groceries/en-GB/products/302296014,https://digitalcontent.api.tesco.com/v2/media/ghs/c010646a-809e-4a0c-b4f2-7039b2031b65/3dd98c33-a705-4be8-a1f8-998208786561_1782646801.jpeg?h=225&w=225,
256761242,Tesco Strawberry Pencils 75G,https://www.tesco.com/groceries/en-GB/shop/food-cupboard/all?department=Chocolate%2C%20Sweets%2C%20Mints%20%26%20Chewing%20Gum&viewAll=department&page=,£0.50,£0.67/100g,,,/groceries/en-GB/products/256761242,https://digitalcontent.api.tesco.com/v2/media/ghs/edbb987b-2713-4d20-afc3-b5f4188b8de0/1553c5ad-d617-41b1-8ecd-bc883a1bbd0c_983385888.jpeg?h=225&w=225,
287853173,Fry's Chocolate Cream 3 Pack 147G,https://www.tesco.com/groceries/en-GB/shop/food-cupboard/all?department=Chocolate%2C%20Sweets%2C%20Mints%20%26%20Chewing%20Gum&viewAll=department&page=,£1.00,£0.68/100g,,,/groceries/en-GB/products/287853173,https://digitalcontent.api.tesco.com/v2/media/ghs/a747ed27-4271-4706-9fef-a43f962178fb/c6fae8ca-a9aa-4094-9e38-a9f639883e88.jpeg?h=225&w=225,
259595981,Tesco White Chocolate Buttons 70G,https://www.tesco.com/groceries/en-GB/shop/food-cupboard/all?department=Chocolate%2C%20Sweets%2C%20Mints%20%26%20Chewing%20Gum&viewAll=department&page=,£0.50,£0.72/100g,,,/groceries/en-GB/products/259595981,https://digitalcontent.api.tesco.com/v2/media/ghs/94fbf7fb-144d-4301-adc8-df8b0897484f/4c8f23a8-196f-40b7-a7b1-72a2e48cd618_784256594.jpeg?h=225&w=225,
291928137,Milky Way Magic Stars Chocolate Pouch 100G,https://www.tesco.com/groceries/en-GB/shop/food-cupboard/all?department=Chocolate%2C%20Sweets%2C%20Mints%20%26%20Chewing%20Gum&viewAll=department&page=,£1.35,£1.35/100g,,,/groceries/en-GB/products/291928137,https://digitalcontent.api.tesco.com/v2/media/ghs/efc07936-8b4a-466d-817c-27f3291f91a8/c5a0df7e-28fd-43df-a270-aab30a18692a_254498684.jpeg?h=225&w=225,
275341342,Cadbury Dairy Milk Freddo Caramel 6 Pack 117G,https://www.tesco.com/groceries/en-GB/shop/food-cupboard/all?department=Chocolate%2C%20Sweets%2C%20Mints%20%26%20Chewing%20Gum&viewAll=department&page=,£1.00,£0.86/100g,,,/groceries/en-GB/products/275341342,https://digitalcontent.api.tesco.com/v2/media/ghs/c48aed30-8333-4710-930d-a280e83587dd/c644914a-7029-41ab-be16-9a602d03dfa8.jpeg?h=225&w=225,
305730775,Galaxy Minstrels Chocolate Pouch 125G,https://www.tesco.com/groceries/en-GB/shop/food-cupboard/all?department=Chocolate%2C%20Sweets%2C%20Mints%20%26%20Chewing%20Gum&viewAll=department&page=,£1.35,£1.08/100g,Aldi Price Match,,/groceries/en-GB/products/305730775,https://digitalcontent.api.tesco.com/v2/media/ghs/018b6922-be70-48ae-90cb-ef39d71e7447/ce2d80db-5519-4576-a372-cb0c93936aeb_5061873.jpeg?h=225&w=225,
303667790,Galaxy Minstrels Large Pouch 240G,https://www.tesco.com/groceries/en-GB/shop/food-cupboard/all?department=Chocolate%2C%20Sweets%2C%20Mints%20%26%20Chewing%20Gum&viewAll=department&page=,£1.99,£0.83/100g,,,/groceries/en-GB/products/303667790,https://digitalcontent.api.tesco.com/v2/media/ghs/6ee626b0-6c0a-49cb-a9a5-ea05ab5f9c7c/a4cd5e28-33d6-412f-abfb-4ee9ad07cb9f_1766270762.jpeg?h=225&w=225,
301736850,Quality Street Matchmakers Zingy Orange Chocolate Box 120G,https://www.tesco.com/groceries/en-GB/shop/food-cupboard/all?department=Chocolate%2C%20Sweets%2C%20Mints%20%26%20Chewing%20Gum&viewAll=department&page=,£1.25,£1.05/100g,,,/groceries/en-GB/products/301736850,https://digitalcontent.api.tesco.com/v2/media/ghs/a5412036-c337-4c21-aaf8-8db066a4a432/fff0fa46-d856-4c48-86cd-0ff11d8b0533_110597689.jpeg?h=225&w=225,
300876973,Tesco Crunchy Caramel Bars 5 X 42G,https://www.tesco.com/groceries/en-GB/shop/food-cupboard/all?department=Chocolate%2C%20Sweets%2C%20Mints%20%26%20Chewing%20Gum&viewAll=department&page=,£0.89,£0.42/100g,,,/groceries/en-GB/products/300876973,https://digitalcontent.api.tesco.com/v2/media/ghs/dad1bbaf-3ea3-42c5-89b8-e372698a23e2/041e4768-d51a-47f8-a513-20a045c0fcac_585259062.jpeg?h=225&w=225,
311788191,Twix 16 Fun Size Bars 320G,https://www.tesco.com/groceries/en-GB/shop/food-cupboard/all?department=Chocolate%2C%20Sweets%2C%20Mints%20%26%20Chewing%20Gum&viewAll=department&page=,£3.50,£1.10/100g,£2.00 Clubcard Price,,/groceries/en-GB/products/311788191,https://digitalcontent.api.tesco.com/v2/media/ghs/46f36ef2-800b-4e41-8244-b03fe74f560d/b7978bf5-6b58-476f-8409-3e0b649b9234_1073051572.jpeg?h=225&w=225,
253883701,Ferrero Kinder Happy Hippo Single 20.7G,https://www.tesco.com/groceries/en-GB/shop/food-cupboard/all?department=Chocolate%2C%20Sweets%2C%20Mints%20%26%20Chewing%20Gum&viewAll=department&page=,£0.25,£1.21/100g,,,/groceries/en-GB/products/253883701,https://digitalcontent.api.tesco.com/v2/media/ghs/8ae64b5f-728d-47c7-88ec-de1d089f2250/76e3e002-b612-439e-ac5a-65f352682b12_974814084.jpeg?h=225&w=225,
293368237,Terry's Dark Chocolate Orange Ball 157G,https://www.tesco.com/groceries/en-GB/shop/food-cupboard/all?department=Chocolate%2C%20Sweets%2C%20Mints%20%26%20Chewing%20Gum&viewAll=department&page=,£1.00,£0.64/100g,,,/groceries/en-GB/products/293368237,https://digitalcontent.api.tesco.com/v2/media/ghs/1e8ffaa0-df40-4351-89a7-367fdfaea075/snapshotimagehandler_2141276027.jpeg?h=225&w=225,
256407784,Giant New Refresher Chew Bar (C),https://www.tesco.com/groceries/en-GB/shop/food-cupboard/all?department=Chocolate%2C%20Sweets%2C%20Mints%20%26%20Chewing%20Gum&viewAll=department&page=,£0.10,£0.56/100g,,,/groceries/en-GB/products/256407784,https://digitalcontent.api.tesco.com/v2/media/ghs/8dbb8907-c37e-48fc-8fb9-77ae0d91f1b2/a58d7754-c668-45dd-9def-d5304b0400c0_1643626653.jpeg?h=225&w=225,
300795164,Tesco White Chocolate Bar 200G,https://www.tesco.com/groceries/en-GB/shop/food-cupboard/all?department=Chocolate%2C%20Sweets%2C%20Mints%20%26%20Chewing%20Gum&viewAll=department&page=,£1.00,£0.50/100g,,,/groceries/en-GB/products/300795164,https://digitalcontent.api.tesco.com/v2/media/ghs/b473a6b7-ce38-4c52-8d55-ab5531e0697b/775db996-115f-4506-a936-b31840d75c4e_167384367.jpeg?h=225&w=225,
297746331,Bassetts Liquorice All Sorts 400G,https://www.tesco.com/groceries/en-GB/shop/food-cupboard/all?department=Chocolate%2C%20Sweets%2C%20Mints%20%26%20Chewing%20Gum&viewAll=department&page=,£3.00,£0.75/100g,£1.50 Clubcard Price,,/groceries/en-GB/products/297746331,https://digitalcontent.api.tesco.com/v2/media/ghs/1694a71f-e14a-41ea-890a-069ce81339a1/da8ca15e-fea5-4b27-a3b0-4d694f2bac40_1999857169.jpeg?h=225&w=225,
297745879,Maynards Bassetts Wine Gums 400G,https://www.tesco.com/groceries/en-GB/shop/food-cupboard/all?department=Chocolate%2C%20Sweets%2C%20Mints%20%26%20Chewing%20Gum&viewAll=department&page=,£3.00,£0.75/100g,£1.50 Clubcard Price,,/groceries/en-GB/products/297745879,https://digitalcontent.api.tesco.com/v2/media/ghs/0321c49d-3f05-4e45-a237-de5454400da0/478f2b1e-246c-4702-b3d1-b8dc025ede04_325727550.jpeg?h=225&w=225,
270933859,Green & Blacks Organic Tasting Collection Boxed Chocolates 395G,https://www.tesco.com/groceries/en-GB/shop/food-cupboard/all?department=Chocolate%2C%20Sweets%2C%20Mints%20%26%20Chewing%20Gum&viewAll=department&page=,£12.00,£3.04/100g,£6.00 Clubcard Price,,/groceries/en-GB/products/270933859,https://digitalcontent.api.tesco.com/v2/media/ghs/2649067a-ee90-423b-9d21-1565c5341216/f0d4f3ad-6f2a-4687-9a38-a381f4f55a6d_1273066591.jpeg?h=225&w=225,
255359133,Lindt Lindor Assorted Chocolate Truffles 200G,https://www.tesco.com/groceries/en-GB/shop/food-cupboard/all?department=Chocolate%2C%20Sweets%2C%20Mints%20%26%20Chewing%20Gum&viewAll=department&page=,£5.50,£2.75/100g,£4.00 Clubcard Price,,/groceries/en-GB/products/255359133,https://digitalcontent.api.tesco.com/v2/media/ghs/9f15a0fc-f53c-44e9-b801-6eb17dd26fd8/4b9e1b38-c95b-4a17-9f4a-cdc96a35cc22_1328678256.jpeg?h=225&w=225,
279783394,Wrigley's Extra Spearmint Bottle 60 Piece,https://www.tesco.com/groceries/en-GB/shop/food-cupboard/all?department=Chocolate%2C%20Sweets%2C%20Mints%20%26%20Chewing%20Gum&viewAll=department&page=,£2.60,£3.10/100g,,,/groceries/en-GB/products/279783394,https://digitalcontent.api.tesco.com/v2/media/ghs/517781a0-b6b5-40e5-9dc3-4ceedb6c743e/40b9b492-4796-4fad-a2f4-31eb94c32fa8_920013498.jpeg?h=225&w=225,
300795348,Galaxy Milk Chocolate 360G,https://www.tesco.com/groceries/en-GB/shop/food-cupboard/all?department=Chocolate%2C%20Sweets%2C%20Mints%20%26%20Chewing%20Gum&viewAll=department&page=,£3.50,£0.97/100g,,,/groceries/en-GB/products/300795348,https://digitalcontent.api.tesco.com/v2/media/ghs/c109b74d-01f4-4df6-ba26-b5ef8d299a91/a2d11945-ed0d-4383-9b9b-80de0c745b01_847365092.jpeg?h=225&w=225,
312696263,Lindt Lindor Blood Orange Chocolate Truffles 200G,https://www.tesco.com/groceries/en-GB/shop/food-cupboard/all?department=Chocolate%2C%20Sweets%2C%20Mints%20%26%20Chewing%20Gum&viewAll=department&page=,£5.50,£2.75/100g,£4.00 Clubcard Price,,/groceries/en-GB/products/312696263,https://digitalcontent.api.tesco.com/v2/media/ghs/770028e2-1283-4bee-98f5-491e9deeab52/f1793a68-813b-429b-be83-e366c9b7cad1_1889530814.jpeg?h=225&w=225,
293418692,Maynards Bassetts Wine Gums 400G,https://www.tesco.com/groceries/en-GB/shop/food-cupboard/all?department=Chocolate%2C%20Sweets%2C%20Mints%20%26%20Chewing%20Gum&viewAll=department&page=,£2.00,£0.50/100g,,,/groceries/en-GB/products/293418692,https://digitalcontent.api.tesco.com/v2/media/ghs/eafc7994-d691-4a58-b360-b8605d96db5a/d89a0d7c-1e73-413d-8be7-d05538416eca_2086546527.jpeg?h=225&w=225,
268549827,Galaxy Milk Chocolate Bar 200G,https://www.tesco.com/groceries/en-GB/shop/food-cupboard/all?department=Chocolate%2C%20Sweets%2C%20Mints%20%26%20Chewing%20Gum&viewAll=department&page=,£2.00,£1.00/100g,,,/groceries/en-GB/products/268549827,https://digitalcontent.api.tesco.com/v2/media/ghs/2985f8b9-a3d9-4b69-b712-cb65eb379a1d/f6ddd1d1-df57-43a4-a4cf-298d2c74f8dc_1289185198.jpeg?h=225&w=225,
272492680,Bassetts Jelly Babies 190G,https://www.tesco.com/groceries/en-GB/shop/food-cupboard/all?department=Chocolate%2C%20Sweets%2C%20Mints%20%26%20Chewing%20Gum&viewAll=department&page=,£1.50,£0.79/100g,,,/groceries/en-GB/products/272492680,https://digitalcontent.api.tesco.com/v2/media/ghs/55ca0c93-6fd2-4f80-bb1b-c8b616de403f/4e827021-198f-4768-a789-805457be428c_492983607.jpeg?h=225&w=225,
272493080,Maynards Wine Gums 190G,https://www.tesco.com/groceries/en-GB/shop/food-cupboard/all?department=Chocolate%2C%20Sweets%2C%20Mints%20%26%20Chewing%20Gum&viewAll=department&page=,£1.50,£0.79/100g,,,/groceries/en-GB/products/272493080,https://digitalcontent.api.tesco.com/v2/media/ghs/36028ea5-2956-4cdf-a25f-976333efbef2/b9d89e78-314b-48f8-a79f-640509ba0e7c_1239588503.jpeg?h=225&w=225,
268046218,Trebor Softmints Spearmint Mints 4 Pack 179G,https://www.tesco.com/groceries/en-GB/shop/food-cupboard/all?department=Chocolate%2C%20Sweets%2C%20Mints%20%26%20Chewing%20Gum&viewAll=department&page=,£1.30,£0.73/100g,,,/groceries/en-GB/products/268046218,https://digitalcontent.api.tesco.com/v2/media/ghs/aab0a6a7-41ab-4ec6-893c-7395ad69a3ab/a837bb19-36ff-4735-8375-866260e949a5_1843710283.jpeg?h=225&w=225,
268046374,Trebor Softmints Peppermint 4Roll,https://www.tesco.com/groceries/en-GB/shop/food-cupboard/all?department=Chocolate%2C%20Sweets%2C%20Mints%20%26%20Chewing%20Gum&viewAll=department&page=,£1.30,£0.73/100g,,,/groceries/en-GB/products/268046374,https://digitalcontent.api.tesco.com/v2/media/ghs/bba4fbf1-d89b-441f-9bd3-180d2eafcba7/7300a2b5-31c9-43cf-9531-977fa2d6bebc_316600776.jpeg?h=225&w=225,
293368289,Toblerone Milk 360G,https://www.tesco.com/groceries/en-GB/shop/food-cupboard/all?department=Chocolate%2C%20Sweets%2C%20Mints%20%26%20Chewing%20Gum&viewAll=department&page=,£3.50,£0.97/100g,,,/groceries/en-GB/products/293368289,https://digitalcontent.api.tesco.com/v2/media/ghs/ae47c331-6748-4930-b1eb-8ae610f1b676/31d11096-fe70-4026-926b-f7e666246752_1309854608.jpeg?h=225&w=225,
297315916,Kit Kat Chunky Snacksize Bars (9X32g),https://www.tesco.com/groceries/en-GB/shop/food-cupboard/all?department=Chocolate%2C%20Sweets%2C%20Mints%20%26%20Chewing%20Gum&viewAll=department&page=,£2.25,£0.78/100g,,,/groceries/en-GB/products/297315916,https://digitalcontent.api.tesco.com/v2/media/ghs/5bb06295-5840-4365-ace2-3110280530ed/5ab25de6-14a7-468c-95e9-df5d8522a894_1333692699.jpeg?h=225&w=225,
293639332,Nutella And Go Multi Pack 96G,https://www.tesco.com/groceries/en-GB/shop/food-cupboard/all?department=Chocolate%2C%20Sweets%2C%20Mints%20%26%20Chewing%20Gum&viewAll=department&page=,£1.50,£1.57/100g,,,/groceries/en-GB/products/293639332,https://digitalcontent.api.tesco.com/v2/media/ghs/6c2d185f-de09-4a4b-aaa2-18a36c754f64/8ba86feb-2bc3-40b4-b123-e7766864b1f3_277965773.jpeg?h=225&w=225,
308088706,Tesco Refreshing Mint Dark Chocolate 100G,https://www.tesco.com/groceries/en-GB/shop/food-cupboard/all?department=Chocolate%2C%20Sweets%2C%20Mints%20%26%20Chewing%20Gum&viewAll=department&page=,£1.10,£1.10/100g,,,/groceries/en-GB/products/308088706,https://digitalcontent.api.tesco.com/v2/media/ghs/f5f78f68-2405-4e1a-b86e-6559e8d23417/4cf64dc2-3ec4-40c7-9cca-66c78e1127fd_1118672100.jpeg?h=225&w=225,
312221273,Cadbury Dark Milk Chocolate,https://www.tesco.com/groceries/en-GB/shop/food-cupboard/all?department=Chocolate%2C%20Sweets%2C%20Mints%20%26%20Chewing%20Gum&viewAll=department&page=,£1.50,£1.67/100g,,New,/groceries/en-GB/products/312221273,https://digitalcontent.api.tesco.com/v2/media/ghs-mktg/b0b04216-fa73-466d-a9d7-c9fcfa1ce9b3/no-image.jpeg,
268378919,Tesco Fruit Jellies 200G,https://www.tesco.com/groceries/en-GB/shop/food-cupboard/all?department=Chocolate%2C%20Sweets%2C%20Mints%20%26%20Chewing%20Gum&viewAll=department&page=,£0.85,£0.42/100g,,,/groceries/en-GB/products/268378919,https://digitalcontent.api.tesco.com/v2/media/ghs/100648b3-9330-4ba0-a10e-b69ceedeea7c/280e80ca-3003-47a3-a3c6-66a4e6a8891f_602928407.jpeg?h=225&w=225,
266183110,Kinder Bueno White Chocolate 4 Pack 156G,https://www.tesco.com/groceries/en-GB/shop/food-cupboard/all?department=Chocolate%2C%20Sweets%2C%20Mints%20%26%20Chewing%20Gum&viewAll=department&page=,£1.85,£1.19/100g,,,/groceries/en-GB/products/266183110,https://digitalcontent.api.tesco.com/v2/media/ghs/c4675166-1c8e-4563-aada-68fccf3d4672/d7b0d806-d67a-4e72-b1d9-ab212ce78bdb.jpeg?h=225&w=225,
301613483,Cadbury Crunchie Bar 10X26.1G,https://www.tesco.com/groceries/en-GB/shop/food-cupboard/all?department=Chocolate%2C%20Sweets%2C%20Mints%20%26%20Chewing%20Gum&viewAll=department&page=,£2.25,£0.86/100g,,,/groceries/en-GB/products/301613483,https://digitalcontent.api.tesco.com/v2/media/ghs/57464659-9433-4202-9861-28acc3f0ef19/41df1d5e-cd60-4cea-8aba-0032b38af64f_1905334366.jpeg?h=225&w=225,
308466478,Cadbury Double Decker Chocolate 10 X 37.3G,https://www.tesco.com/groceries/en-GB/shop/food-cupboard/all?department=Chocolate%2C%20Sweets%2C%20Mints%20%26%20Chewing%20Gum&viewAll=department&page=,£2.25,£0.60/100g,,,/groceries/en-GB/products/308466478,https://digitalcontent.api.tesco.com/v2/media/ghs/7958c682-c4f6-4018-92a4-d85689e142f2/0de2d9cd-cb40-44ee-9aa4-3d8950620e57_1970636353.jpeg?h=225&w=225,
307276278,Milkybar White Chocolate Sharing Bar 90G,https://www.tesco.com/groceries/en-GB/shop/food-cupboard/all?department=Chocolate%2C%20Sweets%2C%20Mints%20%26%20Chewing%20Gum&viewAll=department&page=,£1.00,£1.12/100g,,,/groceries/en-GB/products/307276278,https://digitalcontent.api.tesco.com/v2/media/ghs/4a1bbc5d-08a3-46dc-8e8e-bc2a0465aedf/23cad79a-7033-417b-b65c-05579ff6506c_1957674832.jpeg?h=225&w=225,
302225854,Haribo Maoam Pinballs 140G (R),https://www.tesco.com/groceries/en-GB/shop/food-cupboard/all?department=Chocolate%2C%20Sweets%2C%20Mints%20%26%20Chewing%20Gum&viewAll=department&page=,£1.00,£0.72/100g,Aldi Price Match,,/groceries/en-GB/products/302225854,https://digitalcontent.api.tesco.com/v2/media/ghs/fb54781a-fe8e-49bd-b1dc-03a555a45f54/a7f3ff2c-a1ed-4746-9fc3-a689f648e1b6_1651065146.jpeg?h=225&w=225,
310654103,Kit Kat Chunky Peanut Butter Chocolate Bars 4 X34g,https://www.tesco.com/groceries/en-GB/shop/food-cupboard/all?department=Chocolate%2C%20Sweets%2C%20Mints%20%26%20Chewing%20Gum&viewAll=department&page=,£1.25,£0.92/100g,,,/groceries/en-GB/products/310654103,https://digitalcontent.api.tesco.com/v2/media/ghs/dde9d8e8-72a4-4d82-b5a5-880fa081c28b/347c4e9b-4dc3-4477-aabd-c776f8a0b84c_75469376.jpeg?h=225&w=225,
285383858,Cadbury Caramel Nibbles 120G,https://www.tesco.com/groceries/en-GB/shop/food-cupboard/all?department=Chocolate%2C%20Sweets%2C%20Mints%20%26%20Chewing%20Gum&viewAll=department&page=,£1.25,£1.05/100g,,,/groceries/en-GB/products/285383858,https://digitalcontent.api.tesco.com/v2/media/ghs/adcbef9e-ec3d-4380-84f6-a9eb9e21cde6/69792dcd-9560-41e0-a8f6-be7ba89d23aa_1252898429.jpeg?h=225&w=225,
268379400,Tesco Jelly Beans 200G,https://www.tesco.com/groceries/en-GB/shop/food-cupboard/all?department=Chocolate%2C%20Sweets%2C%20Mints%20%26%20Chewing%20Gum&viewAll=department&page=,£0.85,£0.42/100g,,,/groceries/en-GB/products/268379400,https://digitalcontent.api.tesco.com/v2/media/ghs/c9eb92a7-21e9-48b3-b9ca-ac77839e9825/44721747-97e3-4200-af31-2576bfc1ab54_767704102.jpeg?h=225&w=225,
251892716,Polo Mints Single,https://www.tesco.com/groceries/en-GB/shop/food-cupboard/all?department=Chocolate%2C%20Sweets%2C%20Mints%20%26%20Chewing%20Gum&viewAll=department&page=,£0.70,£2.06/100g,"£3.40 Meal Deal Clubcard Price £3.90 Meal Deal Regular Price - Selected Drink, Snack, Wrap, Sandwich, Roll, Pasty Or Salad",,/groceries/en-GB/products/251892716,https://digitalcontent.api.tesco.com/v2/media/ghs/254090c8-ee03-4df6-a992-e39ed55d367c/43a7db0a-88e3-4806-95f3-07a63cf944eb_41409834.jpeg?h=225&w=225,
308455474,Rowntrees Vegan Strawberry & Blackcurrant Fruit Pastilles 143G,https://www.tesco.com/groceries/en-GB/shop/food-cupboard/all?department=Chocolate%2C%20Sweets%2C%20Mints%20%26%20Chewing%20Gum&viewAll=department&page=,£0.89,£0.62/100g,,,/groceries/en-GB/products/308455474,https://digitalcontent.api.tesco.com/v2/media/ghs/22f0f4e4-f185-4295-a301-1931f17cdb8e/2d75f7a8-1a55-4512-8ecf-89b67ad01ced_1575890722.jpeg?h=225&w=225,
310651826,Rowntree's Pic And Mix Vegan Friendly Sweets 150G,https://www.tesco.com/groceries/en-GB/shop/food-cupboard/all?department=Chocolate%2C%20Sweets%2C%20Mints%20%26%20Chewing%20Gum&viewAll=department&page=,£0.89,£0.59/100g,,,/groceries/en-GB/products/310651826,https://digitalcontent.api.tesco.com/v2/media/ghs/c2ebcb8d-8c3f-46cd-9300-f1fc5343b1f0/2e56ba1e-8144-43d6-9c39-559e19f6d2f7_1157481844.jpeg?h=225&w=225,
254573427,Tesco Jelly Babies 250G,https://www.tesco.com/groceries/en-GB/shop/food-cupboard/all?department=Chocolate%2C%20Sweets%2C%20Mints%20%26%20Chewing%20Gum&viewAll=department&page=,£0.85,£0.34/100g,,,/groceries/en-GB/products/254573427,https://digitalcontent.api.tesco.com/v2/media/ghs/0ae6a6a6-f62f-4f9b-b2ab-ea89f310233e/58794b3f-ec6a-4ba5-893c-43559bdb32cb_873271107.jpeg?h=225&w=225,
311221856,Starburst Original Fruit Chews 152G,https://www.tesco.com/groceries/en-GB/shop/food-cupboard/all?department=Chocolate%2C%20Sweets%2C%20Mints%20%26%20Chewing%20Gum&viewAll=department&page=,£0.99,£0.65/100g,,,/groceries/en-GB/products/311221856,https://digitalcontent.api.tesco.com/v2/media/ghs/7853a016-3469-45e1-bd8c-ae97a5e375d8/5e06e896-afbf-45b8-9cc9-c52bc81b4050_1688451129.jpeg?h=225&w=225,
257133731,Tesco Fizzy Cola Lances 75G,https://www.tesco.com/groceries/en-GB/shop/food-cupboard/all?department=Chocolate%2C%20Sweets%2C%20Mints%20%26%20Chewing%20Gum&viewAll=department&page=,£0.50,£0.67/100g,,,/groceries/en-GB/products/257133731,https://digitalcontent.api.tesco.com/v2/media/ghs/728fe6ab-a343-4388-bf16-a89e50e320ee/5775952b-9283-448d-b69c-814d3cf694b6_2232089.jpeg?h=225&w=225,
275523231,Cadbury Dairy Milk Whole Nut Chocolate Bar 120G,https://www.tesco.com/groceries/en-GB/shop/food-cupboard/all?department=Chocolate%2C%20Sweets%2C%20Mints%20%26%20Chewing%20Gum&viewAll=department&page=,£1.25,£1.05/100g,,,/groceries/en-GB/products/275523231,https://digitalcontent.api.tesco.com/v2/media/ghs/e499f837-431f-40c8-b8c5-e168c8effde0/f02bff4f-98e7-4ac5-9685-b12075df4699_987471266.jpeg?h=225&w=225,
281026563,Mars Single 51G,https://www.tesco.com/groceries/en-GB/shop/food-cupboard/all?department=Chocolate%2C%20Sweets%2C%20Mints%20%26%20Chewing%20Gum&viewAll=department&page=,£0.60,£1.18/100g,"£3.40 Meal Deal Clubcard Price £3.90 Meal Deal Regular Price - Selected Drink, Snack, Wrap, Sandwich, Roll, Pasty Or Salad",,/groceries/en-GB/products/281026563,https://digitalcontent.api.tesco.com/v2/media/ghs/ff547444-3dc2-4f27-865c-a5ba99a9f9a6/2df3721c-30f7-4b51-9e07-825942d81eeb_873878563.jpeg?h=225&w=225,
258032328,Swizzels Rainbow Drops 80G,https://www.tesco.com/groceries/en-GB/shop/food-cupboard/all?department=Chocolate%2C%20Sweets%2C%20Mints%20%26%20Chewing%20Gum&viewAll=department&page=,£0.50,£0.62/100g,,,/groceries/en-GB/products/258032328,https://digitalcontent.api.tesco.com/v2/media/ghs/71699da6-8a88-4f01-87ff-cfbe9641390e/1f986e56-7474-47e2-a5c8-ec2ae76af87b_1643651364.jpeg?h=225&w=225,
305832418,Galaxy Counters Chocolate Pouch 122G,https://www.tesco.com/groceries/en-GB/shop/food-cupboard/all?department=Chocolate%2C%20Sweets%2C%20Mints%20%26%20Chewing%20Gum&viewAll=department&page=,£1.35,£1.11/100g,,,/groceries/en-GB/products/305832418,https://digitalcontent.api.tesco.com/v2/media/ghs/03f0f535-742e-4a01-b754-6852f41f9ac9/0e5df74c-f00f-4dfd-b11d-2713a11a021b_1095183796.jpeg?h=225&w=225,
303667657,M&M's Peanut Pouch 125G,https://www.tesco.com/groceries/en-GB/shop/food-cupboard/all?department=Chocolate%2C%20Sweets%2C%20Mints%20%26%20Chewing%20Gum&viewAll=department&page=,£1.35,£1.08/100g,,,/groceries/en-GB/products/303667657,https://digitalcontent.api.tesco.com/v2/media/ghs/8961b0b6-24ac-4263-9226-2812196c5860/36ff6bbe-6332-446a-81c4-48a27ed7bcfc_399299214.jpeg?h=225&w=225,
306809336,Cadbury Fudge 6X22g,https://www.tesco.com/groceries/en-GB/shop/food-cupboard/all?department=Chocolate%2C%20Sweets%2C%20Mints%20%26%20Chewing%20Gum&viewAll=department&page=,£1.00,£0.76/100g,,,/groceries/en-GB/products/306809336,https://digitalcontent.api.tesco.com/v2/media/ghs/da9e589d-a8e0-496b-a31e-66000073d009/8b61e3c0-c16c-476e-bb60-1867f144a208_1941722887.jpeg?h=225&w=225,
303272703,Barratt Flumps 20G,https://www.tesco.com/groceries/en-GB/shop/food-cupboard/all?department=Chocolate%2C%20Sweets%2C%20Mints%20%26%20Chewing%20Gum&viewAll=department&page=,£0.30,£1.50/100g,,,/groceries/en-GB/products/303272703,https://digitalcontent.api.tesco.com/v2/media/ghs/726d8ff6-8523-4a18-b8fa-03c167cb9139/29d1f739-1160-482b-a4a6-fedfb3dd48c6_639579720.jpeg?h=225&w=225,
265416771,Galaxy Caramel Chocolate Bar 135G,https://www.tesco.com/groceries/en-GB/shop/food-cupboard/all?department=Chocolate%2C%20Sweets%2C%20Mints%20%26%20Chewing%20Gum&viewAll=department&page=,£0.99,£0.73/100g,,,/groceries/en-GB/products/265416771,https://digitalcontent.api.tesco.com/v2/media/ghs/115786df-fa04-45fa-a40f-b148d79c396e/f2e2d3be-514b-4317-bbe5-adb3412ce226_76419514.jpeg?h=225&w=225,
275356601,Kinder Chocolate 4 Pack 50G,https://www.tesco.com/groceries/en-GB/shop/food-cupboard/all?department=Chocolate%2C%20Sweets%2C%20Mints%20%26%20Chewing%20Gum&viewAll=department&page=,£0.60,£1.20/100g,"£3.40 Meal Deal Clubcard Price £3.90 Meal Deal Regular Price - Selected Drink, Snack, Wrap, Sandwich, Roll, Pasty Or Salad",,/groceries/en-GB/products/275356601,https://digitalcontent.api.tesco.com/v2/media/ghs/8700b954-4626-4282-b452-35b474012a22/57cb49b4-5dc3-4567-bae3-33b317b074dd.jpeg?h=225&w=225,
303177119,Drumstick Chew Bar Bubblegum 18G,https://www.tesco.com/groceries/en-GB/shop/food-cupboard/all?department=Chocolate%2C%20Sweets%2C%20Mints%20%26%20Chewing%20Gum&viewAll=department&page=,£0.10,£0.56/100g,,,/groceries/en-GB/products/303177119,https://digitalcontent.api.tesco.com/v2/media/ghs/68125a74-8f3e-4a14-b7d1-97a4004ec8a0/6d886ad9-dc0c-4694-ac38-aedd22e5dd45_778875788.jpeg?h=225&w=225,
309750923,Quality Street Matchmakers Caramel Coffee 120G,https://www.tesco.com/groceries/en-GB/shop/food-cupboard/all?department=Chocolate%2C%20Sweets%2C%20Mints%20%26%20Chewing%20Gum&viewAll=department&page=,£1.25,£1.05/100g,,,/groceries/en-GB/products/309750923,https://digitalcontent.api.tesco.com/v2/media/ghs/102cdd52-bb0b-4002-90f6-6950fe4db157/6b80c9a7-02af-4b5a-b42e-2ea8bb3d604d_1051324305.jpeg?h=225&w=225,
303670290,Green & Blacks Organic Milk Chocolate 90G,https://www.tesco.com/groceries/en-GB/shop/food-cupboard/all?department=Chocolate%2C%20Sweets%2C%20Mints%20%26%20Chewing%20Gum&viewAll=department&page=,£2.00,£2.23/100g,,,/groceries/en-GB/products/303670290,https://digitalcontent.api.tesco.com/v2/media/ghs/0e481ae5-b9ee-4c8a-a54c-49805d7b2f1a/820e6351-809e-4d08-a1b6-69a0326f89d3_1565022200.jpeg?h=225&w=225,
302310661,Wrigley's Extra Peppermint 6X10 Pieces 84G,https://www.tesco.com/groceries/en-GB/shop/food-cupboard/all?department=Chocolate%2C%20Sweets%2C%20Mints%20%26%20Chewing%20Gum&viewAll=department&page=,£2.50,£2.98/100g,,,/groceries/en-GB/products/302310661,https://digitalcontent.api.tesco.com/v2/media/ghs/e8b88d78-b63e-44c4-884c-87a67edb6dca/0adf5b02-454b-43bb-b5a8-78c150d952c8_196108469.jpeg?h=225&w=225,
264587407,Lindt Excellence Dark 90% Cocoa Chocolate Bar 100G,https://www.tesco.com/groceries/en-GB/shop/food-cupboard/all?department=Chocolate%2C%20Sweets%2C%20Mints%20%26%20Chewing%20Gum&viewAll=department&page=,£2.10,£2.10/100g,,,/groceries/en-GB/products/264587407,https://digitalcontent.api.tesco.com/v2/media/ghs/cb4a0260-1887-4956-9753-4f371a64c651/963a6b33-80e0-4b89-9e7f-e46482722d8f_1408473716.jpeg?h=225&w=225,
266726834,Lindt Excellence Touch Of Sea Salt Chocolate Bar 100G,https://www.tesco.com/groceries/en-GB/shop/food-cupboard/all?department=Chocolate%2C%20Sweets%2C%20Mints%20%26%20Chewing%20Gum&viewAll=department&page=,£2.10,£2.10/100g,,,/groceries/en-GB/products/266726834,https://digitalcontent.api.tesco.com/v2/media/ghs/689db029-f9c0-4516-9498-a6fe1e1f1bd0/fa7dc055-7d53-4f5c-a475-bdab1a815094_1469370026.jpeg?h=225&w=225,
297543012,Nutella B-Ready 6 X 22G,https://www.tesco.com/groceries/en-GB/shop/food-cupboard/all?department=Chocolate%2C%20Sweets%2C%20Mints%20%26%20Chewing%20Gum&viewAll=department&page=,£2.30,£1.75/100g,,,/groceries/en-GB/products/297543012,https://digitalcontent.api.tesco.com/v2/media/ghs/86373a23-9cd3-48d3-9cd2-c036d6f592f8/21eb7378-1b10-45dd-95a2-4e72f72c6eca_1089774570.jpeg?h=225&w=225,
256870176,Guylian Seashells Boxed Chocolates 250G,https://www.tesco.com/groceries/en-GB/shop/food-cupboard/all?department=Chocolate%2C%20Sweets%2C%20Mints%20%26%20Chewing%20Gum&viewAll=department&page=,£5.50,£2.20/100g,£4.00 Clubcard Price,,/groceries/en-GB/products/256870176,https://digitalcontent.api.tesco.com/v2/media/ghs/f4c9321c-e4a4-4c22-9665-dec4b0ff506a/767f861f-665b-406f-9da2-cc6b7f15de90_247329881.jpeg?h=225&w=225,
293418801,Maynards Bassetts Allsort Liquorice 400G,https://www.tesco.com/groceries/en-GB/shop/food-cupboard/all?department=Chocolate%2C%20Sweets%2C%20Mints%20%26%20Chewing%20Gum&viewAll=department&page=,£2.00,£0.50/100g,,,/groceries/en-GB/products/293418801,https://digitalcontent.api.tesco.com/v2/media/ghs/a4f80ba9-483d-453f-a467-e0f8811fb2f0/7c592522-1f40-4805-ad15-d3b690542300_807987111.jpeg?h=225&w=225,
268045899,Trebor Extra Strong P/Mints 7 Rolls 289.1G,https://www.tesco.com/groceries/en-GB/shop/food-cupboard/all?department=Chocolate%2C%20Sweets%2C%20Mints%20%26%20Chewing%20Gum&viewAll=department&page=,£2.00,£0.69/100g,,,/groceries/en-GB/products/268045899,https://digitalcontent.api.tesco.com/v2/media/ghs/031efcaa-fc5b-4b2d-a689-eaa53a628207/7c9071bd-3e93-43f4-96b0-e921716a1aa7_1695357258.jpeg?h=225&w=225,
297315939,Toffee Crisp (9X31g),https://www.tesco.com/groceries/en-GB/shop/food-cupboard/all?department=Chocolate%2C%20Sweets%2C%20Mints%20%26%20Chewing%20Gum&viewAll=department&page=,£2.25,£0.81/100g,,,/groceries/en-GB/products/297315939,https://digitalcontent.api.tesco.com/v2/media/ghs/0af614d3-9543-4081-a4a5-9eae77458c8a/7ee98ecc-f2ee-4097-8e11-8d95e9ec4ef2_1914907684.jpeg?h=225&w=225,
308118389,Tesco Zesty Orange Dark Chocolate 100G,https://www.tesco.com/groceries/en-GB/shop/food-cupboard/all?department=Chocolate%2C%20Sweets%2C%20Mints%20%26%20Chewing%20Gum&viewAll=department&page=,£1.10,£1.10/100g,,,/groceries/en-GB/products/308118389,https://digitalcontent.api.tesco.com/v2/media/ghs/c089c1bb-6ee1-4efb-a573-6f9cae55d535/28dcb9ca-f7be-4e50-aca7-cd1282197aac_2041014363.jpeg?h=225&w=225,
292215311,Cadbury Dairy Milk Flake Chocolate Bars X9 180G,https://www.tesco.com/groceries/en-GB/shop/food-cupboard/all?department=Chocolate%2C%20Sweets%2C%20Mints%20%26%20Chewing%20Gum&viewAll=department&page=,£2.25,£1.25/100g,,,/groceries/en-GB/products/292215311,https://digitalcontent.api.tesco.com/v2/media/ghs/15e5166b-1d4f-4c77-94dc-c7e74979825b/fa1ce715-9104-41b7-b8bd-85eae738a49c_746207424.jpeg?h=225&w=225,
308468129,Milkybar White Chocolate Pouch 94G,https://www.tesco.com/groceries/en-GB/shop/food-cupboard/all?department=Chocolate%2C%20Sweets%2C%20Mints%20%26%20Chewing%20Gum&viewAll=department&page=,£1.25,£1.33/100g,,,/groceries/en-GB/products/308468129,https://digitalcontent.api.tesco.com/v2/media/ghs/c108291f-b231-4a9b-9925-ffaa02d1c2ec/a4ff965f-0a10-4571-a944-4813326ea9a3_266595950.jpeg?h=225&w=225,
289132885,Maynards Bassetts Mini Gems 160G,https://www.tesco.com/groceries/en-GB/shop/food-cupboard/all?department=Chocolate%2C%20Sweets%2C%20Mints%20%26%20Chewing%20Gum&viewAll=department&page=,£1.00,£0.62/100g,,,/groceries/en-GB/products/289132885,https://digitalcontent.api.tesco.com/v2/media/ghs/5889c887-483a-4ab0-ae78-07c1c3b7a798/e102bce1-247f-4068-b359-15059df65dc4_717074041.jpeg?h=225&w=225,
300809449,Tesco Turkish Delight Bar 150G,https://www.tesco.com/groceries/en-GB/shop/food-cupboard/all?department=Chocolate%2C%20Sweets%2C%20Mints%20%26%20Chewing%20Gum&viewAll=department&page=,£1.00,£0.67/100g,,,/groceries/en-GB/products/300809449,https://digitalcontent.api.tesco.com/v2/media/ghs/5839278f-1dfc-45ef-bc2b-c416106a10d6/639818aa-4de0-4643-95ef-59973e379dfe_1663754809.jpeg?h=225&w=225,
306832307,Nestle Kit Kat Chunky White Chocolate Bars 4 X 40G,https://www.tesco.com/groceries/en-GB/shop/food-cupboard/all?department=Chocolate%2C%20Sweets%2C%20Mints%20%26%20Chewing%20Gum&viewAll=department&page=,£1.25,£0.78/100g,,,/groceries/en-GB/products/306832307,https://digitalcontent.api.tesco.com/v2/media/ghs/36a4dbc7-d8f6-4785-b8de-42006287409a/b8d68abf-9b9f-429f-8f54-3ae16b20141f_467954397.jpeg?h=225&w=225,
307165467,Aero Delightful Peppermint Chocolate Sharing Bar 90G,https://www.tesco.com/groceries/en-GB/shop/food-cupboard/all?department=Chocolate%2C%20Sweets%2C%20Mints%20%26%20Chewing%20Gum&viewAll=department&page=,£1.00,£1.12/100g,,,/groceries/en-GB/products/307165467,https://digitalcontent.api.tesco.com/v2/media/ghs/39d6a858-7119-45b7-ab4c-b6b4bb6d0922/532b0ff2-3334-4ef9-8ed4-4baa81a927f8_379825986.jpeg?h=225&w=225,
303861876,Maoam 8 Pack Bloxx Chewy Sweets 176G,https://www.tesco.com/groceries/en-GB/shop/food-cupboard/all?department=Chocolate%2C%20Sweets%2C%20Mints%20%26%20Chewing%20Gum&viewAll=department&page=,£1.00,£0.57/100g,Aldi Price Match,,/groceries/en-GB/products/303861876,https://digitalcontent.api.tesco.com/v2/media/ghs/0fb23745-79d1-4798-96b9-c11074b5e914/f9467144-a729-4713-9366-ab3f43b63817_1314022090.jpeg?h=225&w=225,
274038185,Tesco Mint Imperials 200G,https://www.tesco.com/groceries/en-GB/shop/food-cupboard/all?department=Chocolate%2C%20Sweets%2C%20Mints%20%26%20Chewing%20Gum&viewAll=department&page=,£0.85,£0.42/100g,,,/groceries/en-GB/products/274038185,https://digitalcontent.api.tesco.com/v2/media/ghs/07efb38a-6e9d-4230-8eea-1760759bb20e/f489e674-0798-48a7-976c-48b62a345353_60499152.jpeg?h=225&w=225,
285332960,Cadbury Crunchie Rocks 110G,https://www.tesco.com/groceries/en-GB/shop/food-cupboard/all?department=Chocolate%2C%20Sweets%2C%20Mints%20%26%20Chewing%20Gum&viewAll=department&page=,£1.25,£1.14/100g,,,/groceries/en-GB/products/285332960,https://digitalcontent.api.tesco.com/v2/media/ghs/4fd9c909-c78a-441a-be29-062e92909235/f35d1482-d779-48a4-9035-eb7bdd7716de_907088021.jpeg?h=225&w=225,
307733642,Haribo Jelly Babies Double Trouble 175G,https://www.tesco.com/groceries/en-GB/shop/food-cupboard/all?department=Chocolate%2C%20Sweets%2C%20Mints%20%26%20Chewing%20Gum&viewAll=department&page=,£1.00,£0.57/100g,,,/groceries/en-GB/products/307733642,https://digitalcontent.api.tesco.com/v2/media/ghs/88722ba6-6d79-4d02-9d4c-229ed153f22c/c85e8319-c6db-44f0-8896-2f0983a7a14a_348305626.jpeg?h=225&w=225,
311215052,Sour Patch Kids Watermelon Sweet Sour 140G,https://www.tesco.com/groceries/en-GB/shop/food-cupboard/all?department=Chocolate%2C%20Sweets%2C%20Mints%20%26%20Chewing%20Gum&viewAll=department&page=,£1.00,£0.72/100g,,,/groceries/en-GB/products/311215052,https://digitalcontent.api.tesco.com/v2/media/ghs/e6e0e7a2-0119-4700-9b5f-ccb9a0631af9/7e4da372-ade0-4e52-8299-1bc52fb98201_1464596154.jpeg?h=225&w=225,
271373598,Tesco Mini Gems 200G,https://www.tesco.com/groceries/en-GB/shop/food-cupboard/all?department=Chocolate%2C%20Sweets%2C%20Mints%20%26%20Chewing%20Gum&viewAll=department&page=,£0.85,£0.42/100g,,,/groceries/en-GB/products/271373598,https://digitalcontent.api.tesco.com/v2/media/ghs/78d6a19d-ebc8-4f6f-abf7-28542748268d/e2cbe5f8-e312-4955-bcee-2c63a2577deb_426691998.jpeg?h=225&w=225,
285383271,Cadbury Bitsa Wispa Bag 110G,https://www.tesco.com/groceries/en-GB/shop/food-cupboard/all?department=Chocolate%2C%20Sweets%2C%20Mints%20%26%20Chewing%20Gum&viewAll=department&page=,£1.25,£1.14/100g,,,/groceries/en-GB/products/285383271,https://digitalcontent.api.tesco.com/v2/media/ghs/3ee43195-1f56-4458-ad4a-8a9537155a28/17dade0c-d9ce-435a-a321-cc722b40fda7_695296479.jpeg?h=225&w=225,
301638217,Terry's Chocolate Orange Mini's Bag 125G,https://www.tesco.com/groceries/en-GB/shop/food-cupboard/all?department=Chocolate%2C%20Sweets%2C%20Mints%20%26%20Chewing%20Gum&viewAll=department&page=,£1.00,£0.80/100g,,,/groceries/en-GB/products/301638217,https://digitalcontent.api.tesco.com/v2/media/ghs/0b37918b-2045-4754-83d8-79a7afef1635/70009885-94f2-446d-84d3-910312755a6b_474725333.jpeg?h=225&w=225,
292543538,Cadbury Picnic Bars 4X38g,https://www.tesco.com/groceries/en-GB/shop/food-cupboard/all?department=Chocolate%2C%20Sweets%2C%20Mints%20%26%20Chewing%20Gum&viewAll=department&page=,,,,,/groceries/en-GB/products/292543538,https://digitalcontent.api.tesco.com/v2/media/ghs/814e53cd-f6dd-4f71-9f66-2bc6a8f209c7/dfbc99cb-cff6-4bb6-9dd0-32d4786bf48a_1030649658.jpeg?h=225&w=225,This product's currently out of stock
302307809,Twix Twin 9 Pack 360G,https://www.tesco.com/groceries/en-GB/shop/food-cupboard/all?department=Chocolate%2C%20Sweets%2C%20Mints%20%26%20Chewing%20Gum&viewAll=department&page=,£2.00,£0.56/100g,,,/groceries/en-GB/products/302307809,https://digitalcontent.api.tesco.com/v2/media/ghs/dc8523e2-43f9-489c-8067-b850d356efed/bf543879-4abf-4405-adbf-01e6acf38f69_920796410.jpeg?h=225&w=225,
309765071,Quality Street Matchmakers Honeycomb 120G,https://www.tesco.com/groceries/en-GB/shop/food-cupboard/all?department=Chocolate%2C%20Sweets%2C%20Mints%20%26%20Chewing%20Gum&viewAll=department&page=,£1.25,£1.05/100g,,,/groceries/en-GB/products/309765071,https://digitalcontent.api.tesco.com/v2/media/ghs/053df14e-344a-43cd-9985-c92fe7e071e1/95bc4919-800e-4284-b3ca-3f0c77bf220d_1005817754.jpeg?h=225&w=225,
311268242,Cadbury Dairy Milk Caramel Chocolate Bar 180G,https://www.tesco.com/groceries/en-GB/shop/food-cupboard/all?department=Chocolate%2C%20Sweets%2C%20Mints%20%26%20Chewing%20Gum&viewAll=department&page=,£1.75,£0.97/100g,,,/groceries/en-GB/products/311268242,https://digitalcontent.api.tesco.com/v2/media/ghs/fcec5a00-1281-47b2-8030-2f2befd5dcc4/007d3196-bd4d-46c2-8672-b340b250f9e7_1948122653.jpeg?h=225&w=225,
268392458,Tesco Lemon Sherbets 200G,https://www.tesco.com/groceries/en-GB/shop/food-cupboard/all?department=Chocolate%2C%20Sweets%2C%20Mints%20%26%20Chewing%20Gum&viewAll=department&page=,£0.85,£0.42/100g,,,/groceries/en-GB/products/268392458,https://digitalcontent.api.tesco.com/v2/media/ghs/2c1a0076-6b4b-404d-bc24-b049ec9fcf27/e846667c-d352-4c5d-82b9-36e4ede976e9_33624863.jpeg?h=225&w=225,
275523317,Cadbury Dairy Milk Caramel Chocolate Bar 120G,https://www.tesco.com/groceries/en-GB/shop/food-cupboard/all?department=Chocolate%2C%20Sweets%2C%20Mints%20%26%20Chewing%20Gum&viewAll=department&page=,£1.25,£1.05/100g,,,/groceries/en-GB/products/275523317,https://digitalcontent.api.tesco.com/v2/media/ghs/aed43a8d-19b5-44b5-989c-601ec9fb2faf/bc200fe4-a85d-4307-a1a2-9410ce375afc_2028105051.jpeg?h=225&w=225,
293597030,Cadbury Dairy Milk Fruit & Nut Chocolate Bar 110G,https://www.tesco.com/groceries/en-GB/shop/food-cupboard/all?department=Chocolate%2C%20Sweets%2C%20Mints%20%26%20Chewing%20Gum&viewAll=department&page=,£1.25,£1.14/100g,Aldi Price Match,,/groceries/en-GB/products/293597030,https://digitalcontent.api.tesco.com/v2/media/ghs/b8743b0c-60b2-43cd-9e41-fc17220217f5/50a5e501-0e37-433a-80b7-ea49c3245fa0_327127375.jpeg?h=225&w=225,
311955310,M&M's Peanut Chocolate More To Share Pouch 220G,https://www.tesco.com/groceries/en-GB/shop/food-cupboard/all?department=Chocolate%2C%20Sweets%2C%20Mints%20%26%20Chewing%20Gum&viewAll=department&page=,£2.25,£1.03/100g,,,/groceries/en-GB/products/311955310,https://digitalcontent.api.tesco.com/v2/media/ghs/234ebae8-15e9-4a59-ba50-0ad5e413ccf1/feb52bb2-a582-4ab1-a128-a754967b8844_1350154830.jpeg?h=225&w=225,
303670704,M&M's Crispy Chocolate Pouch 107G,https://www.tesco.com/groceries/en-GB/shop/food-cupboard/all?department=Chocolate%2C%20Sweets%2C%20Mints%20%26%20Chewing%20Gum&viewAll=department&page=,£1.35,£1.27/100g,,,/groceries/en-GB/products/303670704,https://digitalcontent.api.tesco.com/v2/media/ghs/6dd5415f-da34-47fa-a053-f14c63ad601f/d49c2962-0933-43bf-b471-08ddad6a9979_766409977.jpeg?h=225&w=225,
306941967,Cadbury Curly Wurly Chocolate 6X21.5G,https://www.tesco.com/groceries/en-GB/shop/food-cupboard/all?department=Chocolate%2C%20Sweets%2C%20Mints%20%26%20Chewing%20Gum&viewAll=department&page=,,,,,/groceries/en-GB/products/306941967,https://digitalcontent.api.tesco.com/v2/media/ghs/608157f2-532f-4eb9-8ca4-a3c5f093edd4/9c8798be-e3ae-4100-bdb0-e844a10216df_372714937.jpeg?h=225&w=225,This product's currently out of stock
270965130,Tesco Milk Bottles 75G,https://www.tesco.com/groceries/en-GB/shop/food-cupboard/all?department=Chocolate%2C%20Sweets%2C%20Mints%20%26%20Chewing%20Gum&viewAll=department&page=,£0.50,£0.67/100g,,,/groceries/en-GB/products/270965130,https://digitalcontent.api.tesco.com/v2/media/ghs/1a2f5058-4824-4b37-890e-ce48073b5e4a/66c8a8eb-b2e9-4644-8b76-19bde07d338e_349720682.jpeg?h=225&w=225,
284181880,Tesco Raspberry Mushrooms 75G,https://www.tesco.com/groceries/en-GB/shop/food-cupboard/all?department=Chocolate%2C%20Sweets%2C%20Mints%20%26%20Chewing%20Gum&viewAll=department&page=,£0.50,£0.67/100g,,,/groceries/en-GB/products/284181880,https://digitalcontent.api.tesco.com/v2/media/ghs/c60661c4-6733-4fda-ba7e-d71f33652cc3/d0705eeb-494d-4ac3-9490-32e6eff23fac.jpeg?h=225&w=225,
303823283,Cadbury Heroes 290G,https://www.tesco.com/groceries/en-GB/shop/food-cupboard/all?department=Chocolate%2C%20Sweets%2C%20Mints%20%26%20Chewing%20Gum&viewAll=department&page=,£3.00,£1.04/100g,,,/groceries/en-GB/products/303823283,https://digitalcontent.api.tesco.com/v2/media/ghs/3a83b286-d75d-4b3a-9980-bc4871565d78/820afdb6-4adc-4a6b-b0d2-a821d5359e63_1500042337.jpeg?h=225&w=225,
284775667,Cadbury Dairy Milk Buttons 6 Pack,https://www.tesco.com/groceries/en-GB/shop/food-cupboard/all?department=Chocolate%2C%20Sweets%2C%20Mints%20%26%20Chewing%20Gum&viewAll=department&page=,£1.00,£1.20/100g,,,/groceries/en-GB/products/284775667,https://digitalcontent.api.tesco.com/v2/media/ghs/e6e16b89-7e39-49f7-9be0-ef19674471c8/4856afdd-d4d9-40cb-809e-9c2df1fbd785_1634226526.jpeg?h=225&w=225,
312569184,Cadbury Heroes Pouch 357G,https://www.tesco.com/groceries/en-GB/shop/food-cupboard/all?department=Chocolate%2C%20Sweets%2C%20Mints%20%26%20Chewing%20Gum&viewAll=department&page=,£3.50,£0.98/100g,,,/groceries/en-GB/products/312569184,https://digitalcontent.api.tesco.com/v2/media/ghs/8cf1a57a-387c-4e76-9226-018ca31000f1/21bb9148-9f7b-401c-a496-e132e365ebdb_1090455938.jpeg?h=225&w=225,
311670623,Tesco Milk Chocolate Turkish Delight Thins 180G,https://www.tesco.com/groceries/en-GB/shop/food-cupboard/all?department=Chocolate%2C%20Sweets%2C%20Mints%20%26%20Chewing%20Gum&viewAll=department&page=,£1.00,£0.56/100g,,,/groceries/en-GB/products/311670623,https://digitalcontent.api.tesco.com/v2/media/ghs/11738d0f-e8cc-4146-9961-ca7e66c0f22f/639b24e2-d455-4924-8afa-b08a5cf65c1f_606940818.jpeg?h=225&w=225,
303668380,Haribo Giant Strawbs Gone Mini 16G,https://www.tesco.com/groceries/en-GB/shop/food-cupboard/all?department=Chocolate%2C%20Sweets%2C%20Mints%20%26%20Chewing%20Gum&viewAll=department&page=,£0.20,£1.25/100g,,,/groceries/en-GB/products/303668380,https://digitalcontent.api.tesco.com/v2/media/ghs/a6864960-5a41-48c1-8bc0-7c277f49c7a4/619ff361-db06-44e3-a3ea-e0fb067c066a_1043841400.jpeg?h=225&w=225,
259141009,Chupa Chupa Melody Pops 15G,https://www.tesco.com/groceries/en-GB/shop/food-cupboard/all?department=Chocolate%2C%20Sweets%2C%20Mints%20%26%20Chewing%20Gum&viewAll=department&page=,£0.25,£1.67/100g,,New,/groceries/en-GB/products/259141009,,
312095179,Cadbury Dairy Milk Chunk Pouch 350G,https://www.tesco.com/groceries/en-GB/shop/food-cupboard/all?department=Chocolate%2C%20Sweets%2C%20Mints%20%26%20Chewing%20Gum&viewAll=department&page=,£3.50,£1.00/100g,,,/groceries/en-GB/products/312095179,,
260740048,Lindt Lindor 60% Dark Chocolate Truffles Carton 200G,https://www.tesco.com/groceries/en-GB/shop/food-cupboard/all?department=Chocolate%2C%20Sweets%2C%20Mints%20%26%20Chewing%20Gum&viewAll=department&page=,£5.50,£2.75/100g,£4.00 Clubcard Price,,/groceries/en-GB/products/260740048,https://digitalcontent.api.tesco.com/v2/media/ghs/0116fc4b-3e90-474d-afa4-65d47374f521/a4897d7c-add0-4261-a1d8-32c46cb4f08c_873217489.jpeg?h=225&w=225,
306495999,Lindt Lindor Salted Caramel Truffles 200G,https://www.tesco.com/groceries/en-GB/shop/food-cupboard/all?department=Chocolate%2C%20Sweets%2C%20Mints%20%26%20Chewing%20Gum&viewAll=department&page=,£5.50,£2.75/100g,£4.00 Clubcard Price,,/groceries/en-GB/products/306495999,https://digitalcontent.api.tesco.com/v2/media/ghs/5dba740b-9326-48fa-9806-47a4b42760ae/29a0dea5-96d2-49d6-831e-2c58cff9cc7e_1794763645.jpeg?h=225&w=225,
302280925,Wrigley's Extra Spearmint 6X10 Pieces 84G,https://www.tesco.com/groceries/en-GB/shop/food-cupboard/all?department=Chocolate%2C%20Sweets%2C%20Mints%20%26%20Chewing%20Gum&viewAll=department&page=,£2.50,£2.98/100g,,,/groceries/en-GB/products/302280925,https://digitalcontent.api.tesco.com/v2/media/ghs/7c2a9e08-1441-41c8-95b0-fcc170aa57fd/c6fe5e8d-1e4b-44d9-b2a9-56e02a9df6e6_1758339970.jpeg?h=225&w=225,
254896546,Ferrero Rocher 16 Pieces Boxed Chocolates 200G,https://www.tesco.com/groceries/en-GB/shop/food-cupboard/all?department=Chocolate%2C%20Sweets%2C%20Mints%20%26%20Chewing%20Gum&viewAll=department&page=,£5.25,£2.63/100g,£4.00 Clubcard Price,,/groceries/en-GB/products/254896546,https://digitalcontent.api.tesco.com/v2/media/ghs/1e4d726c-5cd8-42f1-87d2-cf2230f2bc83/7549d243-de60-4f32-afc9-de7c4a22653d_1120747287.jpeg?h=225&w=225,
309481095,Lindt Classic Recipe Milk Chocolate Bar 125G,https://www.tesco.com/groceries/en-GB/shop/food-cupboard/all?department=Chocolate%2C%20Sweets%2C%20Mints%20%26%20Chewing%20Gum&viewAll=department&page=,£2.00,£1.60/100g,£1.25 Clubcard Price,,/groceries/en-GB/products/309481095,https://digitalcontent.api.tesco.com/v2/media/ghs/3deca6c6-4537-45ad-ac42-e2ad15e12772/f4e7bda3-310f-4188-bf95-e7bee6460dad_1074059105.jpeg?h=225&w=225,
282371451,Wrigley Extra Bubblemint Gum Bottle 46 Pieces,https://www.tesco.com/groceries/en-GB/shop/food-cupboard/all?department=Chocolate%2C%20Sweets%2C%20Mints%20%26%20Chewing%20Gum&viewAll=department&page=,£1.99,£0.04/each,,,/groceries/en-GB/products/282371451,https://digitalcontent.api.tesco.com/v2/media/ghs/65190999-4ce3-467a-a97c-2741c45cb57c/1a1babc7-97d5-49ff-a292-41fc7e7174d5_1913983756.jpeg?h=225&w=225,
303670353,Green & Blacks Organic Ginger Chocolate 90G,https://www.tesco.com/groceries/en-GB/shop/food-cupboard/all?department=Chocolate%2C%20Sweets%2C%20Mints%20%26%20Chewing%20Gum&viewAll=department&page=,£2.00,£2.23/100g,,,/groceries/en-GB/products/303670353,https://digitalcontent.api.tesco.com/v2/media/ghs/9767898b-0d7b-4592-afb5-0d50d8153148/18c0c8a5-37a5-4b8f-8927-2c532c41b44f_1446299537.jpeg?h=225&w=225,
311796549,Elizabeth Shaw Mint Crisp 162G,https://www.tesco.com/groceries/en-GB/shop/food-cupboard/all?department=Chocolate%2C%20Sweets%2C%20Mints%20%26%20Chewing%20Gum&viewAll=department&page=,£3.50,£2.17/100g,£2.50 Clubcard Price,,/groceries/en-GB/products/311796549,https://digitalcontent.api.tesco.com/v2/media/ghs/ebe1e81a-51c5-4ea3-8a4f-268eb4c21b49/c2d5a1ce-58df-40bf-aeda-aed556867e2a_2112764192.jpeg?h=225&w=225,
268370997,Lindt Lindor Milk Chocolate Bar 100G,https://www.tesco.com/groceries/en-GB/shop/food-cupboard/all?department=Chocolate%2C%20Sweets%2C%20Mints%20%26%20Chewing%20Gum&viewAll=department&page=,£2.00,£2.00/100g,£1.50 Clubcard Price,,/groceries/en-GB/products/268370997,https://digitalcontent.api.tesco.com/v2/media/ghs/981e1953-2536-4a80-9339-b2af913d2080/c645cbb8-8559-4493-b473-041e63a799bd_628260603.jpeg?h=225&w=225,
309457729,Lindt Classic Recipe Hazelnut Milk Chocolate Bar 125G,https://www.tesco.com/groceries/en-GB/shop/food-cupboard/all?department=Chocolate%2C%20Sweets%2C%20Mints%20%26%20Chewing%20Gum&viewAll=department&page=,£2.00,£1.60/100g,£1.25 Clubcard Price,,/groceries/en-GB/products/309457729,https://digitalcontent.api.tesco.com/v2/media/ghs/d3637167-c533-4bf3-8b58-e06975765e34/aff7d298-6c65-450e-b43d-f7cd517096c9_621309027.jpeg?h=225&w=225,
308465145,Milkybar White Chocolate Pouch 196G,https://www.tesco.com/groceries/en-GB/shop/food-cupboard/all?department=Chocolate%2C%20Sweets%2C%20Mints%20%26%20Chewing%20Gum&viewAll=department&page=,£1.99,£1.02/100g,,,/groceries/en-GB/products/308465145,https://digitalcontent.api.tesco.com/v2/media/ghs/7a3b360f-6d0c-424e-8071-51fc3b9401ce/808b4666-6d63-4c84-b454-23ef3d9e3ad9_412031937.jpeg?h=225&w=225,
264865165,Smint Peppermint 35G,https://www.tesco.com/groceries/en-GB/shop/food-cupboard/all?department=Chocolate%2C%20Sweets%2C%20Mints%20%26%20Chewing%20Gum&viewAll=department&page=,£1.35,£3.86/100g,,,/groceries/en-GB/products/264865165,https://digitalcontent.api.tesco.com/v2/media/ghs/b8f515bc-1bb1-4b8d-bdcf-cb841b451630/736ba6ea-1a00-47f2-b8d1-4c44744af429_183153389.jpeg?h=225&w=225,
311801464,Quality Street Carton 220G,https://www.tesco.com/groceries/en-GB/shop/food-cupboard/all?department=Chocolate%2C%20Sweets%2C%20Mints%20%26%20Chewing%20Gum&viewAll=department&page=,£3.00,£1.37/100g,£2.00 Clubcard Price,,/groceries/en-GB/products/311801464,https://digitalcontent.api.tesco.com/v2/media/ghs/d5443bda-6be7-4d86-a692-e0fb5ca3c2ab/58e83c90-8ae8-49a3-ac5a-7e7b7333742a_1870576220.jpeg?h=225&w=225,
308102731,Tesco Dark Chocolate Salted Caramel 100G,https://www.tesco.com/groceries/en-GB/shop/food-cupboard/all?department=Chocolate%2C%20Sweets%2C%20Mints%20%26%20Chewing%20Gum&viewAll=department&page=,£1.10,£1.10/100g,,,/groceries/en-GB/products/308102731,https://digitalcontent.api.tesco.com/v2/media/ghs/5d9dec83-1eee-4880-b147-7ef3fcc7a07a/80061aed-010e-4204-971e-116d550413df_602466442.jpeg?h=225&w=225,
293906771,Tic Tac Fresh Mint Multi Pack 64G,https://www.tesco.com/groceries/en-GB/shop/food-cupboard/all?department=Chocolate%2C%20Sweets%2C%20Mints%20%26%20Chewing%20Gum&viewAll=department&page=,£1.20,£1.88/100g,,,/groceries/en-GB/products/293906771,https://digitalcontent.api.tesco.com/v2/media/ghs/293b5bc4-f36e-4dd4-a90e-6e0b74d0afff/a30a5fc9-bebb-4286-a1b0-32650954db8d_12375223.jpeg?h=225&w=225,
272492835,Bassetts Liquorice Allsorts 190G,https://www.tesco.com/groceries/en-GB/shop/food-cupboard/all?department=Chocolate%2C%20Sweets%2C%20Mints%20%26%20Chewing%20Gum&viewAll=department&page=,£1.50,£0.79/100g,,,/groceries/en-GB/products/272492835,https://digitalcontent.api.tesco.com/v2/media/ghs/b3fb284e-bdcb-42d1-8974-40e8a4852b2d/90462b4d-3e22-421d-aa4b-7e179f83ec24_1899920224.jpeg?h=225&w=225,
300227135,Munchies Pouch Bag 104G,https://www.tesco.com/groceries/en-GB/shop/food-cupboard/all?department=Chocolate%2C%20Sweets%2C%20Mints%20%26%20Chewing%20Gum&viewAll=department&page=,£1.25,£1.21/100g,,,/groceries/en-GB/products/300227135,https://digitalcontent.api.tesco.com/v2/media/ghs/c1e47076-cc34-4a2d-9804-cc048fcbe586/88e1008b-52f0-4053-9035-1eaefba3df61_484701419.jpeg?h=225&w=225,
308085560,Aero Milk Chocolate Peppermint Bubbles 92G,https://www.tesco.com/groceries/en-GB/shop/food-cupboard/all?department=Chocolate%2C%20Sweets%2C%20Mints%20%26%20Chewing%20Gum&viewAll=department&page=,£1.25,£1.36/100g,,,/groceries/en-GB/products/308085560,https://digitalcontent.api.tesco.com/v2/media/ghs/90ced607-eb45-4b66-a94b-1ed59868646e/82fe7b85-8825-458d-b02e-6c6948316a17_1701957279.jpeg?h=225&w=225,
307165686,Aero Purely Chocolate Sharing Bar 90G,https://www.tesco.com/groceries/en-GB/shop/food-cupboard/all?department=Chocolate%2C%20Sweets%2C%20Mints%20%26%20Chewing%20Gum&viewAll=department&page=,£1.00,£1.12/100g,,,/groceries/en-GB/products/307165686,https://digitalcontent.api.tesco.com/v2/media/ghs/279dbc04-a313-46b1-a62d-cb27eaae7cc2/7cdb9439-17c0-4fcb-8be5-af770e0880cc_3385482.jpeg?h=225&w=225,
311683026,Cadbury Caramilk Chocolate Bars 4 X 28G,https://www.tesco.com/groceries/en-GB/shop/food-cupboard/all?department=Chocolate%2C%20Sweets%2C%20Mints%20%26%20Chewing%20Gum&viewAll=department&page=,£1.25,£1.12/100g,,,/groceries/en-GB/products/311683026,https://digitalcontent.api.tesco.com/v2/media/ghs/f89da716-27ee-478d-96d7-980799978bc0/a4e51af9-b68f-4050-8cd8-bd9dc5e39279_2001625989.jpeg?h=225&w=225,
310163131,Skittles Fruit Giants 141G,https://www.tesco.com/groceries/en-GB/shop/food-cupboard/all?department=Chocolate%2C%20Sweets%2C%20Mints%20%26%20Chewing%20Gum&viewAll=department&page=,£0.99,£0.70/100g,Aldi Price Match,,/groceries/en-GB/products/310163131,https://digitalcontent.api.tesco.com/v2/media/ghs/bd04e088-64cd-46e6-aa3e-29ba2ad4087a/a5e88dfd-b351-4bc3-92d2-295554534fee_1748481606.jpeg?h=225&w=225,
308491637,Haribo Fruitilicious Fruit Gums 150G,https://www.tesco.com/groceries/en-GB/shop/food-cupboard/all?department=Chocolate%2C%20Sweets%2C%20Mints%20%26%20Chewing%20Gum&viewAll=department&page=,£1.00,£0.67/100g,,,/groceries/en-GB/products/308491637,https://digitalcontent.api.tesco.com/v2/media/ghs/94b82253-a06c-433c-936c-e7aaec39088a/a57ba3e2-0e20-45ae-9c57-aa5a3787512b_1719350620.jpeg?h=225&w=225,
303823260,Cadbury Roses 290G,https://www.tesco.com/groceries/en-GB/shop/food-cupboard/all?department=Chocolate%2C%20Sweets%2C%20Mints%20%26%20Chewing%20Gum&viewAll=department&page=,£3.00,£1.04/100g,,,/groceries/en-GB/products/303823260,https://digitalcontent.api.tesco.com/v2/media/ghs/7296eb7f-e5f3-4170-924c-e4d89050ee2d/3342517f-351a-4cc8-9ed6-2f1aa0597494_651325611.jpeg?h=225&w=225,
310148582,Rowntree's Tropical Tots Sweets 140G,https://www.tesco.com/groceries/en-GB/shop/food-cupboard/all?department=Chocolate%2C%20Sweets%2C%20Mints%20%26%20Chewing%20Gum&viewAll=department&page=,£0.89,£0.64/100g,,,/groceries/en-GB/products/310148582,https://digitalcontent.api.tesco.com/v2/media/ghs/180224d4-49aa-4d12-a892-8bfd30592c21/bedb3289-8a69-41ab-acea-8fc247b51746_1292893007.jpeg?h=225&w=225,
257214676,Barratts Dip Dabs 23G,https://www.tesco.com/groceries/en-GB/shop/food-cupboard/all?department=Chocolate%2C%20Sweets%2C%20Mints%20%26%20Chewing%20Gum&viewAll=department&page=,£0.55,£2.40/100g,,,/groceries/en-GB/products/257214676,https://digitalcontent.api.tesco.com/v2/media/ghs/7a2a46f8-fcac-46ed-855f-6dfce7d52d0c/46aec9fd-903a-4bcf-a4cb-aa543578b425_1603781263.jpeg?h=225&w=225,
268379626,Tesco Mint Assortment 200G,https://www.tesco.com/groceries/en-GB/shop/food-cupboard/all?department=Chocolate%2C%20Sweets%2C%20Mints%20%26%20Chewing%20Gum&viewAll=department&page=,£0.85,£0.42/100g,,,/groceries/en-GB/products/268379626,https://digitalcontent.api.tesco.com/v2/media/ghs/b23c6697-671a-4d1b-a7f8-46126cd2373f/0b3c2f28-d6a9-4788-a9de-f25f8dd59f85_1571035851.jpeg?h=225&w=225,
286634048,Yorkie Raisin & Biscuit Chocolate Bar 44G,https://www.tesco.com/groceries/en-GB/shop/food-cupboard/all?department=Chocolate%2C%20Sweets%2C%20Mints%20%26%20Chewing%20Gum&viewAll=department&page=,£0.70,£1.60/100g,"£3.40 Meal Deal Clubcard Price £3.90 Meal Deal Regular Price - Selected Drink, Snack, Wrap, Sandwich, Roll, Pasty Or Salad",,/groceries/en-GB/products/286634048,https://digitalcontent.api.tesco.com/v2/media/ghs/c73583f1-eb5c-49d5-96bc-15ed4bc2b938/8ee3f257-91ae-428b-b728-dd8b1ffab70f_1989849720.jpeg?h=225&w=225,
306666072,Tesco Chocolate Eclairs 175G,https://www.tesco.com/groceries/en-GB/shop/food-cupboard/all?department=Chocolate%2C%20Sweets%2C%20Mints%20%26%20Chewing%20Gum&viewAll=department&page=,£0.85,£0.49/100g,,,/groceries/en-GB/products/306666072,https://digitalcontent.api.tesco.com/v2/media/ghs/48bb3224-8c16-4937-ae05-77064dd84b40/ecc7de2e-036b-4046-b365-ae0b9c0a2a69_1375005901.jpeg?h=225&w=225,
306943101,Cadbury Twirl Orange Chocolate Bar 43G,https://www.tesco.com/groceries/en-GB/shop/food-cupboard/all?department=Chocolate%2C%20Sweets%2C%20Mints%20%26%20Chewing%20Gum&viewAll=department&page=,£0.70,£1.63/100g,"£3.40 Meal Deal Clubcard Price £3.90 Meal Deal Regular Price - Selected Drink, Snack, Wrap, Sandwich, Roll, Pasty Or Salad",,/groceries/en-GB/products/306943101,https://digitalcontent.api.tesco.com/v2/media/ghs/8b612db9-5959-4e2f-ac0b-101e6615b28e/93235361-ccea-47c1-9a5e-be8385bed351_405376927.jpeg?h=225&w=225,
272167259,Cadbury Star Bar 49G,https://www.tesco.com/groceries/en-GB/shop/food-cupboard/all?department=Chocolate%2C%20Sweets%2C%20Mints%20%26%20Chewing%20Gum&viewAll=department&page=,£0.70,£1.43/100g,"£3.40 Meal Deal Clubcard Price £3.90 Meal Deal Regular Price - Selected Drink, Snack, Wrap, Sandwich, Roll, Pasty Or Salad",,/groceries/en-GB/products/272167259,https://digitalcontent.api.tesco.com/v2/media/ghs/1fd06818-d940-4136-937d-601931ce59da/ea90ea6f-4f9a-4a1a-8fab-06bc73748b09_2002006917.jpeg?h=225&w=225,
293417088,Trebor Mighties Sugar Free Mints 12.5G,https://www.tesco.com/groceries/en-GB/shop/food-cupboard/all?department=Chocolate%2C%20Sweets%2C%20Mints%20%26%20Chewing%20Gum&viewAll=department&page=,£0.60,£4.80/100g,"£3.40 Meal Deal Clubcard Price £3.90 Meal Deal Regular Price - Selected Drink, Snack, Wrap, Sandwich, Roll, Pasty Or Salad",,/groceries/en-GB/products/293417088,https://digitalcontent.api.tesco.com/v2/media/ghs/e986a212-f50e-45e0-93b1-49677faea22a/4c2d7773-1aea-4d09-9532-01bc88f53b03_67670244.jpeg?h=225&w=225,
302314017,Tesco All Butter Fudge 125G,https://www.tesco.com/groceries/en-GB/shop/food-cupboard/all?department=Chocolate%2C%20Sweets%2C%20Mints%20%26%20Chewing%20Gum&viewAll=department&page=,£1.05,£0.84/100g,,,/groceries/en-GB/products/302314017,https://digitalcontent.api.tesco.com/v2/media/ghs/94634615-15ef-46a0-9c1a-a602ea6c191e/47197332-6e40-4c85-a56b-cafc017039ec_527744801.jpeg?h=225&w=225,
303667679,M&M's Chocolate Pouch 125G,https://www.tesco.com/groceries/en-GB/shop/food-cupboard/all?department=Chocolate%2C%20Sweets%2C%20Mints%20%26%20Chewing%20Gum&viewAll=department&page=,£1.35,£1.08/100g,,,/groceries/en-GB/products/303667679,https://digitalcontent.api.tesco.com/v2/media/ghs/746ec1a9-477f-4147-8cf3-c9d07696d683/c8a35bf0-6e8e-4ee2-8d24-ede3b13c4e78_621034094.jpeg?h=225&w=225,
275049199,Tesco Shrimps & Bananas 80G,https://www.tesco.com/groceries/en-GB/shop/food-cupboard/all?department=Chocolate%2C%20Sweets%2C%20Mints%20%26%20Chewing%20Gum&viewAll=department&page=,£0.50,£0.62/100g,,,/groceries/en-GB/products/275049199,https://digitalcontent.api.tesco.com/v2/media/ghs/861ab6fd-daf5-48f1-bbd1-58435cfee8b4/29e1eb8e-12aa-4e2a-8056-9f4f4697c742_2130412536.jpeg?h=225&w=225,
305830622,Revels Chocolate Pouch 112G,https://www.tesco.com/groceries/en-GB/shop/food-cupboard/all?department=Chocolate%2C%20Sweets%2C%20Mints%20%26%20Chewing%20Gum&viewAll=department&page=,£1.35,£1.21/100g,Aldi Price Match,,/groceries/en-GB/products/305830622,https://digitalcontent.api.tesco.com/v2/media/ghs/90419bde-a1b4-4212-b14b-5065510c07a6/8e0eafac-339d-4713-a837-253dd4105d3b_72489456.jpeg?h=225&w=225,
267673940,Tesco Chocolate Limes 200G,https://www.tesco.com/groceries/en-GB/shop/food-cupboard/all?department=Chocolate%2C%20Sweets%2C%20Mints%20%26%20Chewing%20Gum&viewAll=department&page=,£0.85,£0.42/100g,,,/groceries/en-GB/products/267673940,https://digitalcontent.api.tesco.com/v2/media/ghs/d600a48a-c9c3-4dee-bda8-b19b5c775d13/1b5399cd-eaec-44f7-abfc-2fa765605098_1251757436.jpeg?h=225&w=225,
255906264,Tesco Mini Jelly Beans 85G,https://www.tesco.com/groceries/en-GB/shop/food-cupboard/all?department=Chocolate%2C%20Sweets%2C%20Mints%20%26%20Chewing%20Gum&viewAll=department&page=,£0.50,£0.59/100g,,,/groceries/en-GB/products/255906264,https://digitalcontent.api.tesco.com/v2/media/ghs/1f3adc76-b977-49da-a679-9a8ea74f826c/snapshotimagehandler_1291272405.jpeg?h=225&w=225,
253273191,Chewits Strawberry Single 30G,https://www.tesco.com/groceries/en-GB/shop/food-cupboard/all?department=Chocolate%2C%20Sweets%2C%20Mints%20%26%20Chewing%20Gum&viewAll=department&page=,£0.35,£1.17/100g,,,/groceries/en-GB/products/253273191,https://digitalcontent.api.tesco.com/v2/media/ghs/254b039c-8bd5-4fe2-96af-96c2a80887e2/10532464-bb7a-47be-9436-573ced4b7483_729269810.jpeg?h=225&w=225,
307354733,Fruit Flavour Candy Sticks With Temporary Tattoo 18G,https://www.tesco.com/groceries/en-GB/shop/food-cupboard/all?department=Chocolate%2C%20Sweets%2C%20Mints%20%26%20Chewing%20Gum&viewAll=department&page=,£0.40,£2.23/100g,,,/groceries/en-GB/products/307354733,https://digitalcontent.api.tesco.com/v2/media/ghs/a2be11de-202f-4a49-93cd-becef88214bc/8d69f70d-0dbe-45b4-bacc-2c61e870cb99_593028567.jpeg?h=225&w=225,
287851814,Galaxy Salted Caramel 135G,https://www.tesco.com/groceries/en-GB/shop/food-cupboard/all?department=Chocolate%2C%20Sweets%2C%20Mints%20%26%20Chewing%20Gum&viewAll=department&page=,£0.99,£0.73/100g,,,/groceries/en-GB/products/287851814,https://digitalcontent.api.tesco.com/v2/media/ghs/83226901-7ad7-49b9-99b5-b69538a39dc3/c3a5cce9-6bf8-4faf-9ef7-6b973528c049_1171355343.jpeg?h=225&w=225,
300794960,Tesco Whole Nut Milk Chocolate Bar 200G,https://www.tesco.com/groceries/en-GB/shop/food-cupboard/all?department=Chocolate%2C%20Sweets%2C%20Mints%20%26%20Chewing%20Gum&viewAll=department&page=,£1.00,£0.50/100g,,,/groceries/en-GB/products/300794960,https://digitalcontent.api.tesco.com/v2/media/ghs/2f4f670c-d413-4cd8-be28-d984b5d6f6a8/3e5babf0-ec83-4c67-bfd0-2ce6c5a12a00_931143019.jpeg?h=225&w=225,
265059450,Lindt Lindor White Chocolate Truffles Carton 200G,https://www.tesco.com/groceries/en-GB/shop/food-cupboard/all?department=Chocolate%2C%20Sweets%2C%20Mints%20%26%20Chewing%20Gum&viewAll=department&page=,£5.50,£2.75/100g,£4.00 Clubcard Price,,/groceries/en-GB/products/265059450,https://digitalcontent.api.tesco.com/v2/media/ghs/aad172e8-9099-4a23-b8dd-303580432e2c/ec724d0b-fb4b-47ef-bb20-62d916664ba3_1096437525.jpeg?h=225&w=225,
302295999,"Thorntons Classic Collection Of Milk, Dark & White Chocolate 449G",https://www.tesco.com/groceries/en-GB/shop/food-cupboard/all?department=Chocolate%2C%20Sweets%2C%20Mints%20%26%20Chewing%20Gum&viewAll=department&page=,£8.50,£1.90/100g,£7.00 Clubcard Price,,/groceries/en-GB/products/302295999,https://digitalcontent.api.tesco.com/v2/media/ghs/996265cc-1e05-40b2-8f94-d2556f708d9a/050f4580-c942-4798-a4a9-4747e8eadfbd_2115852269.jpeg?h=225&w=225,
258202216,Lindt Dark Chocolate With Hazelnut Bar 150G,https://www.tesco.com/groceries/en-GB/shop/food-cupboard/all?department=Chocolate%2C%20Sweets%2C%20Mints%20%26%20Chewing%20Gum&viewAll=department&page=,£3.00,£2.00/100g,,,/groceries/en-GB/products/258202216,https://digitalcontent.api.tesco.com/v2/media/ghs/3fd5dc2e-7274-43a1-ae7e-82768ec68f4c/d2cd11e1-596d-428f-86c8-2d6393c788c8_1696713257.jpeg?h=225&w=225,
306955876,Kinder Bueno Chocolate Wafer Bars 10 X 43G,https://www.tesco.com/groceries/en-GB/shop/food-cupboard/all?department=Chocolate%2C%20Sweets%2C%20Mints%20%26%20Chewing%20Gum&viewAll=department&page=,£4.20,£0.98/100g,,,/groceries/en-GB/products/306955876,https://digitalcontent.api.tesco.com/v2/media/ghs/622d728d-b5d9-43f8-acb8-e07cff3045c9/edbd2eea-4c43-4623-b45e-0cab34d00126_586074383.jpeg?h=225&w=225,
309167525,Celebrations Chocolates 370G,https://www.tesco.com/groceries/en-GB/shop/food-cupboard/all?department=Chocolate%2C%20Sweets%2C%20Mints%20%26%20Chewing%20Gum&viewAll=department&page=,£3.50,£0.95/100g,,,/groceries/en-GB/products/309167525,https://digitalcontent.api.tesco.com/v2/media/ghs/1fceb7a0-91f8-4114-a5b0-305b5acd3101/e3946fd7-b52e-466d-b0a2-fc2e45dadd64_1008720991.jpeg?h=225&w=225,
250986325,Lindt Excellence 85% Cocoa 100G,https://www.tesco.com/groceries/en-GB/shop/food-cupboard/all?department=Chocolate%2C%20Sweets%2C%20Mints%20%26%20Chewing%20Gum&viewAll=department&page=,£2.10,£2.10/100g,,,/groceries/en-GB/products/250986325,https://digitalcontent.api.tesco.com/v2/media/ghs/6e744cc9-8f38-4d4a-b9dc-4f1d61296234/f4df7732-ad0a-4196-a2e5-5eda14b3fd42_455658399.jpeg?h=225&w=225,
302312676,Wrigley's Extra White Bubblemint 6X10 Pieces 84G,https://www.tesco.com/groceries/en-GB/shop/food-cupboard/all?department=Chocolate%2C%20Sweets%2C%20Mints%20%26%20Chewing%20Gum&viewAll=department&page=,£2.50,£2.98/100g,,,/groceries/en-GB/products/302312676,https://digitalcontent.api.tesco.com/v2/media/ghs/d6e6a598-4258-4afc-bb1a-fcc959377d05/fcb38e5b-f770-49c4-aeae-bb9e521e6c8c_2051724461.jpeg?h=225&w=225,
293283279,Extra Coolbreeze 60 Piece Bottle 84G,https://www.tesco.com/groceries/en-GB/shop/food-cupboard/all?department=Chocolate%2C%20Sweets%2C%20Mints%20%26%20Chewing%20Gum&viewAll=department&page=,£2.50,£2.98/100g,,,/groceries/en-GB/products/293283279,https://digitalcontent.api.tesco.com/v2/media/ghs/532a050c-2cd3-47b0-86c5-022f720b58bf/698cc789-ba43-4228-9473-6fbb430a2519_409383780.jpeg?h=225&w=225,
311425569,Montezuma's Black Forest Cherry Dark Chocolate Bar 90G,https://www.tesco.com/groceries/en-GB/shop/food-cupboard/all?department=Chocolate%2C%20Sweets%2C%20Mints%20%26%20Chewing%20Gum&viewAll=department&page=,£2.60,£2.89/100g,,,/groceries/en-GB/products/311425569,https://digitalcontent.api.tesco.com/v2/media/ghs/d2314475-7b4c-4b18-b1c5-6c38ad350538/4d057279-95b0-4b30-b182-d51fd0c28667_2088806157.jpeg?h=225&w=225,
311262070,After Eight The Collection Box 199G,https://www.tesco.com/groceries/en-GB/shop/food-cupboard/all?department=Chocolate%2C%20Sweets%2C%20Mints%20%26%20Chewing%20Gum&viewAll=department&page=,£5.00,£2.52/100g,£3.50 Clubcard Price,,/groceries/en-GB/products/311262070,https://digitalcontent.api.tesco.com/v2/media/ghs/945665c9-d77a-42d1-a89b-95ed04473b8e/69361bd0-987c-40c6-a5ab-e2089fa8ec13_702727716.jpeg?h=225&w=225,
302318762,Wrigley's Extra Cool Breeze 6X10 Pieces 84G,https://www.tesco.com/groceries/en-GB/shop/food-cupboard/all?department=Chocolate%2C%20Sweets%2C%20Mints%20%26%20Chewing%20Gum&viewAll=department&page=,£2.50,£2.98/100g,,,/groceries/en-GB/products/302318762,https://digitalcontent.api.tesco.com/v2/media/ghs/89eaa9cf-ebd2-474e-ae4d-aa0a3dc4cdae/e956f948-ee3c-4139-9ef5-eff3301fdd6c_908008885.jpeg?h=225&w=225,
256363293,Lindt Excellence Dark Orange Intense Chocolate Bar 100G,https://www.tesco.com/groceries/en-GB/shop/food-cupboard/all?department=Chocolate%2C%20Sweets%2C%20Mints%20%26%20Chewing%20Gum&viewAll=department&page=,£2.10,£2.10/100g,,,/groceries/en-GB/products/256363293,https://digitalcontent.api.tesco.com/v2/media/ghs/68e8ca97-8de3-462b-a38f-0901e9afae86/1d9c9cc2-8c39-48c2-b5a6-eb1d916f8e21_1074252252.jpeg?h=225&w=225,
312566020,Cadbury Roses Pouch 357G Roses Pouch,https://www.tesco.com/groceries/en-GB/shop/food-cupboard/all?department=Chocolate%2C%20Sweets%2C%20Mints%20%26%20Chewing%20Gum&viewAll=department&page=,£3.50,£0.98/100g,,,/groceries/en-GB/products/312566020,https://digitalcontent.api.tesco.com/v2/media/ghs/b278c958-1125-4592-8d4f-f57571dd07ec/2c4cff31-75a2-44dd-b6d1-fcb9ecfe2437_515586305.jpeg?h=225&w=225,
309481164,Ferrero Rocher Original Milk Chocolate Bar 90G,https://www.tesco.com/groceries/en-GB/shop/food-cupboard/all?department=Chocolate%2C%20Sweets%2C%20Mints%20%26%20Chewing%20Gum&viewAll=department&page=,£2.00,£2.23/100g,,,/groceries/en-GB/products/309481164,https://digitalcontent.api.tesco.com/v2/media/ghs/466f0fe1-e6a6-4f6c-b0f5-b9e16273a870/55c4e187-d046-431d-b415-d56bb7364328_2085121476.jpeg?h=225&w=225,
251528907,Cadbury Dairy Milk Buttons Tube 72G,https://www.tesco.com/groceries/en-GB/shop/food-cupboard/all?department=Chocolate%2C%20Sweets%2C%20Mints%20%26%20Chewing%20Gum&viewAll=department&page=,£1.25,£1.74/100g,£1.00 Clubcard Price,,/groceries/en-GB/products/251528907,https://digitalcontent.api.tesco.com/v2/media/ghs/767c4f07-e758-49f8-bdad-2b5874e1faef/0a006dde-256c-4228-9a9b-dd9d57ee8254_340558513.jpeg?h=225&w=225,
307743647,Mentos Mint Chewy Sweets 5 X 38G,https://www.tesco.com/groceries/en-GB/shop/food-cupboard/all?department=Chocolate%2C%20Sweets%2C%20Mints%20%26%20Chewing%20Gum&viewAll=department&page=,£1.65,£0.87/100g,,,/groceries/en-GB/products/307743647,https://digitalcontent.api.tesco.com/v2/media/ghs/5d816098-2b67-4bbd-a3b4-19d97e166c51/5ebf067f-c8e7-4e7a-83b9-101ff8cc2de0_520719407.jpeg?h=225&w=225,
307510007,Kit Kat 2 Fingers Wafer Milk Chocolate Honeycomb 9X20.7G,https://www.tesco.com/groceries/en-GB/shop/food-cupboard/all?department=Chocolate%2C%20Sweets%2C%20Mints%20%26%20Chewing%20Gum&viewAll=department&page=,£1.50,£0.81/100g,,,/groceries/en-GB/products/307510007,https://digitalcontent.api.tesco.com/v2/media/ghs/65e1ba71-f3de-4bb7-b646-75f93904b585/bf65b038-5109-44b7-a454-a45af41852ca_473520262.jpeg?h=225&w=225,
271645732,Elizabeth Shaw Mint Collection 200G,https://www.tesco.com/groceries/en-GB/shop/food-cupboard/all?department=Chocolate%2C%20Sweets%2C%20Mints%20%26%20Chewing%20Gum&viewAll=department&page=,£5.00,£2.50/100g,£3.00 Clubcard Price,,/groceries/en-GB/products/271645732,https://digitalcontent.api.tesco.com/v2/media/ghs/ad424977-59ba-4d19-a9d0-843477b34a2d/a3c18cb1-3047-4d95-9452-38bd7c721044_630056089.jpeg?h=225&w=225,
309775168,Twix White Chocolate Biscuit Twin Bars 4X46g,https://www.tesco.com/groceries/en-GB/shop/food-cupboard/all?department=Chocolate%2C%20Sweets%2C%20Mints%20%26%20Chewing%20Gum&viewAll=department&page=,£1.50,£0.82/100g,,,/groceries/en-GB/products/309775168,https://digitalcontent.api.tesco.com/v2/media/ghs/432b6472-fb73-4cdb-8b0d-85ae8ade0431/60981d1b-67ca-4b5a-a604-49a64bae929f_1072259094.jpeg?h=225&w=225,
309747824,Swizzels Drumsticks Squashies Rhubarb Custard Flavoured 160G,https://www.tesco.com/groceries/en-GB/shop/food-cupboard/all?department=Chocolate%2C%20Sweets%2C%20Mints%20%26%20Chewing%20Gum&viewAll=department&page=,£0.99,£0.62/100g,Aldi Price Match,,/groceries/en-GB/products/309747824,https://digitalcontent.api.tesco.com/v2/media/ghs/2c975a14-6a0f-419f-877d-a6265e878596/dbc3c1a1-bd11-4c6c-88d6-446a6df5b7d3_200153785.jpeg?h=225&w=225,
311277594,Swizzels Drumsticks Squashsies Banana & Blueberry 140G,https://www.tesco.com/groceries/en-GB/shop/food-cupboard/all?department=Chocolate%2C%20Sweets%2C%20Mints%20%26%20Chewing%20Gum&viewAll=department&page=,£0.99,£0.71/100g,,,/groceries/en-GB/products/311277594,https://digitalcontent.api.tesco.com/v2/media/ghs/985a2d21-6d99-4782-8933-c3903ee1441e/8068f1c9-f025-4f44-ad25-8ec8da14290f_89616600.jpeg?h=225&w=225,
310179850,Aero Melts Milk Chocolate Sharing Bag 92G,https://www.tesco.com/groceries/en-GB/shop/food-cupboard/all?department=Chocolate%2C%20Sweets%2C%20Mints%20%26%20Chewing%20Gum&viewAll=department&page=,£1.25,£1.36/100g,,,/groceries/en-GB/products/310179850,https://digitalcontent.api.tesco.com/v2/media/ghs/42d5461f-6ed8-4c90-a00a-094a259501a7/5531d4e8-ab83-4821-a19b-5558dc1de5fc_335585262.jpeg?h=225&w=225,
256582436,Tesco Liquorice Allsorts 250G,https://www.tesco.com/groceries/en-GB/shop/food-cupboard/all?department=Chocolate%2C%20Sweets%2C%20Mints%20%26%20Chewing%20Gum&viewAll=department&page=,£0.85,£0.34/100g,,,/groceries/en-GB/products/256582436,https://digitalcontent.api.tesco.com/v2/media/ghs/772cdb35-76e9-47e6-8370-394d13a58e09/c30709bb-0012-4118-ac3e-30062fc7dcf4_704665644.jpeg?h=225&w=225,
257245057,Milkybar White Chocolate Buttons Bag,https://www.tesco.com/groceries/en-GB/shop/food-cupboard/all?department=Chocolate%2C%20Sweets%2C%20Mints%20%26%20Chewing%20Gum&viewAll=department&page=,£0.70,£2.34/100g,"£3.40 Meal Deal Clubcard Price £3.90 Meal Deal Regular Price - Selected Drink, Snack, Wrap, Sandwich, Roll, Pasty Or Salad",,/groceries/en-GB/products/257245057,https://digitalcontent.api.tesco.com/v2/media/ghs/0b224797-e82f-47dd-89e7-961527e4035b/5081ee23-fbce-4948-9caa-e2929d58a8ba_483318368.jpeg?h=225&w=225,
310689217,Cadbury Caramilk Chocolate Buttons 105G,https://www.tesco.com/groceries/en-GB/shop/food-cupboard/all?department=Chocolate%2C%20Sweets%2C%20Mints%20%26%20Chewing%20Gum&viewAll=department&page=,£1.25,£1.20/100g,,,/groceries/en-GB/products/310689217,https://digitalcontent.api.tesco.com/v2/media/ghs/b7ca2487-f168-45e3-94a7-e99bf7577201/29b6f924-feb8-4cb3-b9f6-1b2a6e1d870e_1012437000.jpeg?h=225&w=225,
256582465,Tesco Fruit Pastilles 250G,https://www.tesco.com/groceries/en-GB/shop/food-cupboard/all?department=Chocolate%2C%20Sweets%2C%20Mints%20%26%20Chewing%20Gum&viewAll=department&page=,£0.85,£0.34/100g,,,/groceries/en-GB/products/256582465,https://digitalcontent.api.tesco.com/v2/media/ghs/cd4a679c-9c3c-46d1-a6d6-028726cf00e6/74567b08-d403-41a9-ace6-4ee743606b1e_761937058.jpeg?h=225&w=225,
305977517,Cadbury Darkmilk Giant Buttons 105G,https://www.tesco.com/groceries/en-GB/shop/food-cupboard/all?department=Chocolate%2C%20Sweets%2C%20Mints%20%26%20Chewing%20Gum&viewAll=department&page=,£1.25,£1.20/100g,,,/groceries/en-GB/products/305977517,https://digitalcontent.api.tesco.com/v2/media/ghs/8c297101-2514-4bc2-b6ea-fdcb8cefa7bb/d48fbe28-f50d-4146-8654-c6fd692197a8_358431588.jpeg?h=225&w=225,
311422895,Haribo Rainbow Strips 130G,https://www.tesco.com/groceries/en-GB/shop/food-cupboard/all?department=Chocolate%2C%20Sweets%2C%20Mints%20%26%20Chewing%20Gum&viewAll=department&page=,£0.90,£0.69/100g,,,/groceries/en-GB/products/311422895,https://digitalcontent.api.tesco.com/v2/media/ghs/c684fa15-ef29-4faf-90f4-3a7cefd69f3e/90c2bd73-8f4f-4650-8cd3-199fe0b7dfa6_826973310.jpeg?h=225&w=225,
303670917,Cadbury Bournville Buttons 110G,https://www.tesco.com/groceries/en-GB/shop/food-cupboard/all?department=Chocolate%2C%20Sweets%2C%20Mints%20%26%20Chewing%20Gum&viewAll=department&page=,£1.25,£1.14/100g,,,/groceries/en-GB/products/303670917,https://digitalcontent.api.tesco.com/v2/media/ghs/8015fd26-adcf-49c7-b0be-aa68c6fc8add/466e753d-ed83-4701-90bc-1af43ec781da_889674186.jpeg?h=225&w=225,
311253357,Haribo Goldbears 175G,https://www.tesco.com/groceries/en-GB/shop/food-cupboard/all?department=Chocolate%2C%20Sweets%2C%20Mints%20%26%20Chewing%20Gum&viewAll=department&page=,£1.00,£0.57/100g,,,/groceries/en-GB/products/311253357,https://digitalcontent.api.tesco.com/v2/media/ghs/7c22af6e-1a16-4c97-99a3-f3275356f087/3ec46108-4f5f-422a-89f2-eb68c33c9d43_2097435717.jpeg?h=225&w=225,
310844466,Skittles Crazy Sours Pouch 152G,https://www.tesco.com/groceries/en-GB/shop/food-cupboard/all?department=Chocolate%2C%20Sweets%2C%20Mints%20%26%20Chewing%20Gum&viewAll=department&page=,£0.99,£0.65/100g,,,/groceries/en-GB/products/310844466,https://digitalcontent.api.tesco.com/v2/media/ghs/9d623f44-2585-4595-a442-14ff6a8e7410/e4210c49-f90a-4a80-b341-f2a321063892_2055550741.jpeg?h=225&w=225,
271372236,Barratts Jumbo Soft Nougat 100G,https://www.tesco.com/groceries/en-GB/shop/food-cupboard/all?department=Chocolate%2C%20Sweets%2C%20Mints%20%26%20Chewing%20Gum&viewAll=department&page=,£0.75,£0.75/100g,,,/groceries/en-GB/products/271372236,https://digitalcontent.api.tesco.com/v2/media/ghs/b153b62a-48b8-4c30-83d9-0b6238f67855/8a55aeb2-a21c-45de-abd3-09eecc16b96c_889540949.jpeg?h=225&w=225,
279906262,Tesco Fizzy Bubblegum Lances 75G,https://www.tesco.com/groceries/en-GB/shop/food-cupboard/all?department=Chocolate%2C%20Sweets%2C%20Mints%20%26%20Chewing%20Gum&viewAll=department&page=,£0.50,£0.67/100g,,,/groceries/en-GB/products/279906262,https://digitalcontent.api.tesco.com/v2/media/ghs/cf459495-2b38-418c-b918-285bb30b7350/5a6802fd-b13d-474f-8eb4-689c91d8375c_52974386.jpeg?h=225&w=225,
311208280,Cadbury Dairy Milk Crunchie Bits Milk Chocolate Bar 180G,https://www.tesco.com/groceries/en-GB/shop/food-cupboard/all?department=Chocolate%2C%20Sweets%2C%20Mints%20%26%20Chewing%20Gum&viewAll=department&page=,£1.75,£0.97/100g,,,/groceries/en-GB/products/311208280,https://digitalcontent.api.tesco.com/v2/media/ghs/c3ed33fa-4059-4c1d-8690-de502ff6e31c/6a0065bb-b5aa-4712-a5b9-f70f6be9366e_1245778648.jpeg?h=225&w=225,
275248124,Cadbury Dairy Milk Oreo Chocolate Bar 120G,https://www.tesco.com/groceries/en-GB/shop/food-cupboard/all?department=Chocolate%2C%20Sweets%2C%20Mints%20%26%20Chewing%20Gum&viewAll=department&page=,£1.25,£1.05/100g,,,/groceries/en-GB/products/275248124,https://digitalcontent.api.tesco.com/v2/media/ghs/1dbfc8aa-6fa1-4d00-8063-bb597c1ebd67/cba88941-ef35-4dab-8b5a-07619be41d28_228957643.jpeg?h=225&w=225,
306939406,Cadbury Dairy Milk Orange Giant Buttons 110G,https://www.tesco.com/groceries/en-GB/shop/food-cupboard/all?department=Chocolate%2C%20Sweets%2C%20Mints%20%26%20Chewing%20Gum&viewAll=department&page=,£1.25,£1.14/100g,,,/groceries/en-GB/products/306939406,https://digitalcontent.api.tesco.com/v2/media/ghs/c30f10ee-aab5-4970-ab70-91a1ebe7a08f/408a7dc0-dfd9-4f0c-9bc5-85ac4dc8749f_159100129.jpeg?h=225&w=225,
272478801,Cadbury Dairy Milk Buttons Bag 40G,https://www.tesco.com/groceries/en-GB/shop/food-cupboard/all?department=Chocolate%2C%20Sweets%2C%20Mints%20%26%20Chewing%20Gum&viewAll=department&page=,£0.70,£1.75/100g,"£3.40 Meal Deal Clubcard Price £3.90 Meal Deal Regular Price - Selected Drink, Snack, Wrap, Sandwich, Roll, Pasty Or Salad",,/groceries/en-GB/products/272478801,https://digitalcontent.api.tesco.com/v2/media/ghs/f9af8eb4-8680-4b02-ad99-09304f79250f/a74895d3-da5f-4a61-8e3b-ca29fa6e16dc_676434302.jpeg?h=225&w=225,
254894531,Cadbury Crunchie Bar 40G,https://www.tesco.com/groceries/en-GB/shop/food-cupboard/all?department=Chocolate%2C%20Sweets%2C%20Mints%20%26%20Chewing%20Gum&viewAll=department&page=,£0.70,£1.75/100g,"£3.40 Meal Deal Clubcard Price £3.90 Meal Deal Regular Price - Selected Drink, Snack, Wrap, Sandwich, Roll, Pasty Or Salad",,/groceries/en-GB/products/254894531,https://digitalcontent.api.tesco.com/v2/media/ghs/24d49b0f-0639-404f-bc3b-593bc7fa3ae9/bf04d25d-905c-47da-9c9c-7708a2e0cab1_395530496.jpeg?h=225&w=225,
252944332,Maltesers Kingsize 58.5G,https://www.tesco.com/groceries/en-GB/shop/food-cupboard/all?department=Chocolate%2C%20Sweets%2C%20Mints%20%26%20Chewing%20Gum&viewAll=department&page=,£0.85,£1.46/100g,"£3.40 Meal Deal Clubcard Price £3.90 Meal Deal Regular Price - Selected Drink, Snack, Wrap, Sandwich, Roll, Pasty Or Salad",,/groceries/en-GB/products/252944332,https://digitalcontent.api.tesco.com/v2/media/ghs/7d8dd001-9fc9-484e-8010-1db9103d0b67/1e4a73a1-004a-4f55-bbb3-0f7cc867b8bf_1325229022.jpeg?h=225&w=225,
306692472,Rowntrees Randoms Juicers 140G,https://www.tesco.com/groceries/en-GB/shop/food-cupboard/all?department=Chocolate%2C%20Sweets%2C%20Mints%20%26%20Chewing%20Gum&viewAll=department&page=,£0.89,£0.64/100g,Aldi Price Match,,/groceries/en-GB/products/306692472,https://digitalcontent.api.tesco.com/v2/media/ghs/cc675aca-4413-4008-bb84-33792ae40d66/b9326c04-ef9d-4f0c-b971-3e724001dace_1210208924.jpeg?h=225&w=225,
303667818,Revels Chocolate Large Pouch 205G,https://www.tesco.com/groceries/en-GB/shop/food-cupboard/all?department=Chocolate%2C%20Sweets%2C%20Mints%20%26%20Chewing%20Gum&viewAll=department&page=,£2.25,£1.10/100g,,,/groceries/en-GB/products/303667818,https://digitalcontent.api.tesco.com/v2/media/ghs/c8e46b04-2a96-4414-b2bc-abd7e087acbf/11780027-5a9e-4af1-8295-f218d796b9c8_947410868.jpeg?h=225&w=225,
306709570,Nestle Milkybar Kid Bar 12G,https://www.tesco.com/groceries/en-GB/shop/food-cupboard/all?department=Chocolate%2C%20Sweets%2C%20Mints%20%26%20Chewing%20Gum&viewAll=department&page=,£0.25,£2.09/100g,,,/groceries/en-GB/products/306709570,https://digitalcontent.api.tesco.com/v2/media/ghs/a17587fc-66f1-4b7e-afde-4cb51c6f8058/32c924f4-69c6-4149-87bc-076fb9e537a4_1535773429.jpeg?h=225&w=225,
279706435,Maltesers Merryteaser Reindeer 29G,https://www.tesco.com/groceries/en-GB/shop/food-cupboard/all?department=Chocolate%2C%20Sweets%2C%20Mints%20%26%20Chewing%20Gum&viewAll=department&page=,£0.50,£1.73/100g,,New,/groceries/en-GB/products/279706435,https://digitalcontent.api.tesco.com/v2/media/ghs/49637318-bff8-4c97-8f35-bb8a5ac62ea4/452758b3-ad2d-4f39-8f1c-46d3980f430d_20819260.jpeg?h=225&w=225,
282279503,Lindt Lindor Strawberry & Cream Truffles 200G,https://www.tesco.com/groceries/en-GB/shop/food-cupboard/all?department=Chocolate%2C%20Sweets%2C%20Mints%20%26%20Chewing%20Gum&viewAll=department&page=,£5.50,£2.75/100g,£4.00 Clubcard Price,,/groceries/en-GB/products/282279503,https://digitalcontent.api.tesco.com/v2/media/ghs/fa434d4f-939a-43db-ae28-7c02119f4237/acc777f1-611e-4f3c-81b6-ef58b74f9fe3_558285085.jpeg?h=225&w=225,
306814652,Cadbury Dairy Milk Winter Mint Crisp 360G,https://www.tesco.com/groceries/en-GB/shop/food-cupboard/all?department=Chocolate%2C%20Sweets%2C%20Mints%20%26%20Chewing%20Gum&viewAll=department&page=,£3.00,£0.83/100g,,,/groceries/en-GB/products/306814652,https://digitalcontent.api.tesco.com/v2/media/ghs/719be850-af60-4b26-af00-861aec3d5531/e694b8c3-685a-4cbd-aa2a-ac1900e03aea_401121440.jpeg?h=225&w=225,
267330576,Bendicks Mint Collection Boxed Carton 400G,https://www.tesco.com/groceries/en-GB/shop/food-cupboard/all?department=Chocolate%2C%20Sweets%2C%20Mints%20%26%20Chewing%20Gum&viewAll=department&page=,£9.50,£2.38/100g,£5.00 Clubcard Price,,/groceries/en-GB/products/267330576,https://digitalcontent.api.tesco.com/v2/media/ghs/ef7a5a7e-e6a6-40a1-8db6-a096ca9c3da7/20ec9697-00d4-46ba-9758-3cea726bd517_1477714232.jpeg?h=225&w=225,
251277783,Lindt Excellence Extra Creamy Milk Chocolate Bar 100G,https://www.tesco.com/groceries/en-GB/shop/food-cupboard/all?department=Chocolate%2C%20Sweets%2C%20Mints%20%26%20Chewing%20Gum&viewAll=department&page=,£2.10,£2.10/100g,,,/groceries/en-GB/products/251277783,https://digitalcontent.api.tesco.com/v2/media/ghs/3d14d434-5132-4778-8713-26743073d3c1/1c727840-3a53-49f0-98fe-b151b79140a9_1861213191.jpeg?h=225&w=225,
302280522,Wrigley's Airwaves Menthol Eucalyptus 6X10pcs 84G,https://www.tesco.com/groceries/en-GB/shop/food-cupboard/all?department=Chocolate%2C%20Sweets%2C%20Mints%20%26%20Chewing%20Gum&viewAll=department&page=,£2.50,£2.98/100g,,,/groceries/en-GB/products/302280522,https://digitalcontent.api.tesco.com/v2/media/ghs/e4abeffd-89ab-43d0-9ed2-0c7b55379267/cb4d3be8-1c05-4500-b480-1d5947536e6d_717063069.jpeg?h=225&w=225,
306502105,Fulfil Chocolate Salted Caramel Vitamin & Protein Bar 40G,https://www.tesco.com/groceries/en-GB/shop/food-cupboard/all?department=Chocolate%2C%20Sweets%2C%20Mints%20%26%20Chewing%20Gum&viewAll=department&page=,£1.50,£3.75/100g,"£3.40 Meal Deal Clubcard Price £3.90 Meal Deal Regular Price - Selected Drink, Snack, Wrap, Sandwich, Roll, Pasty Or Salad",,/groceries/en-GB/products/306502105,https://digitalcontent.api.tesco.com/v2/media/ghs/55a00243-687c-4ffc-a97d-d79a9c9f950b/6d3bd24e-b421-476a-8562-ed83b1ed4753_241936335.jpeg?h=225&w=225,
268730128,Lindt Excellence Caramel With Touch Of Sea Salt 100G,https://www.tesco.com/groceries/en-GB/shop/food-cupboard/all?department=Chocolate%2C%20Sweets%2C%20Mints%20%26%20Chewing%20Gum&viewAll=department&page=,£2.10,£2.10/100g,,,/groceries/en-GB/products/268730128,https://digitalcontent.api.tesco.com/v2/media/ghs/0a0988c9-4e3e-46c6-8320-69d1cbd71afe/6e732de7-0256-4564-8f3b-baf7369127fe_380209953.jpeg?h=225&w=225,
260670257,Lindt Excellence Mint Intense 100G,https://www.tesco.com/groceries/en-GB/shop/food-cupboard/all?department=Chocolate%2C%20Sweets%2C%20Mints%20%26%20Chewing%20Gum&viewAll=department&page=,£2.10,£2.10/100g,,,/groceries/en-GB/products/260670257,https://digitalcontent.api.tesco.com/v2/media/ghs/fab98b8d-fa65-473d-aa4e-8e6840add4cf/snapshotimagehandler_499471407.jpeg?h=225&w=225,
297061478,Famous Names Signature Collection 185G,https://www.tesco.com/groceries/en-GB/shop/food-cupboard/all?department=Chocolate%2C%20Sweets%2C%20Mints%20%26%20Chewing%20Gum&viewAll=department&page=,£5.00,£2.71/100g,£4.00 Clubcard Price,,/groceries/en-GB/products/297061478,https://digitalcontent.api.tesco.com/v2/media/ghs/9059a42b-6c9a-49be-bdea-780c5aeb126f/b126fdfc-28eb-4037-abf4-e2c9948c660d_881969049.jpeg?h=225&w=225,
276578694,Airwaves Menthol & Eucalyptus Gum Bottle 46 Pieces,https://www.tesco.com/groceries/en-GB/shop/food-cupboard/all?department=Chocolate%2C%20Sweets%2C%20Mints%20%26%20Chewing%20Gum&viewAll=department&page=,£1.99,£3.11/100g,Aldi Price Match,,/groceries/en-GB/products/276578694,https://digitalcontent.api.tesco.com/v2/media/ghs/47b514f0-a421-43ad-9d6f-33bd0f9b42b2/d5ae461c-d867-4986-a9e4-9b2c068c2a9f.jpeg?h=225&w=225,
276579024,Extra White Gum Bottle 46 Pieces64g,https://www.tesco.com/groceries/en-GB/shop/food-cupboard/all?department=Chocolate%2C%20Sweets%2C%20Mints%20%26%20Chewing%20Gum&viewAll=department&page=,£1.99,£3.11/100g,Aldi Price Match,,/groceries/en-GB/products/276579024,https://digitalcontent.api.tesco.com/v2/media/ghs/ef4e2fd0-8623-4b4a-ac49-ad87da4a2b56/8f2c9a78-fc28-4502-9d7a-c069534cbd6a.jpeg?h=225&w=225,
309495833,Lindt Classic Recipe Crispy Milk Chocolate Bar 125G,https://www.tesco.com/groceries/en-GB/shop/food-cupboard/all?department=Chocolate%2C%20Sweets%2C%20Mints%20%26%20Chewing%20Gum&viewAll=department&page=,£2.00,£1.60/100g,£1.25 Clubcard Price,,/groceries/en-GB/products/309495833,https://digitalcontent.api.tesco.com/v2/media/ghs/78b5ddd6-8c03-4688-95b4-63a60ef4d6e3/1d1368f9-ae9f-487b-8420-b19e41faf0e3_762951868.jpeg?h=225&w=225,
308099289,Aero Milk Chocolate Peppermint Bubbles 201G,https://www.tesco.com/groceries/en-GB/shop/food-cupboard/all?department=Chocolate%2C%20Sweets%2C%20Mints%20%26%20Chewing%20Gum&viewAll=department&page=,£1.99,£0.99/100g,,,/groceries/en-GB/products/308099289,https://digitalcontent.api.tesco.com/v2/media/ghs/923c8736-1078-4431-a657-289832040430/55c3d66f-ac03-448c-93a7-11574bc70c62_595460898.jpeg?h=225&w=225,
306929712,Cadbury Bitsa Wispa Milk Chocolates 222G,https://www.tesco.com/groceries/en-GB/shop/food-cupboard/all?department=Chocolate%2C%20Sweets%2C%20Mints%20%26%20Chewing%20Gum&viewAll=department&page=,£2.00,£0.90/100g,,,/groceries/en-GB/products/306929712,https://digitalcontent.api.tesco.com/v2/media/ghs/2f44f5e1-a072-42c1-9787-a2ac0a700f33/617ddda1-f71c-4467-9b3c-aa4e4d5deaaf_1341733848.jpeg?h=225&w=225,
301210752,Reese's Peanut Butter Cup 5 Pack 77G,https://www.tesco.com/groceries/en-GB/shop/food-cupboard/all?department=Chocolate%2C%20Sweets%2C%20Mints%20%26%20Chewing%20Gum&viewAll=department&page=,£1.25,£1.63/100g,,,/groceries/en-GB/products/301210752,https://digitalcontent.api.tesco.com/v2/media/ghs/6a719fa3-39af-4da5-9695-7a8060042070/7ddded58-65a8-4fe1-a62a-63c49314cd81_504738268.jpeg?h=225&w=225,
312089417,Maynards Bassetts Wine Gums Juicies 130G,https://www.tesco.com/groceries/en-GB/shop/food-cupboard/all?department=Chocolate%2C%20Sweets%2C%20Mints%20%26%20Chewing%20Gum&viewAll=department&page=,£1.00,£0.77/100g,,,/groceries/en-GB/products/312089417,https://digitalcontent.api.tesco.com/v2/media/ghs/f8f5ee79-654e-496f-8db8-9ba992d41d51/231e2e42-6f4e-4d59-8e0c-59ccd8299e41_1739788569.jpeg?h=225&w=225,
272493004,Maynards Sports Mixture 190G,https://www.tesco.com/groceries/en-GB/shop/food-cupboard/all?department=Chocolate%2C%20Sweets%2C%20Mints%20%26%20Chewing%20Gum&viewAll=department&page=,£1.50,£0.79/100g,,,/groceries/en-GB/products/272493004,https://digitalcontent.api.tesco.com/v2/media/ghs/c23a54a4-2944-41d6-a628-379a0161f5f5/1a006eb1-3a02-4f21-93c9-1827fd40a407_1875017835.jpeg?h=225&w=225,
308833384,Smarties Pouch 105G,https://www.tesco.com/groceries/en-GB/shop/food-cupboard/all?department=Chocolate%2C%20Sweets%2C%20Mints%20%26%20Chewing%20Gum&viewAll=department&page=,£1.25,£1.20/100g,,,/groceries/en-GB/products/308833384,https://digitalcontent.api.tesco.com/v2/media/ghs/52bd05f2-9eff-4d88-9af5-049837634295/15dff055-8e4a-4bec-b23f-b40846fcbac2_869265442.jpeg?h=225&w=225,
285000846,Squashies Drumstick Bubblegum 160G,https://www.tesco.com/groceries/en-GB/shop/food-cupboard/all?department=Chocolate%2C%20Sweets%2C%20Mints%20%26%20Chewing%20Gum&viewAll=department&page=,£0.99,£0.62/100g,,,/groceries/en-GB/products/285000846,https://digitalcontent.api.tesco.com/v2/media/ghs/a4a451a3-13fb-49b9-a6b8-20b12d5c5f2d/2ef21ca4-3f9e-425b-8d7a-5dfac9229216_1192864792.jpeg?h=225&w=225,
309745417,Cadbury Dairy Milk Mint Buttons Chocolate 110G,https://www.tesco.com/groceries/en-GB/shop/food-cupboard/all?department=Chocolate%2C%20Sweets%2C%20Mints%20%26%20Chewing%20Gum&viewAll=department&page=,£1.25,£1.14/100g,,,/groceries/en-GB/products/309745417,https://digitalcontent.api.tesco.com/v2/media/ghs/d7452b71-51a9-499e-b7b4-5dd1c6864912/b632fe28-e998-4fe4-8369-c8f8027859ce_39631616.jpeg?h=225&w=225,
306656274,Tesco Toffee 175G,https://www.tesco.com/groceries/en-GB/shop/food-cupboard/all?department=Chocolate%2C%20Sweets%2C%20Mints%20%26%20Chewing%20Gum&viewAll=department&page=,,,,,/groceries/en-GB/products/306656274,https://digitalcontent.api.tesco.com/v2/media/ghs/0965f875-8962-464d-b54a-2731510fd46e/53ba0891-0d1a-4a1f-a786-054a7fbab465_273086769.jpeg?h=225&w=225,This product's currently out of stock
312582962,Haribo Funtasia 150G,https://www.tesco.com/groceries/en-GB/shop/food-cupboard/all?department=Chocolate%2C%20Sweets%2C%20Mints%20%26%20Chewing%20Gum&viewAll=department&page=,£1.00,£0.67/100g,,,/groceries/en-GB/products/312582962,https://digitalcontent.api.tesco.com/v2/media/ghs/e4ec7d3f-3f98-41ce-9083-6211d105d167/c02a580b-e875-48f3-9eb9-512d5794a484_2128315358.jpeg?h=225&w=225,
300112478,Cadbury Oreo Bites 110G,https://www.tesco.com/groceries/en-GB/shop/food-cupboard/all?department=Chocolate%2C%20Sweets%2C%20Mints%20%26%20Chewing%20Gum&viewAll=department&page=,£1.25,£1.14/100g,,,/groceries/en-GB/products/300112478,https://digitalcontent.api.tesco.com/v2/media/ghs/61ad0da7-b166-4d6c-a3bd-e98921bc1484/77daa0c2-3651-4ade-9d82-05b36243afaf_1835430047.jpeg?h=225&w=225,
308103183,Snickers Creamy Peanut Butter Chocolate Bars 10 Pack 182G,https://www.tesco.com/groceries/en-GB/shop/food-cupboard/all?department=Chocolate%2C%20Sweets%2C%20Mints%20%26%20Chewing%20Gum&viewAll=department&page=,£2.00,£1.10/100g,,,/groceries/en-GB/products/308103183,https://digitalcontent.api.tesco.com/v2/media/ghs/448ddb8f-074c-4565-9eec-4c188e0c9064/5acbc4c4-ea0f-4084-b534-cb4acff79a1d_1100662051.jpeg?h=225&w=225,
311258922,Skittles Fruits Chewies 137G,https://www.tesco.com/groceries/en-GB/shop/food-cupboard/all?department=Chocolate%2C%20Sweets%2C%20Mints%20%26%20Chewing%20Gum&viewAll=department&page=,£0.99,£0.72/100g,,,/groceries/en-GB/products/311258922,https://digitalcontent.api.tesco.com/v2/media/ghs/73a3322e-5d62-4338-91bb-7749b22c2a97/91fca276-95a8-49c1-9fe8-1128a5b1effa_1212229411.jpeg?h=225&w=225,
271950480,Tesco Fudge 175G,https://www.tesco.com/groceries/en-GB/shop/food-cupboard/all?department=Chocolate%2C%20Sweets%2C%20Mints%20%26%20Chewing%20Gum&viewAll=department&page=,£0.85,£0.49/100g,,,/groceries/en-GB/products/271950480,https://digitalcontent.api.tesco.com/v2/media/ghs/5f82b193-df2e-464c-9519-ae7d33d4075d/f3162c27-f94d-4382-a0c3-880973bb2dbd_2066956031.jpeg?h=225&w=225,
282539902,Twix Chocolate Bar 75G,https://www.tesco.com/groceries/en-GB/shop/food-cupboard/all?department=Chocolate%2C%20Sweets%2C%20Mints%20%26%20Chewing%20Gum&viewAll=department&page=,£0.85,£1.14/100g,"£3.40 Meal Deal Clubcard Price £3.90 Meal Deal Regular Price - Selected Drink, Snack, Wrap, Sandwich, Roll, Pasty Or Salad",,/groceries/en-GB/products/282539902,https://digitalcontent.api.tesco.com/v2/media/ghs/51568537-b148-44b9-a87f-96b635ae5e2f/bac4852e-3c04-4f48-be39-e997b532f645_372942119.jpeg?h=225&w=225,
255626324,Extra Peppermint Gum 10 Pieces,https://www.tesco.com/groceries/en-GB/shop/food-cupboard/all?department=Chocolate%2C%20Sweets%2C%20Mints%20%26%20Chewing%20Gum&viewAll=department&page=,£0.65,£4.65/100g,,,/groceries/en-GB/products/255626324,https://digitalcontent.api.tesco.com/v2/media/ghs/692f5c38-cba1-4f71-9361-dcd700376fdf/bf6cc904-affc-479f-9670-c12587f83353_1750818950.jpeg?h=225&w=225,
258508460,Trebor Extra Strong Mints 41.3G,https://www.tesco.com/groceries/en-GB/shop/food-cupboard/all?department=Chocolate%2C%20Sweets%2C%20Mints%20%26%20Chewing%20Gum&viewAll=department&page=,£0.60,£1.46/100g,"£3.40 Meal Deal Clubcard Price £3.90 Meal Deal Regular Price - Selected Drink, Snack, Wrap, Sandwich, Roll, Pasty Or Salad",,/groceries/en-GB/products/258508460,https://digitalcontent.api.tesco.com/v2/media/ghs/9bdad998-fe6d-4807-bcc1-42264a6db272/e8ec356b-0323-4bd7-9818-536d4865b20a_1754071512.jpeg?h=225&w=225,
253747627,Airwaves Menthol & Eucalyptus Gum 10 Pieces,https://www.tesco.com/groceries/en-GB/shop/food-cupboard/all?department=Chocolate%2C%20Sweets%2C%20Mints%20%26%20Chewing%20Gum&viewAll=department&page=,£0.65,£4.65/100g,,,/groceries/en-GB/products/253747627,https://digitalcontent.api.tesco.com/v2/media/ghs/2bd08dc1-a57f-41c3-9e62-9ada0fee2497/4ff8b393-e277-4956-a28b-7c782c0089a0_326843305.jpeg?h=225&w=225,
307359859,Reese's Peanut Butter Cups 2 Pack 42G,https://www.tesco.com/groceries/en-GB/shop/food-cupboard/all?department=Chocolate%2C%20Sweets%2C%20Mints%20%26%20Chewing%20Gum&viewAll=department&page=,£0.70,£1.67/100g,"£3.40 Meal Deal Clubcard Price £3.90 Meal Deal Regular Price - Selected Drink, Snack, Wrap, Sandwich, Roll, Pasty Or Salad",,/groceries/en-GB/products/307359859,https://digitalcontent.api.tesco.com/v2/media/ghs/c7b4369b-acb1-4a5a-aefa-8fbf6fddb21c/2586f822-4d49-4567-8292-7628c0e822c3_129521923.jpeg?h=225&w=225,
275565630,Cadbury Dairy Milk 45G,https://www.tesco.com/groceries/en-GB/shop/food-cupboard/all?department=Chocolate%2C%20Sweets%2C%20Mints%20%26%20Chewing%20Gum&viewAll=department&page=,£0.70,£1.56/100g,"£3.40 Meal Deal Clubcard Price £3.90 Meal Deal Regular Price - Selected Drink, Snack, Wrap, Sandwich, Roll, Pasty Or Salad",,/groceries/en-GB/products/275565630,https://digitalcontent.api.tesco.com/v2/media/ghs/0bf1dd88-90a3-42ea-b68c-aeeb829ad7e4/6269f915-13d2-409e-a05f-e191373af5d7_163051837.jpeg?h=225&w=225,
308475496,M&M's Brownie Chocolate Bag 102G,https://www.tesco.com/groceries/en-GB/shop/food-cupboard/all?department=Chocolate%2C%20Sweets%2C%20Mints%20%26%20Chewing%20Gum&viewAll=department&page=,£1.35,£1.33/100g,,,/groceries/en-GB/products/308475496,https://digitalcontent.api.tesco.com/v2/media/ghs/776ed29d-cdc1-41dc-b091-bd91b6a7071a/e5e1cf4c-5a22-4a2f-aba4-9d6d37cd0e33_884947165.jpeg?h=225&w=225,
302317059,Tesco Salted Caramel Fudge 125G,https://www.tesco.com/groceries/en-GB/shop/food-cupboard/all?department=Chocolate%2C%20Sweets%2C%20Mints%20%26%20Chewing%20Gum&viewAll=department&page=,£1.05,£0.84/100g,,,/groceries/en-GB/products/302317059,https://digitalcontent.api.tesco.com/v2/media/ghs/d0952969-03c6-4112-aa42-326b7ff3ea01/0915aed3-f3d3-4cc3-a419-5919d1c444f2_1449007938.jpeg?h=225&w=225,
309765480,Cadbury Caramilk Chocolate Bar 90G,https://www.tesco.com/groceries/en-GB/shop/food-cupboard/all?department=Chocolate%2C%20Sweets%2C%20Mints%20%26%20Chewing%20Gum&viewAll=department&page=,£1.25,£1.39/100g,,,/groceries/en-GB/products/309765480,https://digitalcontent.api.tesco.com/v2/media/ghs/23ae5e1d-da9a-4529-9b4f-7e275af3c64c/a101861d-ad6b-4da2-b900-c04d3bc4e7e6_623885122.jpeg?h=225&w=225,
306950893,Cadbury White Giant Buttons 110G,https://www.tesco.com/groceries/en-GB/shop/food-cupboard/all?department=Chocolate%2C%20Sweets%2C%20Mints%20%26%20Chewing%20Gum&viewAll=department&page=,£1.25,£1.14/100g,,,/groceries/en-GB/products/306950893,,
262319165,Tic Tac Fresh Mint 18G,https://www.tesco.com/groceries/en-GB/shop/food-cupboard/all?department=Chocolate%2C%20Sweets%2C%20Mints%20%26%20Chewing%20Gum&viewAll=department&page=,£0.60,£3.34/100g,"£3.40 Meal Deal Clubcard Price £3.90 Meal Deal Regular Price - Selected Drink, Snack, Wrap, Sandwich, Roll, Pasty Or Salad",,/groceries/en-GB/products/262319165,https://digitalcontent.api.tesco.com/v2/media/ghs/a4b32589-173b-4f8b-b30f-95e87cd70d74/b5cffa56-1d6b-44d2-8875-8223ba512213_151818563.jpeg?h=225&w=225,
311947717,Maltesers Dark Chocolate 30% Less Sugar 88G,https://www.tesco.com/groceries/en-GB/shop/food-cupboard/all?department=Chocolate%2C%20Sweets%2C%20Mints%20%26%20Chewing%20Gum&viewAll=department&page=,£1.35,£1.54/100g,,,/groceries/en-GB/products/311947717,https://digitalcontent.api.tesco.com/v2/media/ghs/4cfa9464-56fb-408b-90dc-e4978f29019d/ff7686e7-72a9-431b-b0e4-f3685aa74aff_1913859825.jpeg?h=225&w=225,
312995525,Cadbury Dairy Milk Wholenut 350G,https://www.tesco.com/groceries/en-GB/shop/food-cupboard/all?department=Chocolate%2C%20Sweets%2C%20Mints%20%26%20Chewing%20Gum&viewAll=department&page=,£3.50,£1.00/100g,,,/groceries/en-GB/products/312995525,https://digitalcontent.api.tesco.com/v2/media/ghs/cd7bb767-4fb2-4d73-9322-80ff3d528b2c/38ff7c8a-144c-48a9-b095-0106dee934b2_872281657.jpeg?h=225&w=225,
312221843,Swizzels Sweet Shop Favourite Pouch 450G,https://www.tesco.com/groceries/en-GB/shop/food-cupboard/all?department=Chocolate%2C%20Sweets%2C%20Mints%20%26%20Chewing%20Gum&viewAll=department&page=,£3.50,£0.78/100g,£2.50 Clubcard Price,,/groceries/en-GB/products/312221843,https://digitalcontent.api.tesco.com/v2/media/ghs/62b64af2-e1e8-4de4-9ffc-2794a1dc6259/5fe9a9e4-0ee4-4160-8fd7-42eb6e2d62f3_1170934011.jpeg?h=225&w=225,
309162346,Thorntons Continental Collection Boxed Chocolate 264G,https://www.tesco.com/groceries/en-GB/shop/food-cupboard/all?department=Chocolate%2C%20Sweets%2C%20Mints%20%26%20Chewing%20Gum&viewAll=department&page=,£10.00,£3.79/100g,£7.00 Clubcard Price,,/groceries/en-GB/products/309162346,https://digitalcontent.api.tesco.com/v2/media/ghs/515637ee-5299-4072-837a-424fb6b334b8/096375fd-33f1-4a3a-89b4-b970250a26f5_1322007495.jpeg?h=225&w=225,
259183944,Lindt Lindor Milk Chocolate Truffles Carton 337G,https://www.tesco.com/groceries/en-GB/shop/food-cupboard/all?department=Chocolate%2C%20Sweets%2C%20Mints%20%26%20Chewing%20Gum&viewAll=department&page=,£6.00,£1.79/100g,,,/groceries/en-GB/products/259183944,https://digitalcontent.api.tesco.com/v2/media/ghs/72bb466a-7994-4d18-9182-bfee0d4abb4e/5766a1b9-80ba-463e-9045-5716609a00d5_1880788938.jpeg?h=225&w=225,
297738842,Lindt Lindor Milk Mint 200G,https://www.tesco.com/groceries/en-GB/shop/food-cupboard/all?department=Chocolate%2C%20Sweets%2C%20Mints%20%26%20Chewing%20Gum&viewAll=department&page=,£5.50,£2.75/100g,£4.00 Clubcard Price,,/groceries/en-GB/products/297738842,https://digitalcontent.api.tesco.com/v2/media/ghs/b69987e1-80fc-4c1d-b0fd-7ae88eecb9e2/c3ac5d21-32a2-40bd-b3ab-705939a13aea_1568017817.jpeg?h=225&w=225,
310139339,Lindt Lindor Double Chocolate Truffles 200G,https://www.tesco.com/groceries/en-GB/shop/food-cupboard/all?department=Chocolate%2C%20Sweets%2C%20Mints%20%26%20Chewing%20Gum&viewAll=department&page=,£5.50,£2.75/100g,£4.00 Clubcard Price,,/groceries/en-GB/products/310139339,https://digitalcontent.api.tesco.com/v2/media/ghs/234e336f-e95a-44b7-8573-f9b32cb6be2f/7bb79253-b190-4712-82c8-2780882fb1b1_1683746424.jpeg?h=225&w=225,
307345485,Montezuma's Absolute Black Dark Chocolate Cocoa 90G,https://www.tesco.com/groceries/en-GB/shop/food-cupboard/all?department=Chocolate%2C%20Sweets%2C%20Mints%20%26%20Chewing%20Gum&viewAll=department&page=,£2.60,£2.89/100g,,,/groceries/en-GB/products/307345485,https://digitalcontent.api.tesco.com/v2/media/ghs/93ccf00a-9ea4-4f75-b69e-2dba61e28b75/9d01afdd-7ce0-4297-a373-a3ba3f676897_647169353.jpeg?h=225&w=225,
307349319,Montezuma's Sea Dog Dark Chocolate Lime&Seasalt 90G,https://www.tesco.com/groceries/en-GB/shop/food-cupboard/all?department=Chocolate%2C%20Sweets%2C%20Mints%20%26%20Chewing%20Gum&viewAll=department&page=,£2.60,£2.89/100g,,,/groceries/en-GB/products/307349319,https://digitalcontent.api.tesco.com/v2/media/ghs/249b4451-0e30-4726-9aa6-7efe062f16a1/9b91d598-7c1b-42d1-a365-5eb25df7a0f4_500030424.jpeg?h=225&w=225,
309789428,Dairy Box Boxed Chocolates 326G,https://www.tesco.com/groceries/en-GB/shop/food-cupboard/all?department=Chocolate%2C%20Sweets%2C%20Mints%20%26%20Chewing%20Gum&viewAll=department&page=,£5.10,£1.57/100g,£4.00 Clubcard Price,,/groceries/en-GB/products/309789428,https://digitalcontent.api.tesco.com/v2/media/ghs/bf8b241c-f903-4fed-9fcb-974dfe05f539/bef1a9b1-ba45-4567-9513-aa181891d202_1046858377.jpeg?h=225&w=225,
306945652,Nutella B-Ready Chocolate Wafers 15 X 22G,https://www.tesco.com/groceries/en-GB/shop/food-cupboard/all?department=Chocolate%2C%20Sweets%2C%20Mints%20%26%20Chewing%20Gum&viewAll=department&page=,£4.50,£1.37/100g,,,/groceries/en-GB/products/306945652,https://digitalcontent.api.tesco.com/v2/media/ghs/dd301728-09fe-498b-bc7e-fe66b8329842/81040964-e592-4163-9a49-05e5bc3e66c4_297670314.jpeg?h=225&w=225,
309464997,Black Magic Boxed Chocolates 348G,https://www.tesco.com/groceries/en-GB/shop/food-cupboard/all?department=Chocolate%2C%20Sweets%2C%20Mints%20%26%20Chewing%20Gum&viewAll=department&page=,£5.10,£1.47/100g,£4.00 Clubcard Price,,/groceries/en-GB/products/309464997,https://digitalcontent.api.tesco.com/v2/media/ghs/a7b7b79b-d167-4fd6-8b0a-a03e66c4fb30/2d16ca02-4746-4a69-8531-0e45ed006740_823391767.jpeg?h=225&w=225,
306648727,Green & Black's Organic White Chocolate 90G,https://www.tesco.com/groceries/en-GB/shop/food-cupboard/all?department=Chocolate%2C%20Sweets%2C%20Mints%20%26%20Chewing%20Gum&viewAll=department&page=,£2.00,£2.23/100g,,,/groceries/en-GB/products/306648727,https://digitalcontent.api.tesco.com/v2/media/ghs/53998fdc-5601-4667-9137-68db32baab12/73c1f5a5-f39d-4fee-9b7f-824592b6c6d7_789020938.jpeg?h=225&w=225,
302291267,Cadbury Dairy Milk 30% Less Sugar 85G,https://www.tesco.com/groceries/en-GB/shop/food-cupboard/all?department=Chocolate%2C%20Sweets%2C%20Mints%20%26%20Chewing%20Gum&viewAll=department&page=,£1.25,£1.48/100g,,,/groceries/en-GB/products/302291267,https://digitalcontent.api.tesco.com/v2/media/ghs/49051456-9caf-48d0-8faa-285fad283d92/74171071-dec7-49e4-8aa2-96c935ecfae5_869509758.jpeg?h=225&w=225,
288953675,Nestle Polo Tube Multipack 4 X 34G,https://www.tesco.com/groceries/en-GB/shop/food-cupboard/all?department=Chocolate%2C%20Sweets%2C%20Mints%20%26%20Chewing%20Gum&viewAll=department&page=,£1.50,£1.11/100g,,,/groceries/en-GB/products/288953675,https://digitalcontent.api.tesco.com/v2/media/ghs/08c72817-346f-4cd3-bac3-36e9d20f0f2a/d1a9eee9-b165-4249-a032-63b454123a0e_1634686786.jpeg?h=225&w=225,
306503726,Lindt Lindor Milk Truffles 37G,https://www.tesco.com/groceries/en-GB/shop/food-cupboard/all?department=Chocolate%2C%20Sweets%2C%20Mints%20%26%20Chewing%20Gum&viewAll=department&page=,£1.45,£3.92/100g,£1.00 Clubcard Price,,/groceries/en-GB/products/306503726,https://digitalcontent.api.tesco.com/v2/media/ghs/e1b23302-2da3-4edf-99d9-da40c943cfe5/ccc36039-0f74-4c9c-ab5b-4fbaa61f434e_1031728107.jpeg?h=225&w=225,
306809929,Toblerone Orange Twist 360G,https://www.tesco.com/groceries/en-GB/shop/food-cupboard/all?department=Chocolate%2C%20Sweets%2C%20Mints%20%26%20Chewing%20Gum&viewAll=department&page=,£3.50,£0.97/100g,,,/groceries/en-GB/products/306809929,https://digitalcontent.api.tesco.com/v2/media/ghs/176a4db6-6be0-48d6-a25f-9d6536b5306b/7cb7ed47-9c26-48d3-b9cf-e654e324f668_775819006.jpeg?h=225&w=225,
307346927,Mentos Spearmint 5 Pack 190G,https://www.tesco.com/groceries/en-GB/shop/food-cupboard/all?department=Chocolate%2C%20Sweets%2C%20Mints%20%26%20Chewing%20Gum&viewAll=department&page=,£1.65,£0.87/100g,,,/groceries/en-GB/products/307346927,https://digitalcontent.api.tesco.com/v2/media/ghs/f528edb6-3fa0-4a35-be67-452ee1411f04/9dbda14f-357d-4241-bb78-e8586bae6013_2025429573.jpeg?h=225&w=225,
307145128,Cadbury Dairy Milk Caramel Nibbles Big Share Bag 242G,https://www.tesco.com/groceries/en-GB/shop/food-cupboard/all?department=Chocolate%2C%20Sweets%2C%20Mints%20%26%20Chewing%20Gum&viewAll=department&page=,£2.00,£0.83/100g,,,/groceries/en-GB/products/307145128,https://digitalcontent.api.tesco.com/v2/media/ghs/2941c2f6-b841-4d3b-9151-e016b62f7c6a/be7e5574-3d7e-434f-b563-3ce8626c3b2a_1565230186.jpeg?h=225&w=225,
310182943,Aero Caramel Melts Chocolate Sharing Bag 86G,https://www.tesco.com/groceries/en-GB/shop/food-cupboard/all?department=Chocolate%2C%20Sweets%2C%20Mints%20%26%20Chewing%20Gum&viewAll=department&page=,£1.25,£1.46/100g,,,/groceries/en-GB/products/310182943,https://digitalcontent.api.tesco.com/v2/media/ghs/f811b912-1486-41cf-89e7-0d59ddabac36/5e3a8ad2-f3d6-4a0f-aacb-f156c2ac6a22_215338645.jpeg?h=225&w=225,
255028099,Kinder Surprise Egg 3 X 20G,https://www.tesco.com/groceries/en-GB/shop/food-cupboard/all?department=Chocolate%2C%20Sweets%2C%20Mints%20%26%20Chewing%20Gum&viewAll=department&page=,£2.05,£3.42/100g,Aldi Price Match,,/groceries/en-GB/products/255028099,https://digitalcontent.api.tesco.com/v2/media/ghs/d0ca20c1-e4ff-4318-a82c-b227558b0a43/739490b1-b1da-4bca-b31e-ec38c3b6a5e0.jpeg?h=225&w=225,
290330995,Maynards Reds & Blacks 165G,https://www.tesco.com/groceries/en-GB/shop/food-cupboard/all?department=Chocolate%2C%20Sweets%2C%20Mints%20%26%20Chewing%20Gum&viewAll=department&page=,£1.00,£0.61/100g,,,/groceries/en-GB/products/290330995,https://digitalcontent.api.tesco.com/v2/media/ghs/f565c897-5db0-4ffb-97cc-5f6981e20753/snapshotimagehandler_980682792.jpeg?h=225&w=225,
295703374,Maynards Bassetts Wine Gums Tangy 165G,https://www.tesco.com/groceries/en-GB/shop/food-cupboard/all?department=Chocolate%2C%20Sweets%2C%20Mints%20%26%20Chewing%20Gum&viewAll=department&page=,£1.00,£0.61/100g,,,/groceries/en-GB/products/295703374,https://digitalcontent.api.tesco.com/v2/media/ghs/d7dc0e1d-4a72-4578-ad39-9d83af2b1d3b/b167d236-3a78-4f67-83b4-86382233f234_1654352723.jpeg?h=225&w=225,
308102316,Aero Dark & Milk Peppermint Chocolate Sharing Bar 90G,https://www.tesco.com/groceries/en-GB/shop/food-cupboard/all?department=Chocolate%2C%20Sweets%2C%20Mints%20%26%20Chewing%20Gum&viewAll=department&page=,£1.00,£1.12/100g,,,/groceries/en-GB/products/308102316,https://digitalcontent.api.tesco.com/v2/media/ghs/670c370d-d4f7-4e5d-ada9-6241ebeb7ca2/da464166-acb4-4a5f-acad-5582f7118948_1779362039.jpeg?h=225&w=225,
310177719,Haribo Zingfest Fizzy Fruit Flavour 150G,https://www.tesco.com/groceries/en-GB/shop/food-cupboard/all?department=Chocolate%2C%20Sweets%2C%20Mints%20%26%20Chewing%20Gum&viewAll=department&page=,£1.00,£0.67/100g,,,/groceries/en-GB/products/310177719,https://digitalcontent.api.tesco.com/v2/media/ghs/2b3ec1a8-2524-4042-879a-9f706ada0bef/614654a9-3e2b-4dd9-8daf-24e2d1d74f4c_2055396545.jpeg?h=225&w=225,
310699277,Rowntree's Randoms Squidgy Swirls 130G,https://www.tesco.com/groceries/en-GB/shop/food-cupboard/all?department=Chocolate%2C%20Sweets%2C%20Mints%20%26%20Chewing%20Gum&viewAll=department&page=,£0.89,£0.68/100g,,,/groceries/en-GB/products/310699277,https://digitalcontent.api.tesco.com/v2/media/ghs/7f769ac9-fc7e-473f-be51-eb61b075fa15/254ebc6e-8f5f-4146-98f9-5bbde1717ad7_20344502.jpeg?h=225&w=225,
276153908,Lindt Lindor Chocolate Treat Bar 38G,https://www.tesco.com/groceries/en-GB/shop/food-cupboard/all?department=Chocolate%2C%20Sweets%2C%20Mints%20%26%20Chewing%20Gum&viewAll=department&page=,£0.80,£2.11/100g,"£3.40 Meal Deal Clubcard Price £3.90 Meal Deal Regular Price - Selected Drink, Snack, Wrap, Sandwich, Roll, Pasty Or Salad",,/groceries/en-GB/products/276153908,https://digitalcontent.api.tesco.com/v2/media/ghs/b133c76a-040d-4204-9edd-69a084cee520/09232f4e-4b99-4728-9112-c60b146080c7_131662592.jpeg?h=225&w=225,
271493749,Extra Strawberry Gum 10 Pieces,https://www.tesco.com/groceries/en-GB/shop/food-cupboard/all?department=Chocolate%2C%20Sweets%2C%20Mints%20%26%20Chewing%20Gum&viewAll=department&page=,£0.65,£4.65/100g,,,/groceries/en-GB/products/271493749,https://digitalcontent.api.tesco.com/v2/media/ghs/11a1d3af-9b52-4dce-8d11-ec32d595f164/08c5b166-c5a9-4ee9-adde-07189b60bdc2_79186864.jpeg?h=225&w=225,
311221044,Skittles Giants Crazy Sour 141G,https://www.tesco.com/groceries/en-GB/shop/food-cupboard/all?department=Chocolate%2C%20Sweets%2C%20Mints%20%26%20Chewing%20Gum&viewAll=department&page=,£0.99,£0.70/100g,,,/groceries/en-GB/products/311221044,https://digitalcontent.api.tesco.com/v2/media/ghs/e1bd4f33-c8bf-4412-82ce-aeb2c863023c/e82f8e38-9c15-451f-9f0a-a44ab638119c_1949305101.jpeg?h=225&w=225,
303836629,Skittles Fruit Bag 45G,https://www.tesco.com/groceries/en-GB/shop/food-cupboard/all?department=Chocolate%2C%20Sweets%2C%20Mints%20%26%20Chewing%20Gum&viewAll=department&page=,£0.65,£1.45/100g,"£3.40 Meal Deal Clubcard Price £3.90 Meal Deal Regular Price - Selected Drink, Snack, Wrap, Sandwich, Roll, Pasty Or Salad",,/groceries/en-GB/products/303836629,https://digitalcontent.api.tesco.com/v2/media/ghs/75d46768-d58c-4aca-866e-7c9279442a97/8c269af4-3a0c-49de-8b39-8cd65fa6f07a_560330246.jpeg?h=225&w=225,
251890252,Extra Cool Breeze Gum 10 Pieces,https://www.tesco.com/groceries/en-GB/shop/food-cupboard/all?department=Chocolate%2C%20Sweets%2C%20Mints%20%26%20Chewing%20Gum&viewAll=department&page=,£0.65,£4.65/100g,,,/groceries/en-GB/products/251890252,https://digitalcontent.api.tesco.com/v2/media/ghs/b6904cf6-bb62-4c2f-9fc9-15bbbfbfe003/69a31a50-c272-41e6-83a8-a46c2d119eef_497598583.jpeg?h=225&w=225,
254894669,Cadbury Twirl Bar 43G,https://www.tesco.com/groceries/en-GB/shop/food-cupboard/all?department=Chocolate%2C%20Sweets%2C%20Mints%20%26%20Chewing%20Gum&viewAll=department&page=,£0.70,£1.63/100g,"£3.40 Meal Deal Clubcard Price £3.90 Meal Deal Regular Price - Selected Drink, Snack, Wrap, Sandwich, Roll, Pasty Or Salad",,/groceries/en-GB/products/254894669,https://digitalcontent.api.tesco.com/v2/media/ghs/59cb06a4-3a71-41a2-b904-591f354e167e/184d1339-54cf-492c-a11f-004388b44fb7_1399570260.jpeg?h=225&w=225,
266779794,Kellogg's Strawberry Winders 17G,https://www.tesco.com/groceries/en-GB/shop/food-cupboard/all?department=Chocolate%2C%20Sweets%2C%20Mints%20%26%20Chewing%20Gum&viewAll=department&page=,£0.45,£2.65/100g,,,/groceries/en-GB/products/266779794,https://digitalcontent.api.tesco.com/v2/media/ghs/1ca873d0-3944-490a-ab1a-befe8959a2ed/63d7b188-e787-4a93-bd06-14fac131eebd_1251763672.jpeg?h=225&w=225,
293216003,Maoam Pinballs Stick Pack 32G,https://www.tesco.com/groceries/en-GB/shop/food-cupboard/all?department=Chocolate%2C%20Sweets%2C%20Mints%20%26%20Chewing%20Gum&viewAll=department&page=,£0.35,£1.10/100g,,,/groceries/en-GB/products/293216003,https://digitalcontent.api.tesco.com/v2/media/ghs/d4467d86-b43e-4e04-86ef-2386e5085514/e2daca1c-f5d5-40ac-8a41-57d534548f00_1693314048.jpeg?h=225&w=225,
311686259,M&M's Crispy Chocolate More To Share Pouch 213G,https://www.tesco.com/groceries/en-GB/shop/food-cupboard/all?department=Chocolate%2C%20Sweets%2C%20Mints%20%26%20Chewing%20Gum&viewAll=department&page=,£2.25,£1.06/100g,,,/groceries/en-GB/products/311686259,https://digitalcontent.api.tesco.com/v2/media/ghs/600cc613-27f0-4121-9afb-a83ea1aad68e/dc9d6cfe-715a-4fe5-9ebf-2298f2e9c2b3_577337658.jpeg?h=225&w=225,
274000304,Tesco Dolly Mixtures 85G,https://www.tesco.com/groceries/en-GB/shop/food-cupboard/all?department=Chocolate%2C%20Sweets%2C%20Mints%20%26%20Chewing%20Gum&viewAll=department&page=,£0.50,£0.59/100g,,,/groceries/en-GB/products/274000304,https://digitalcontent.api.tesco.com/v2/media/ghs/758ee6e7-e6b0-4733-945d-7ab968566251/986d051e-0276-4fa8-aae9-262ac7509ee9_164314139.jpeg?h=225&w=225,
308456529,Galaxy Smooth Orange 110G,https://www.tesco.com/groceries/en-GB/shop/food-cupboard/all?department=Chocolate%2C%20Sweets%2C%20Mints%20%26%20Chewing%20Gum&viewAll=department&page=,£0.99,£0.90/100g,Aldi Price Match,,/groceries/en-GB/products/308456529,https://digitalcontent.api.tesco.com/v2/media/ghs/12088327-32a4-4fab-8013-18f181d6403e/11e6a25f-58bb-4636-815f-0c7a35648fb6_959214451.jpeg?h=225&w=225,
259914311,Kinder Snack Bar 21G,https://www.tesco.com/groceries/en-GB/shop/food-cupboard/all?department=Chocolate%2C%20Sweets%2C%20Mints%20%26%20Chewing%20Gum&viewAll=department&page=,£0.35,£1.67/100g,,,/groceries/en-GB/products/259914311,https://digitalcontent.api.tesco.com/v2/media/ghs/f5582d5b-2944-4000-9391-7c596d393096/7332d5a5-3e70-4c83-ac18-a415f76669dc_1797582340.jpeg?h=225&w=225,
254734606,Kinder Bueno Bar 43G,https://www.tesco.com/groceries/en-GB/shop/food-cupboard/all?department=Chocolate%2C%20Sweets%2C%20Mints%20%26%20Chewing%20Gum&viewAll=department&page=,£0.60,£1.40/100g,"£3.40 Meal Deal Clubcard Price £3.90 Meal Deal Regular Price - Selected Drink, Snack, Wrap, Sandwich, Roll, Pasty Or Salad",,/groceries/en-GB/products/254734606,https://digitalcontent.api.tesco.com/v2/media/ghs/3141538d-149b-4601-a6d6-90fe8ec9c17b/3b5f4f52-cc8d-476e-a07a-4d3880876b97_1133591546.jpeg?h=225&w=225,
259263458,Cadbury Milk Tray 530G,https://www.tesco.com/groceries/en-GB/shop/food-cupboard/all?department=Chocolate%2C%20Sweets%2C%20Mints%20%26%20Chewing%20Gum&viewAll=department&page=,£5.80,£1.10/100g,£4.50 Clubcard Price,,/groceries/en-GB/products/259263458,https://digitalcontent.api.tesco.com/v2/media/ghs/fea1529e-78dd-45a7-a44e-12dd2718bc9b/snapshotimagehandler_1595309542.jpeg?h=225&w=225,
271004967,Ferrero Rocher 42 Pieces Boxed Chocolates 525G,https://www.tesco.com/groceries/en-GB/shop/food-cupboard/all?department=Chocolate%2C%20Sweets%2C%20Mints%20%26%20Chewing%20Gum&viewAll=department&page=,£13.50,£2.58/100g,£11.00 Clubcard Price,,/groceries/en-GB/products/271004967,https://digitalcontent.api.tesco.com/v2/media/ghs/60938b40-6afe-478d-a076-e0a103381265/e2591df2-f75f-4364-ae02-a0114b875d7f_448233493.jpeg?h=225&w=225,
285131570,Green And Blacks Classic Minis 180G,https://www.tesco.com/groceries/en-GB/shop/food-cupboard/all?department=Chocolate%2C%20Sweets%2C%20Mints%20%26%20Chewing%20Gum&viewAll=department&page=,£6.00,£3.34/100g,£4.50 Clubcard Price,,/groceries/en-GB/products/285131570,https://digitalcontent.api.tesco.com/v2/media/ghs/0b677d65-e6da-4f09-ba92-8d9bcc0b0f5b/67d872e6-bac7-408f-ab16-6a524059b1c1_222315864.jpeg?h=225&w=225,
302312912,Wrigley's Extra Ice Peppermint 6X10 Pieces 84G,https://www.tesco.com/groceries/en-GB/shop/food-cupboard/all?department=Chocolate%2C%20Sweets%2C%20Mints%20%26%20Chewing%20Gum&viewAll=department&page=,£2.50,£2.98/100g,,,/groceries/en-GB/products/302312912,https://digitalcontent.api.tesco.com/v2/media/ghs/9b9cb600-f280-4b90-8891-172aedd15015/6e902b8c-52d6-42d2-b094-e96fd3da10f0_122668740.jpeg?h=225&w=225,
263748035,Lindt Excellence Dark Chilli Chocolate Bar 100G,https://www.tesco.com/groceries/en-GB/shop/food-cupboard/all?department=Chocolate%2C%20Sweets%2C%20Mints%20%26%20Chewing%20Gum&viewAll=department&page=,£2.10,£2.10/100g,,,/groceries/en-GB/products/263748035,https://digitalcontent.api.tesco.com/v2/media/ghs/5d2af74b-33b5-464a-86bb-f8f8c11d46ae/d26875d9-1ecb-4dd8-b0c2-cf3d4a942bff_1555243170.jpeg?h=225&w=225,
311946387,Green & Black's Organic Smooth Mint Chocolate 90G,https://www.tesco.com/groceries/en-GB/shop/food-cupboard/all?department=Chocolate%2C%20Sweets%2C%20Mints%20%26%20Chewing%20Gum&viewAll=department&page=,£2.00,£2.23/100g,,,/groceries/en-GB/products/311946387,https://digitalcontent.api.tesco.com/v2/media/ghs/5ff6cd5c-bda8-44ba-8d91-0a2def7b9600/d075ebfe-5b24-4d8f-bce6-f072d147ec95_1792072736.jpeg?h=225&w=225,
302319559,Lindt Cranberry Almond & Hazelnut Dark Chocolate Bar 100G,https://www.tesco.com/groceries/en-GB/shop/food-cupboard/all?department=Chocolate%2C%20Sweets%2C%20Mints%20%26%20Chewing%20Gum&viewAll=department&page=,£2.10,£2.10/100g,,,/groceries/en-GB/products/302319559,https://digitalcontent.api.tesco.com/v2/media/ghs/753663d8-0b70-48cd-b771-27d7077bba01/8af090e3-334e-4180-9233-1a02b7b86cc7_1443616441.jpeg?h=225&w=225,
308866264,Tony's Chocolonely Milk Chocolate Caramel Sea Salt 180G,https://www.tesco.com/groceries/en-GB/shop/food-cupboard/all?department=Chocolate%2C%20Sweets%2C%20Mints%20%26%20Chewing%20Gum&viewAll=department&page=,£3.00,£1.67/100g,,,/groceries/en-GB/products/308866264,https://digitalcontent.api.tesco.com/v2/media/ghs/12efbae8-3638-4029-89ad-cc71a7413a67/41ef0438-d928-4ff7-bca1-bbe06fafe709_793252293.jpeg?h=225&w=225,
284603630,Nutella & Go 48G,https://www.tesco.com/groceries/en-GB/shop/food-cupboard/all?department=Chocolate%2C%20Sweets%2C%20Mints%20%26%20Chewing%20Gum&viewAll=department&page=,£1.00,£2.09/100g,"£3.40 Meal Deal Clubcard Price £3.90 Meal Deal Regular Price - Selected Drink, Snack, Wrap, Sandwich, Roll, Pasty Or Salad",,/groceries/en-GB/products/284603630,https://digitalcontent.api.tesco.com/v2/media/ghs/f5dbddd0-1f4f-40e7-b644-c429f65a1cbd/ccf2a3e8-925a-4085-bb5f-faa5c4531076_1057879727.jpeg?h=225&w=225,
309494362,Ferrero Rocher White Chocolate & Hazelnut Bar 90G,https://www.tesco.com/groceries/en-GB/shop/food-cupboard/all?department=Chocolate%2C%20Sweets%2C%20Mints%20%26%20Chewing%20Gum&viewAll=department&page=,£2.00,£2.23/100g,,,/groceries/en-GB/products/309494362,https://digitalcontent.api.tesco.com/v2/media/ghs/56931a8e-9ae0-4ee0-aa8c-2e2799a56b5d/63200a54-fb11-45a4-a97a-952a135fc69c_844399540.jpeg?h=225&w=225,
301636951,Maltesers Truffle Medium Gift Box 200G,https://www.tesco.com/groceries/en-GB/shop/food-cupboard/all?department=Chocolate%2C%20Sweets%2C%20Mints%20%26%20Chewing%20Gum&viewAll=department&page=,£3.49,£1.75/100g,Aldi Price Match,,/groceries/en-GB/products/301636951,https://digitalcontent.api.tesco.com/v2/media/ghs/e8b66b53-5d45-4897-b193-c161d96635f9/9dd715f7-3058-4cf1-8d1e-067118f6627a_68911249.jpeg?h=225&w=225,
311258202,Cadbury Darkmilk Hazelnut Milk Chocolate 85G,https://www.tesco.com/groceries/en-GB/shop/food-cupboard/all?department=Chocolate%2C%20Sweets%2C%20Mints%20%26%20Chewing%20Gum&viewAll=department&page=,£1.50,£1.77/100g,,,/groceries/en-GB/products/311258202,https://digitalcontent.api.tesco.com/v2/media/ghs/440d615e-03ee-4adf-96ae-3dbf14e7cdbf/539bfd54-5c09-4c23-afbb-edd0d9414b99_1965434208.jpeg?h=225&w=225,
309482163,Ferrero Rocher Hazelnut Dark 55% Chocolate Bar 90G,https://www.tesco.com/groceries/en-GB/shop/food-cupboard/all?department=Chocolate%2C%20Sweets%2C%20Mints%20%26%20Chewing%20Gum&viewAll=department&page=,£2.00,£2.23/100g,,,/groceries/en-GB/products/309482163,https://digitalcontent.api.tesco.com/v2/media/ghs/849ce29f-d40b-4681-80ca-f1285fa25da7/a6e8a8fc-ba94-4b37-ab49-0c8bdbe7e75a_665876265.jpeg?h=225&w=225,
308092954,Munchies Milk Chocolate Share Bag 216G,https://www.tesco.com/groceries/en-GB/shop/food-cupboard/all?department=Chocolate%2C%20Sweets%2C%20Mints%20%26%20Chewing%20Gum&viewAll=department&page=,£1.99,£0.92/100g,,,/groceries/en-GB/products/308092954,https://digitalcontent.api.tesco.com/v2/media/ghs/a521d2ed-64a4-4dae-a5ff-1707be59b573/9014e648-c89e-4e50-ac0d-3cd01c80f904_1325230667.jpeg?h=225&w=225,
307749330,Barratt Mini Flumps 150G,https://www.tesco.com/groceries/en-GB/shop/food-cupboard/all?department=Chocolate%2C%20Sweets%2C%20Mints%20%26%20Chewing%20Gum&viewAll=department&page=,£1.20,£0.80/100g,,,/groceries/en-GB/products/307749330,https://digitalcontent.api.tesco.com/v2/media/ghs/0f026c0e-6d28-43d2-a039-6a70c36ab9ad/f8fd887d-e194-4771-9a1f-626be9f7eac0_408894720.jpeg?h=225&w=225,
306653980,Fulfil Peanut & Caramel Vitamin & Protein Bar 40G,https://www.tesco.com/groceries/en-GB/shop/food-cupboard/all?department=Chocolate%2C%20Sweets%2C%20Mints%20%26%20Chewing%20Gum&viewAll=department&page=,£1.50,£3.75/100g,"£3.40 Meal Deal Clubcard Price £3.90 Meal Deal Regular Price - Selected Drink, Snack, Wrap, Sandwich, Roll, Pasty Or Salad",,/groceries/en-GB/products/306653980,https://digitalcontent.api.tesco.com/v2/media/ghs/8886cd0c-c852-4f44-9e1e-1a8a17c9fa59/a44d0a0c-a0e6-4b73-86b5-c7c581f1b91c_28638818.jpeg?h=225&w=225,
271131482,Mentos Mint Roll 38G,https://www.tesco.com/groceries/en-GB/shop/food-cupboard/all?department=Chocolate%2C%20Sweets%2C%20Mints%20%26%20Chewing%20Gum&viewAll=department&page=,£0.80,£2.11/100g,"£3.40 Meal Deal Clubcard Price £3.90 Meal Deal Regular Price - Selected Drink, Snack, Wrap, Sandwich, Roll, Pasty Or Salad",,/groceries/en-GB/products/271131482,https://digitalcontent.api.tesco.com/v2/media/ghs/58d58e4d-102e-4022-a674-9bc1beb415a5/295800bf-805f-449c-bbce-03bfd180fe44_1997290123.jpeg?h=225&w=225,
265261169,Bendicks Mint Collection Boxed Chocolates 200G,https://www.tesco.com/groceries/en-GB/shop/food-cupboard/all?department=Chocolate%2C%20Sweets%2C%20Mints%20%26%20Chewing%20Gum&viewAll=department&page=,£5.00,£2.50/100g,£3.00 Clubcard Price,,/groceries/en-GB/products/265261169,https://digitalcontent.api.tesco.com/v2/media/ghs/39021ef6-9e11-44ce-a765-30203fc004f8/ae271090-214d-4b02-b0ca-aee9d60818b2_1416921663.jpeg?h=225&w=225,
311806695,Kit Kat 4 Finger Orange Multipack 4X41.5G,https://www.tesco.com/groceries/en-GB/shop/food-cupboard/all?department=Chocolate%2C%20Sweets%2C%20Mints%20%26%20Chewing%20Gum&viewAll=department&page=,£1.25,£0.75/100g,,,/groceries/en-GB/products/311806695,https://digitalcontent.api.tesco.com/v2/media/ghs/a4d1860b-16dc-4db3-8b11-2c95efdb7448/6826b3c7-fb7e-4002-95f8-7d55b98c9dae_1205466512.jpeg?h=225&w=225,
251496828,Smint Single 8G,https://www.tesco.com/groceries/en-GB/shop/food-cupboard/all?department=Chocolate%2C%20Sweets%2C%20Mints%20%26%20Chewing%20Gum&viewAll=department&page=,£1.00,£12.50/100g,"£3.40 Meal Deal Clubcard Price £3.90 Meal Deal Regular Price - Selected Drink, Snack, Wrap, Sandwich, Roll, Pasty Or Salad",,/groceries/en-GB/products/251496828,https://digitalcontent.api.tesco.com/v2/media/ghs/1bc98f04-9102-4ee2-a89e-eae68a671cef/74760cfb-b753-40cb-8a7a-f019862b36fb_2113768639.jpeg?h=225&w=225,
310691110,Haribo Twin Snakes Fruit Flavour Gum 175G,https://www.tesco.com/groceries/en-GB/shop/food-cupboard/all?department=Chocolate%2C%20Sweets%2C%20Mints%20%26%20Chewing%20Gum&viewAll=department&page=,£1.00,£0.57/100g,,,/groceries/en-GB/products/310691110,https://digitalcontent.api.tesco.com/v2/media/ghs/930ee229-94af-4744-b40d-650808cd1393/4695a7b6-0ae5-4566-8417-9e0e0e2974ad_2020329634.jpeg?h=225&w=225,
307165565,Aero Chocolate Caramel Sharing Bar 90G,https://www.tesco.com/groceries/en-GB/shop/food-cupboard/all?department=Chocolate%2C%20Sweets%2C%20Mints%20%26%20Chewing%20Gum&viewAll=department&page=,£1.00,£1.12/100g,,,/groceries/en-GB/products/307165565,https://digitalcontent.api.tesco.com/v2/media/ghs/d43fa08c-791e-4f1c-8480-3c770ddd4257/f04916f4-ad2d-42c6-8b64-7ba2b93c1b1e_689900932.jpeg?h=225&w=225,
306658519,Lindt Lindor Salted Caramel Milk Chocolate Bar 38G,https://www.tesco.com/groceries/en-GB/shop/food-cupboard/all?department=Chocolate%2C%20Sweets%2C%20Mints%20%26%20Chewing%20Gum&viewAll=department&page=,£0.80,£2.11/100g,"£3.40 Meal Deal Clubcard Price £3.90 Meal Deal Regular Price - Selected Drink, Snack, Wrap, Sandwich, Roll, Pasty Or Salad",,/groceries/en-GB/products/306658519,https://digitalcontent.api.tesco.com/v2/media/ghs/2cf01603-d64e-4c47-b24d-acc6d587ced3/f1f6aae7-1be6-4366-a54d-210d5ac3cfa3_1369806733.jpeg?h=225&w=225,
310094097,Cadbury Dairy Milk Mint Chocolate 180G,https://www.tesco.com/groceries/en-GB/shop/food-cupboard/all?department=Chocolate%2C%20Sweets%2C%20Mints%20%26%20Chewing%20Gum&viewAll=department&page=,£1.75,£0.97/100g,,,/groceries/en-GB/products/310094097,https://digitalcontent.api.tesco.com/v2/media/ghs/ac03faee-f80a-448c-8d6a-8250a61e8a6b/2288dc92-559f-4294-a7f7-bf1d7fa8b605_1450194074.jpeg?h=225&w=225,
260391028,Wrigleys Hubba Bubba Triple Tape,https://www.tesco.com/groceries/en-GB/shop/food-cupboard/all?department=Chocolate%2C%20Sweets%2C%20Mints%20%26%20Chewing%20Gum&viewAll=department&page=,£0.95,£1.70/100g,,,/groceries/en-GB/products/260391028,https://digitalcontent.api.tesco.com/v2/media/ghs/0841a0c2-9305-4db7-98d7-686029f3b648/05788b53-14c9-4e31-bf27-bfd9c213e9eb_750657990.jpeg?h=225&w=225,
271668780,Pez Refill 8 Pack,https://www.tesco.com/groceries/en-GB/shop/food-cupboard/all?department=Chocolate%2C%20Sweets%2C%20Mints%20%26%20Chewing%20Gum&viewAll=department&page=,£0.90,£1.33/100g,,,/groceries/en-GB/products/271668780,https://digitalcontent.api.tesco.com/v2/media/ghs/c2c17af0-6f2e-48f6-ab17-607f813dc6fb/e218e0a3-88bc-448d-adfc-cc33d56f35bf_651891195.jpeg?h=225&w=225,
309466874,Lindt Nocciolatte Milk Chocolate Hazelnut 35G,https://www.tesco.com/groceries/en-GB/shop/food-cupboard/all?department=Chocolate%2C%20Sweets%2C%20Mints%20%26%20Chewing%20Gum&viewAll=department&page=,£0.80,£2.29/100g,"£3.40 Meal Deal Clubcard Price £3.90 Meal Deal Regular Price - Selected Drink, Snack, Wrap, Sandwich, Roll, Pasty Or Salad",,/groceries/en-GB/products/309466874,https://digitalcontent.api.tesco.com/v2/media/ghs/326ed9e8-b66f-428b-8947-4aabc0a80f63/826b942b-ff04-4727-ac20-f417caf406b3_101914447.jpeg?h=225&w=225,
306651256,Snickers Creamy Peanut Butter Chocolate Trio Bar 3 X 18.25G,https://www.tesco.com/groceries/en-GB/shop/food-cupboard/all?department=Chocolate%2C%20Sweets%2C%20Mints%20%26%20Chewing%20Gum&viewAll=department&page=,£0.85,£1.56/100g,"£3.40 Meal Deal Clubcard Price £3.90 Meal Deal Regular Price - Selected Drink, Snack, Wrap, Sandwich, Roll, Pasty Or Salad",,/groceries/en-GB/products/306651256,https://digitalcontent.api.tesco.com/v2/media/ghs/150b561d-f1bf-47c3-b7f5-f5731e421eac/10cddc46-edbc-448c-b982-fc0d52ecfca0_869344149.jpeg?h=225&w=225,
305043373,Reese's Nutrageous Chocolate 47G,https://www.tesco.com/groceries/en-GB/shop/food-cupboard/all?department=Chocolate%2C%20Sweets%2C%20Mints%20%26%20Chewing%20Gum&viewAll=department&page=,£0.70,£1.49/100g,"£3.40 Meal Deal Clubcard Price £3.90 Meal Deal Regular Price - Selected Drink, Snack, Wrap, Sandwich, Roll, Pasty Or Salad",,/groceries/en-GB/products/305043373,https://digitalcontent.api.tesco.com/v2/media/ghs/dda3cd96-bda1-4403-8a8a-d1668ea04829/0978e056-b069-4dbf-96da-f2f82e3e4d6b_1029385566.jpeg?h=225&w=225,
311214652,Skittles Fruit Squishy Cloudz 94G,https://www.tesco.com/groceries/en-GB/shop/food-cupboard/all?department=Chocolate%2C%20Sweets%2C%20Mints%20%26%20Chewing%20Gum&viewAll=department&page=,£0.99,£1.06/100g,Aldi Price Match,,/groceries/en-GB/products/311214652,https://digitalcontent.api.tesco.com/v2/media/ghs/b8397158-6912-4d50-94f8-811b98d1e1b2/3b0a9576-82c2-49fb-9ce5-43db9da7abbb_724553520.jpeg?h=225&w=225,
259907026,Extra Spearmint Gum 10 Pieces,https://www.tesco.com/groceries/en-GB/shop/food-cupboard/all?department=Chocolate%2C%20Sweets%2C%20Mints%20%26%20Chewing%20Gum&viewAll=department&page=,£0.65,£4.65/100g,,,/groceries/en-GB/products/259907026,https://digitalcontent.api.tesco.com/v2/media/ghs/dd8b0777-4112-4090-80ff-ef2023581425/b3f4bd43-afc7-4c2f-8409-26ecfb59eb26_1273785550.jpeg?h=225&w=225,
277746822,Cadbury Dairy Milk Marvellous Creations Jelly Candy Bar 47G,https://www.tesco.com/groceries/en-GB/shop/food-cupboard/all?department=Chocolate%2C%20Sweets%2C%20Mints%20%26%20Chewing%20Gum&viewAll=department&page=,£0.70,£1.49/100g,"£3.40 Meal Deal Clubcard Price £3.90 Meal Deal Regular Price - Selected Drink, Snack, Wrap, Sandwich, Roll, Pasty Or Salad",,/groceries/en-GB/products/277746822,https://digitalcontent.api.tesco.com/v2/media/ghs/cad5997a-0444-435b-a2b6-222ed7e4acd2/036a5597-6e5a-4e1a-8462-1d2c44482726_699360942.jpeg?h=225&w=225,
255601872,Fry's Turkish Delight Chocolate Bar 51G,https://www.tesco.com/groceries/en-GB/shop/food-cupboard/all?department=Chocolate%2C%20Sweets%2C%20Mints%20%26%20Chewing%20Gum&viewAll=department&page=,£0.65,£1.28/100g,"£3.40 Meal Deal Clubcard Price £3.90 Meal Deal Regular Price - Selected Drink, Snack, Wrap, Sandwich, Roll, Pasty Or Salad",,/groceries/en-GB/products/255601872,https://digitalcontent.api.tesco.com/v2/media/ghs/5b7d7c06-013a-4f0c-836e-4499e7c480ad/9e001b44-6d8c-4ba2-b956-7964f950e2aa_28198711.jpeg?h=225&w=225,
277491120,Extra White Bubblemint Gum 10 Pieces,https://www.tesco.com/groceries/en-GB/shop/food-cupboard/all?department=Chocolate%2C%20Sweets%2C%20Mints%20%26%20Chewing%20Gum&viewAll=department&page=,£0.65,£4.65/100g,,,/groceries/en-GB/products/277491120,https://digitalcontent.api.tesco.com/v2/media/ghs/efade987-69c6-4030-9a67-b09270d9cbdd/0450b291-084b-48aa-b95a-c8385b5c07d9_764145649.jpeg?h=225&w=225,
286633239,Nestle Yorkie Milk Bar 46G,https://www.tesco.com/groceries/en-GB/shop/food-cupboard/all?department=Chocolate%2C%20Sweets%2C%20Mints%20%26%20Chewing%20Gum&viewAll=department&page=,£0.70,£1.53/100g,"£3.40 Meal Deal Clubcard Price £3.90 Meal Deal Regular Price - Selected Drink, Snack, Wrap, Sandwich, Roll, Pasty Or Salad",,/groceries/en-GB/products/286633239,https://digitalcontent.api.tesco.com/v2/media/ghs/aac03033-9a16-4997-be9e-e064b8116d0b/f89b3efc-99ee-4b46-9438-ecd2ce0a2343_1274043478.jpeg?h=225&w=225,
312351654,Cadbury Wispa Gold Salted Caramel Bar 48G,https://www.tesco.com/groceries/en-GB/shop/food-cupboard/all?department=Chocolate%2C%20Sweets%2C%20Mints%20%26%20Chewing%20Gum&viewAll=department&page=,£0.70,£1.46/100g,"£3.40 Meal Deal Clubcard Price £3.90 Meal Deal Regular Price - Selected Drink, Snack, Wrap, Sandwich, Roll, Pasty Or Salad",,/groceries/en-GB/products/312351654,https://digitalcontent.api.tesco.com/v2/media/ghs/dace19eb-3f87-4b96-bdba-08d609269ba2/a20a64b7-4871-4432-a850-98cd0731d8e3_180171692.jpeg?h=225&w=225,
292286456,Cadbury Wispa Gold Bar 48G,https://www.tesco.com/groceries/en-GB/shop/food-cupboard/all?department=Chocolate%2C%20Sweets%2C%20Mints%20%26%20Chewing%20Gum&viewAll=department&page=,£0.70,£1.46/100g,"£3.40 Meal Deal Clubcard Price £3.90 Meal Deal Regular Price - Selected Drink, Snack, Wrap, Sandwich, Roll, Pasty Or Salad",,/groceries/en-GB/products/292286456,https://digitalcontent.api.tesco.com/v2/media/ghs/97acd1d6-1152-4416-916d-0297423062e9/1632c2f3-68c2-4ace-8f9b-1f01ee3c3d46_1682486363.jpeg?h=225&w=225,
258412209,Bounty Milk Chocolate Bar 57G,https://www.tesco.com/groceries/en-GB/shop/food-cupboard/all?department=Chocolate%2C%20Sweets%2C%20Mints%20%26%20Chewing%20Gum&viewAll=department&page=,£0.65,£1.15/100g,"£3.40 Meal Deal Clubcard Price £3.90 Meal Deal Regular Price - Selected Drink, Snack, Wrap, Sandwich, Roll, Pasty Or Salad",,/groceries/en-GB/products/258412209,https://digitalcontent.api.tesco.com/v2/media/ghs/62cd3d03-46ca-493e-ac54-e248eb808758/b00b834b-67af-46a9-b73c-5391499e350c_740711689.jpeg?h=225&w=225,
308478429,Cadbury Dairy Milk Duo Bar 54.4G,https://www.tesco.com/groceries/en-GB/shop/food-cupboard/all?department=Chocolate%2C%20Sweets%2C%20Mints%20%26%20Chewing%20Gum&viewAll=department&page=,£0.85,£1.57/100g,"£3.40 Meal Deal Clubcard Price £3.90 Meal Deal Regular Price - Selected Drink, Snack, Wrap, Sandwich, Roll, Pasty Or Salad",,/groceries/en-GB/products/308478429,https://digitalcontent.api.tesco.com/v2/media/ghs/770652a3-7429-4772-82cc-0facbfc08f8a/7b357d60-e1d9-4197-9a29-be41b6222143_1304737219.jpeg?h=225&w=225,
311939399,Haribo Fruitilicious 42G,https://www.tesco.com/groceries/en-GB/shop/food-cupboard/all?department=Chocolate%2C%20Sweets%2C%20Mints%20%26%20Chewing%20Gum&viewAll=department&page=,£0.50,£1.20/100g,"£3.40 Meal Deal Clubcard Price £3.90 Meal Deal Regular Price - Selected Drink, Snack, Wrap, Sandwich, Roll, Pasty Or Salad",,/groceries/en-GB/products/311939399,https://digitalcontent.api.tesco.com/v2/media/ghs/eb4a10c9-33fb-42a4-ab12-a37d958f29d9/b2c618ac-eeba-4156-8086-d7648f68c2f6_407209709.jpeg?h=225&w=225,
305875160,Nestle Smarties Buttons Milk Chocolate 90G,https://www.tesco.com/groceries/en-GB/shop/food-cupboard/all?department=Chocolate%2C%20Sweets%2C%20Mints%20%26%20Chewing%20Gum&viewAll=department&page=,£1.25,£1.39/100g,,,/groceries/en-GB/products/305875160,https://digitalcontent.api.tesco.com/v2/media/ghs/c18d3d7c-edcc-4e96-a4c7-a8ce9a71afcf/4966fe54-c7fe-4cfe-80fa-d61bd1b387e0_771622815.jpeg?h=225&w=225,
258195592,Guylian Seashells 500G Box,https://www.tesco.com/groceries/en-GB/shop/food-cupboard/all?department=Chocolate%2C%20Sweets%2C%20Mints%20%26%20Chewing%20Gum&viewAll=department&page=,£10.00,£2.00/100g,£7.50 Clubcard Price,,/groceries/en-GB/products/258195592,https://digitalcontent.api.tesco.com/v2/media/ghs/8025e6c9-5f91-4404-9a5d-02b95d2e51c0/2641a6b2-924f-42a4-97d8-c42267b65658_1649378024.jpeg?h=225&w=225,
304411469,Lindt Lindor Assorted Chocolate Truffles 525G,https://www.tesco.com/groceries/en-GB/shop/food-cupboard/all?department=Chocolate%2C%20Sweets%2C%20Mints%20%26%20Chewing%20Gum&viewAll=department&page=,£15.00,£2.86/100g,£10.00 Clubcard Price,,/groceries/en-GB/products/304411469,https://digitalcontent.api.tesco.com/v2/media/ghs/5b3f431a-3987-466d-9e83-46cbd09bafbb/5c800f02-acb7-417d-ae2d-a60e66276df9_818389527.jpeg?h=225&w=225,
258202199,Lindt Hazelnut Milk Chocolate Bar 150G,https://www.tesco.com/groceries/en-GB/shop/food-cupboard/all?department=Chocolate%2C%20Sweets%2C%20Mints%20%26%20Chewing%20Gum&viewAll=department&page=,£3.00,£2.00/100g,,,/groceries/en-GB/products/258202199,https://digitalcontent.api.tesco.com/v2/media/ghs/743347de-36bf-4add-820e-7c86933b2e14/69aa7c30-a318-4fa7-8bd0-09e1a5e5253f_833411582.jpeg?h=225&w=225,
310174930,Lindt Classic Recipe Vegan Smooth Chocolate 100G,https://www.tesco.com/groceries/en-GB/shop/food-cupboard/all?department=Chocolate%2C%20Sweets%2C%20Mints%20%26%20Chewing%20Gum&viewAll=department&page=,£3.00,£3.00/100g,,,/groceries/en-GB/products/310174930,https://digitalcontent.api.tesco.com/v2/media/ghs/fb6523bc-622c-4202-8a6f-52d36eec6e8f/923fe99e-1e32-4dd4-a08e-f1234f2eb960_1449823832.jpeg?h=225&w=225,
310662306,Wrigley's Extra Sugar Free Strawberry Gum 60 Pieces 84G,https://www.tesco.com/groceries/en-GB/shop/food-cupboard/all?department=Chocolate%2C%20Sweets%2C%20Mints%20%26%20Chewing%20Gum&viewAll=department&page=,£2.60,£3.10/100g,,,/groceries/en-GB/products/310662306,https://digitalcontent.api.tesco.com/v2/media/ghs/5612aa06-73ae-4957-87ca-645e52e58dc0/6ca9a8d3-a554-444c-b16f-481e74180938_386150639.jpeg?h=225&w=225,
302277498,Wrigley's Extra White 6X10 Pieces 84G,https://www.tesco.com/groceries/en-GB/shop/food-cupboard/all?department=Chocolate%2C%20Sweets%2C%20Mints%20%26%20Chewing%20Gum&viewAll=department&page=,£2.50,£2.98/100g,,,/groceries/en-GB/products/302277498,https://digitalcontent.api.tesco.com/v2/media/ghs/22a054aa-0da0-4cbc-b454-afbdc5ef1921/0f465bec-f17f-46d2-9044-043986f9aacb_1152079969.jpeg?h=225&w=225,
293193754,Squashies Drumstick Minis 280G,https://www.tesco.com/groceries/en-GB/shop/food-cupboard/all?department=Chocolate%2C%20Sweets%2C%20Mints%20%26%20Chewing%20Gum&viewAll=department&page=,£2.15,£0.77/100g,,,/groceries/en-GB/products/293193754,https://digitalcontent.api.tesco.com/v2/media/ghs/94169861-d12a-4fca-9c76-7607e89060c0/2cb4105f-5689-4c92-adb5-5b4f26bb6482_1482502843.jpeg?h=225&w=225,
308838914,Tony's Chocolonely Milk Chocolate 180G,https://www.tesco.com/groceries/en-GB/shop/food-cupboard/all?department=Chocolate%2C%20Sweets%2C%20Mints%20%26%20Chewing%20Gum&viewAll=department&page=,£3.00,£1.67/100g,,,/groceries/en-GB/products/308838914,https://digitalcontent.api.tesco.com/v2/media/ghs/a21ad6e1-e1e0-486b-b42e-0fc612e36f1c/248f2105-0cf6-4b7b-b722-d31dbc9ad717_1966328636.jpeg?h=225&w=225,
309176860,Maltesers Teasers 335G,https://www.tesco.com/groceries/en-GB/shop/food-cupboard/all?department=Chocolate%2C%20Sweets%2C%20Mints%20%26%20Chewing%20Gum&viewAll=department&page=,£5.00,£1.50/100g,£4.00 Clubcard Price,,/groceries/en-GB/products/309176860,https://digitalcontent.api.tesco.com/v2/media/ghs/e5184f1b-7030-4ae2-b142-ec204f817528/370d5a00-b81f-4469-bc65-05e97f095b3c_507055942.jpeg?h=225&w=225,
304665082,Lindt Excellence Dark Honeycomb 100G Srp,https://www.tesco.com/groceries/en-GB/shop/food-cupboard/all?department=Chocolate%2C%20Sweets%2C%20Mints%20%26%20Chewing%20Gum&viewAll=department&page=,£2.10,£2.10/100g,,,/groceries/en-GB/products/304665082,https://digitalcontent.api.tesco.com/v2/media/ghs/6d8044dd-7ba6-4599-9d6d-38df900f2d5f/5d520545-f72e-44a7-a773-c28def8ae2cb_1991695038.jpeg?h=225&w=225,
308079602,Wrigleys Extra Refreshers Tropical Chewing Gum 67G,https://www.tesco.com/groceries/en-GB/shop/food-cupboard/all?department=Chocolate%2C%20Sweets%2C%20Mints%20%26%20Chewing%20Gum&viewAll=department&page=,£2.40,£3.59/100g,,,/groceries/en-GB/products/308079602,https://digitalcontent.api.tesco.com/v2/media/ghs/f98e0a20-56f9-48a1-9bca-ebaf98cbf495/0d45587b-c1c2-489d-91f4-913b01ce6f4c_153562590.jpeg?h=225&w=225,
293368721,Toblerone White 360G,https://www.tesco.com/groceries/en-GB/shop/food-cupboard/all?department=Chocolate%2C%20Sweets%2C%20Mints%20%26%20Chewing%20Gum&viewAll=department&page=,£3.50,£0.97/100g,,,/groceries/en-GB/products/293368721,https://digitalcontent.api.tesco.com/v2/media/ghs/c7cbf2dc-14fe-4f74-b7d4-bbd3d79fa34f/4dee2c8e-f00d-4909-9215-fc6b7fe40dfa_1427901817.jpeg?h=225&w=225,
308851621,After Eight Orange & Mint Dark Chocolate Thins 200G,https://www.tesco.com/groceries/en-GB/shop/food-cupboard/all?department=Chocolate%2C%20Sweets%2C%20Mints%20%26%20Chewing%20Gum&viewAll=department&page=,£2.50,£1.25/100g,£2.00 Clubcard Price,,/groceries/en-GB/products/308851621,https://digitalcontent.api.tesco.com/v2/media/ghs/b8c9fc13-63c6-4754-a4a8-548c1d12cd69/0a4a99d0-121f-48c9-8b5c-35723616a7bd_1278786420.jpeg?h=225&w=225,
255579074,Bendicks Bittermints Carton 200G,https://www.tesco.com/groceries/en-GB/shop/food-cupboard/all?department=Chocolate%2C%20Sweets%2C%20Mints%20%26%20Chewing%20Gum&viewAll=department&page=,£5.00,£2.50/100g,£3.00 Clubcard Price,,/groceries/en-GB/products/255579074,https://digitalcontent.api.tesco.com/v2/media/ghs/04c5ffa5-aedf-4572-bc55-cc039e67737e/26ae1935-5304-48f9-b381-2f44e06be28a_1726365424.jpeg?h=225&w=225,
310681738,Smint Xxl Sugarfree Sweet Mint,https://www.tesco.com/groceries/en-GB/shop/food-cupboard/all?department=Chocolate%2C%20Sweets%2C%20Mints%20%26%20Chewing%20Gum&viewAll=department&page=,£1.35,£3.86/100g,"£3.40 Meal Deal Clubcard Price £3.90 Meal Deal Regular Price - Selected Drink, Snack, Wrap, Sandwich, Roll, Pasty Or Salad",,/groceries/en-GB/products/310681738,https://digitalcontent.api.tesco.com/v2/media/ghs/6f4a7bf2-4ad4-4afc-b371-06df247f2067/9ffc1af3-b852-48a7-8fdf-b5dca382f9b6_1295861669.jpeg?h=225&w=225,
311433127,Munchies Salted Caramel Fudge Sharing Bag 97G,https://www.tesco.com/groceries/en-GB/shop/food-cupboard/all?department=Chocolate%2C%20Sweets%2C%20Mints%20%26%20Chewing%20Gum&viewAll=department&page=,£1.25,£1.29/100g,,,/groceries/en-GB/products/311433127,https://digitalcontent.api.tesco.com/v2/media/ghs/1cdc4fff-9bfc-4a6c-90b0-292e5a8be8f2/8541f969-f7c3-48b0-b54c-d2f69697c533_862525486.jpeg?h=225&w=225,
312560320,Maynards Bassetts Sports Mix Juicies 130G,https://www.tesco.com/groceries/en-GB/shop/food-cupboard/all?department=Chocolate%2C%20Sweets%2C%20Mints%20%26%20Chewing%20Gum&viewAll=department&page=,£1.00,£0.77/100g,,,/groceries/en-GB/products/312560320,https://digitalcontent.api.tesco.com/v2/media/ghs/da3550a0-b759-4e79-8a38-20d74c8be288/c1606694-162d-4392-86ba-6efd280678d3_1656973743.jpeg?h=225&w=225,
311254483,Cadbury Caramilk Golden Caramel Chocolate 160G,https://www.tesco.com/groceries/en-GB/shop/food-cupboard/all?department=Chocolate%2C%20Sweets%2C%20Mints%20%26%20Chewing%20Gum&viewAll=department&page=,£1.75,£1.10/100g,,,/groceries/en-GB/products/311254483,https://digitalcontent.api.tesco.com/v2/media/ghs/9b1180a3-2614-44a6-a0d2-d0bccba0e5e5/eb3285f8-2688-43d9-9277-e1c15e5c8e26_1655484994.jpeg?h=225&w=225,
309773147,Cadbury Dairy Milk Pudding 35G,https://www.tesco.com/groceries/en-GB/shop/food-cupboard/all?department=Chocolate%2C%20Sweets%2C%20Mints%20%26%20Chewing%20Gum&viewAll=department&page=,£0.50,£1.43/100g,,,/groceries/en-GB/products/309773147,https://digitalcontent.api.tesco.com/v2/media/ghs/58399628-e979-4988-ab53-881e9447f284/10c89026-2c8f-4425-a3d5-a685eb4a79d8_980843837.jpeg?h=225&w=225,
264720930,Rowntrees Random Bag 50G,https://www.tesco.com/groceries/en-GB/shop/food-cupboard/all?department=Chocolate%2C%20Sweets%2C%20Mints%20%26%20Chewing%20Gum&viewAll=department&page=,£0.70,£1.40/100g,"£3.40 Meal Deal Clubcard Price £3.90 Meal Deal Regular Price - Selected Drink, Snack, Wrap, Sandwich, Roll, Pasty Or Salad",,/groceries/en-GB/products/264720930,https://digitalcontent.api.tesco.com/v2/media/ghs/6cd849ff-d7e5-442e-9d9f-e9e6c80dfe50/dd435d89-1600-48dd-a78c-f160b697c41d_269916348.jpeg?h=225&w=225,
308087673,Cadbury Dairy Milk Orange 180G,https://www.tesco.com/groceries/en-GB/shop/food-cupboard/all?department=Chocolate%2C%20Sweets%2C%20Mints%20%26%20Chewing%20Gum&viewAll=department&page=,£1.75,£0.97/100g,,,/groceries/en-GB/products/308087673,https://digitalcontent.api.tesco.com/v2/media/ghs/00e2b48b-0313-46c1-bd84-6c6be0045ad5/f1065b6d-8d47-46d8-9d78-f3dec69f28d0_1504742629.jpeg?h=225&w=225,
273599057,Airwaves Blackcurrant Gum 10 Pieces,https://www.tesco.com/groceries/en-GB/shop/food-cupboard/all?department=Chocolate%2C%20Sweets%2C%20Mints%20%26%20Chewing%20Gum&viewAll=department&page=,£0.65,£4.65/100g,,,/groceries/en-GB/products/273599057,https://digitalcontent.api.tesco.com/v2/media/ghs/b516f42c-9958-4f45-bfe0-dbdc7f08a1b8/0670e2bb-f138-46a0-94ee-9540316edcbd_605292572.jpeg?h=225&w=225,
278003312,Ferrero Rocher 3 Pack 37.5G,https://www.tesco.com/groceries/en-GB/shop/food-cupboard/all?department=Chocolate%2C%20Sweets%2C%20Mints%20%26%20Chewing%20Gum&viewAll=department&page=,£1.00,£2.67/100g,"£3.40 Meal Deal Clubcard Price £3.90 Meal Deal Regular Price - Selected Drink, Snack, Wrap, Sandwich, Roll, Pasty Or Salad",,/groceries/en-GB/products/278003312,https://digitalcontent.api.tesco.com/v2/media/ghs/e301078c-2b7e-4fa8-857a-44216e6b1866/bf467608-bf99-459e-80e6-e19c83056e9c_478998817.jpeg?h=225&w=225,
259298175,Kinder Surprise Egg 20G,https://www.tesco.com/groceries/en-GB/shop/food-cupboard/all?department=Chocolate%2C%20Sweets%2C%20Mints%20%26%20Chewing%20Gum&viewAll=department&page=,£0.90,£4.50/100g,"£3.40 Meal Deal Clubcard Price £3.90 Meal Deal Regular Price - Selected Drink, Snack, Wrap, Sandwich, Roll, Pasty Or Salad",,/groceries/en-GB/products/259298175,https://digitalcontent.api.tesco.com/v2/media/ghs/60f11e38-86f1-4257-99ed-97ce949f34d7/3c650710-6c0f-46ca-b537-1d322cabd3dd_648230345.jpeg?h=225&w=225,
305829659,Twix Salted Caramel Xtra Twin Bars 75G,https://www.tesco.com/groceries/en-GB/shop/food-cupboard/all?department=Chocolate%2C%20Sweets%2C%20Mints%20%26%20Chewing%20Gum&viewAll=department&page=,£0.85,£1.14/100g,"£3.40 Meal Deal Clubcard Price £3.90 Meal Deal Regular Price - Selected Drink, Snack, Wrap, Sandwich, Roll, Pasty Or Salad",,/groceries/en-GB/products/305829659,https://digitalcontent.api.tesco.com/v2/media/ghs/e10c486b-4020-4272-be11-3a135dbf51c2/0933a690-849a-4c2e-929e-9a4d0febb8c1_1641166232.jpeg?h=225&w=225,
308099941,Wrigley's Extra Tropical Chewing Gum Sugar Free 15.6G,https://www.tesco.com/groceries/en-GB/shop/food-cupboard/all?department=Chocolate%2C%20Sweets%2C%20Mints%20%26%20Chewing%20Gum&viewAll=department&page=,£0.60,£3.85/100g,,,/groceries/en-GB/products/308099941,https://digitalcontent.api.tesco.com/v2/media/ghs/908981c4-53c0-4c9f-9048-82adfa33facc/f1d294ee-da39-493a-9d87-22655c849c3e_147472045.jpeg?h=225&w=225,
308489186,Cadbury Boost Chocolate Duo Bar 63G,https://www.tesco.com/groceries/en-GB/shop/food-cupboard/all?department=Chocolate%2C%20Sweets%2C%20Mints%20%26%20Chewing%20Gum&viewAll=department&page=,£0.85,£1.35/100g,"£3.40 Meal Deal Clubcard Price £3.90 Meal Deal Regular Price - Selected Drink, Snack, Wrap, Sandwich, Roll, Pasty Or Salad",,/groceries/en-GB/products/308489186,https://digitalcontent.api.tesco.com/v2/media/ghs/68603db8-b6c2-45ad-a917-6e53a709dfb5/8a5cdbca-4f16-4843-bebd-1ff8a2ec14ae_1454717697.jpeg?h=225&w=225,
292094654,Yorkie Raisin & Biscuit Duo 66G (P),https://www.tesco.com/groceries/en-GB/shop/food-cupboard/all?department=Chocolate%2C%20Sweets%2C%20Mints%20%26%20Chewing%20Gum&viewAll=department&page=,£0.85,£1.29/100g,"£3.40 Meal Deal Clubcard Price £3.90 Meal Deal Regular Price - Selected Drink, Snack, Wrap, Sandwich, Roll, Pasty Or Salad",,/groceries/en-GB/products/292094654,https://digitalcontent.api.tesco.com/v2/media/ghs/4bfb12be-75af-4c46-97c1-e9885fa1e4d6/e2fed885-3fe6-43f4-8d00-7af069756fb9_1029859408.jpeg?h=225&w=225,
303836573,Twix White Chocolate Extra Single Twin 75G,https://www.tesco.com/groceries/en-GB/shop/food-cupboard/all?department=Chocolate%2C%20Sweets%2C%20Mints%20%26%20Chewing%20Gum&viewAll=department&page=,£0.85,£1.14/100g,"£3.40 Meal Deal Clubcard Price £3.90 Meal Deal Regular Price - Selected Drink, Snack, Wrap, Sandwich, Roll, Pasty Or Salad",,/groceries/en-GB/products/303836573,https://digitalcontent.api.tesco.com/v2/media/ghs/8ac934b7-8d75-4815-96c4-3fd614d43e03/075c215f-ba42-4b2b-b095-4a4edb7358be_1141418343.jpeg?h=225&w=225,
292573531,Kit Kat 4 Finger Milk Chocolate Bar 41.5G,https://www.tesco.com/groceries/en-GB/shop/food-cupboard/all?department=Chocolate%2C%20Sweets%2C%20Mints%20%26%20Chewing%20Gum&viewAll=department&page=,£0.70,£1.69/100g,"£3.40 Meal Deal Clubcard Price £3.90 Meal Deal Regular Price - Selected Drink, Snack, Wrap, Sandwich, Roll, Pasty Or Salad",,/groceries/en-GB/products/292573531,https://digitalcontent.api.tesco.com/v2/media/ghs/71cd74f1-7c52-4d95-ac31-5e498ac2c7d8/c902d0a1-c8d1-41a2-9535-37123c679a78_160232007.jpeg?h=225&w=225,
311260256,Skittles Crazy Sours Squishy Clouds 94G,https://www.tesco.com/groceries/en-GB/shop/food-cupboard/all?department=Chocolate%2C%20Sweets%2C%20Mints%20%26%20Chewing%20Gum&viewAll=department&page=,£0.99,£1.06/100g,,,/groceries/en-GB/products/311260256,https://digitalcontent.api.tesco.com/v2/media/ghs/161683eb-b275-44cc-8049-c99c59819079/23704492-88ba-420f-8f20-112c0708aeb8_970894387.jpeg?h=225&w=225,
279934913,Galaxy Cookie Crumble Chocolate Bar 114G,https://www.tesco.com/groceries/en-GB/shop/food-cupboard/all?department=Chocolate%2C%20Sweets%2C%20Mints%20%26%20Chewing%20Gum&viewAll=department&page=,£0.99,£0.87/100g,,,/groceries/en-GB/products/279934913,https://digitalcontent.api.tesco.com/v2/media/ghs/3ddbf52e-aa8b-4f54-bc38-0a832774fcac/8c2bd1f0-8d77-494b-a5bc-9e98b615093a_895994757.jpeg?h=225&w=225,
311259224,Snickers Triple Treat Fruit Nut & Chocolate Bar 4X32g,https://www.tesco.com/groceries/en-GB/shop/food-cupboard/all?department=Chocolate%2C%20Sweets%2C%20Mints%20%26%20Chewing%20Gum&viewAll=department&page=,£1.75,£1.37/100g,,,/groceries/en-GB/products/311259224,https://digitalcontent.api.tesco.com/v2/media/ghs/9546da68-184d-45ea-b48c-91d9e3766641/627670c5-b27b-4360-9fc5-c725c438ea63_1754318404.jpeg?h=225&w=225,
311447059,Tic Tac Sugar Free Fresh Strong Mint 16.4G,https://www.tesco.com/groceries/en-GB/shop/food-cupboard/all?department=Chocolate%2C%20Sweets%2C%20Mints%20%26%20Chewing%20Gum&viewAll=department&page=,£1.00,£6.10/100g,"£3.40 Meal Deal Clubcard Price £3.90 Meal Deal Regular Price - Selected Drink, Snack, Wrap, Sandwich, Roll, Pasty Or Salad",,/groceries/en-GB/products/311447059,https://digitalcontent.api.tesco.com/v2/media/ghs/d2864a09-a200-413a-99d7-c8617ec78c11/c97b77c2-ebee-4e3c-8c09-4f1f5ab2fff4_1782157976.jpeg?h=225&w=225,
267375446,Merci Finest Selection 400G,https://www.tesco.com/groceries/en-GB/shop/food-cupboard/all?department=Chocolate%2C%20Sweets%2C%20Mints%20%26%20Chewing%20Gum&viewAll=department&page=,£8.00,£2.00/100g,£5.00 Clubcard Price,,/groceries/en-GB/products/267375446,https://digitalcontent.api.tesco.com/v2/media/ghs/db2fb84e-f1cf-4138-8c47-5a45981fcc3f/9960cbd7-5bf9-4a05-9a4f-fa3e9c318b70_1937652956.jpeg?h=225&w=225,
296141450,Yupi Big Burger Jelly & Foam Fruit & Cream 32G,https://www.tesco.com/groceries/en-GB/shop/food-cupboard/all?department=Chocolate%2C%20Sweets%2C%20Mints%20%26%20Chewing%20Gum&viewAll=department&page=,,,,,/groceries/en-GB/products/296141450,https://digitalcontent.api.tesco.com/v2/media/ghs/274f7e7f-f234-4ba9-983a-0392015d2085/0b8d34bb-8ecb-46c9-8c33-feaa2143770b_541687696.jpeg?h=225&w=225,This product's currently out of stock
268296889,Kinder Bueno White 39G,https://www.tesco.com/groceries/en-GB/shop/food-cupboard/all?department=Chocolate%2C%20Sweets%2C%20Mints%20%26%20Chewing%20Gum&viewAll=department&page=,£0.60,£1.54/100g,"£3.40 Meal Deal Clubcard Price £3.90 Meal Deal Regular Price - Selected Drink, Snack, Wrap, Sandwich, Roll, Pasty Or Salad",,/groceries/en-GB/products/268296889,https://digitalcontent.api.tesco.com/v2/media/ghs/a8b54c1d-c742-4225-a0fa-cc9d8674a370/1b1b22b2-eca0-4fa9-9dbd-56bcde93844f_418519141.jpeg?h=225&w=225,
256048880,Lindt Lindor Assorted Chocolate Truffle Carton 337G,https://www.tesco.com/groceries/en-GB/shop/food-cupboard/all?department=Chocolate%2C%20Sweets%2C%20Mints%20%26%20Chewing%20Gum&viewAll=department&page=,£6.00,£1.79/100g,,,/groceries/en-GB/products/256048880,https://digitalcontent.api.tesco.com/v2/media/ghs/0c71972a-2d9d-425a-a24d-ce36a71a2afb/26be54aa-c9f8-46d1-967c-ecf2abc5de42_1230045587.jpeg?h=225&w=225,
293378860,Lindt Lindor Limited Edition 337G,https://www.tesco.com/groceries/en-GB/shop/food-cupboard/all?department=Chocolate%2C%20Sweets%2C%20Mints%20%26%20Chewing%20Gum&viewAll=department&page=,£6.00,£1.79/100g,,,/groceries/en-GB/products/293378860,,
309746664,Walkers Classic Variety Multipack Crisps 22X25g,https://www.tesco.com/groceries/en-GB/shop/food-cupboard/all?department=Crisps%2C%20Snacks%2C%20Nuts%20%26%20Popcorn&viewAll=department&page=,£4.25,£0.77/100g,,,/groceries/en-GB/products/309746664,https://digitalcontent.api.tesco.com/v2/media/ghs/d07c46d7-ba6a-4e9d-9965-124f546ac450/b82cca13-6b5f-4522-a14e-d966ca4ba2e5_1060213512.jpeg?h=225&w=225,
296526864,Peperami Original 5 Pack 5X22.5G,https://www.tesco.com/groceries/en-GB/shop/food-cupboard/all?department=Crisps%2C%20Snacks%2C%20Nuts%20%26%20Popcorn&viewAll=department&page=,£2.50,£2.23/100g,,,/groceries/en-GB/products/296526864,https://digitalcontent.api.tesco.com/v2/media/ghs/88f177d9-74a3-4236-be3b-8ba7db774ca2/af3891e3-c970-4add-902e-b62ab4f24287_994863243.jpeg?h=225&w=225,
250591613,Peperami Mini Original 10X10g,https://www.tesco.com/groceries/en-GB/shop/food-cupboard/all?department=Crisps%2C%20Snacks%2C%20Nuts%20%26%20Popcorn&viewAll=department&page=,£2.50,£2.50/100g,£2.25 Clubcard Price,,/groceries/en-GB/products/250591613,https://digitalcontent.api.tesco.com/v2/media/ghs/93825507-17cc-413a-bc6c-d95b64b5b88e/91029151-19a4-4e5c-a957-d3a5105a44a5_1070480997.jpeg?h=225&w=225,
261495152,Walkers Quavers Cheese 12X16g,https://www.tesco.com/groceries/en-GB/shop/food-cupboard/all?department=Crisps%2C%20Snacks%2C%20Nuts%20%26%20Popcorn&viewAll=department&page=,£2.75,£1.44/100g,,,/groceries/en-GB/products/261495152,https://digitalcontent.api.tesco.com/v2/media/ghs/c7a25ff8-1c33-481b-9cc2-c41dc2ab04fd/fa76bfdd-1743-461c-a99a-aa554f1f3628_1300801248.jpeg?h=225&w=225,
299913418,Walkers Classic Variety Crisps 12 X 25G,https://www.tesco.com/groceries/en-GB/shop/food-cupboard/all?department=Crisps%2C%20Snacks%2C%20Nuts%20%26%20Popcorn&viewAll=department&page=,£2.75,£0.92/100g,,,/groceries/en-GB/products/299913418,https://digitalcontent.api.tesco.com/v2/media/ghs/d7e0280f-6223-4d13-9807-59c0fc105eef/c66c1bb9-1e17-4deb-9c80-03e30fc31c16_656786035.jpeg?h=225&w=225,
299913390,Walkers Ready Salted Crisps 12 X 25G,https://www.tesco.com/groceries/en-GB/shop/food-cupboard/all?department=Crisps%2C%20Snacks%2C%20Nuts%20%26%20Popcorn&viewAll=department&page=,,,,,/groceries/en-GB/products/299913390,https://digitalcontent.api.tesco.com/v2/media/ghs/87797d77-133b-4c75-95c6-68ddc2b29f88/3e8dffe5-c942-479b-8482-ccaf6064f53e_2135127568.jpeg?h=225&w=225,This product's currently out of stock
264441321,Walkers Sunbites Sun Ripenedsweet Chilli 6 X 25G,https://www.tesco.com/groceries/en-GB/shop/food-cupboard/all?department=Crisps%2C%20Snacks%2C%20Nuts%20%26%20Popcorn&viewAll=department&page=,£1.75,£1.17/100g,,,/groceries/en-GB/products/264441321,https://digitalcontent.api.tesco.com/v2/media/ghs/e3371e98-c169-4c1e-bc26-367583a2dfa2/aa67af47-4f81-440c-a223-a65fe1ffb9e7_2006879395.jpeg?h=225&w=225,
264924240,Walkers Squares Salt & Vinegar Snacks 6X22g,https://www.tesco.com/groceries/en-GB/shop/food-cupboard/all?department=Crisps%2C%20Snacks%2C%20Nuts%20%26%20Popcorn&viewAll=department&page=,£1.75,£1.33/100g,,,/groceries/en-GB/products/264924240,https://digitalcontent.api.tesco.com/v2/media/ghs/5143eb9d-8ab4-41de-8d94-166c4a34d5b2/7f1aa0e6-0866-4668-9e66-83e649912866_1667417121.jpeg?h=225&w=225,
302036830,Hula Hoops Variety Pack 12X24g,https://www.tesco.com/groceries/en-GB/shop/food-cupboard/all?department=Crisps%2C%20Snacks%2C%20Nuts%20%26%20Popcorn&viewAll=department&page=,£3.00,£1.05/100g,£2.50 Clubcard Price,,/groceries/en-GB/products/302036830,https://digitalcontent.api.tesco.com/v2/media/ghs/51286e29-8229-4dde-88aa-a49ac40dbd1f/8af33383-c2bf-499f-9372-e0d8fa8be9b4_1226631350.jpeg?h=225&w=225,
250057901,Tesco Lightly Salted Tortilla Chips 200G,https://www.tesco.com/groceries/en-GB/shop/food-cupboard/all?department=Crisps%2C%20Snacks%2C%20Nuts%20%26%20Popcorn&viewAll=department&page=,£1.00,£0.50/100g,,,/groceries/en-GB/products/250057901,https://digitalcontent.api.tesco.com/v2/media/ghs/3c5882dd-73e6-4d15-9b36-f080358a948b/012e26b4-fd49-48af-a88f-c9d2bf8639d6_400973140.jpeg?h=225&w=225,
312701448,Kettle Sea Salt & Balsamic Vinegar Crisps 5 X 25G,https://www.tesco.com/groceries/en-GB/shop/food-cupboard/all?department=Crisps%2C%20Snacks%2C%20Nuts%20%26%20Popcorn&viewAll=department&page=,£1.95,£1.56/100g,,New,/groceries/en-GB/products/312701448,https://digitalcontent.api.tesco.com/v2/media/ghs/20241764-0668-4ee3-9b24-83832f67a624/df818f5a-e85e-43b9-887d-1f617b01e82e_1371390861.jpeg?h=225&w=225,
280663792,Tesco Sweet & Salted Popcorn 110G,https://www.tesco.com/groceries/en-GB/shop/food-cupboard/all?department=Crisps%2C%20Snacks%2C%20Nuts%20%26%20Popcorn&viewAll=department&page=,£1.10,£1.00/100g,,,/groceries/en-GB/products/280663792,https://digitalcontent.api.tesco.com/v2/media/ghs/f6843f43-640f-4e60-a364-bd3242d36b90/9d46a81b-e9ac-4b31-a15d-38c293ca907b_896881344.jpeg?h=225&w=225,
312993737,Walkers Delicate Prawn Cocktail Crisps 6X25g,https://www.tesco.com/groceries/en-GB/shop/food-cupboard/all?department=Crisps%2C%20Snacks%2C%20Nuts%20%26%20Popcorn&viewAll=department&page=,£1.75,£1.17/100g,,New,/groceries/en-GB/products/312993737,https://digitalcontent.api.tesco.com/v2/media/ghs/1a38be11-1136-4d36-8b69-3a2a3eca96ab/79a03ad1-c84e-4e01-a546-58436082dd52_1669458619.jpeg?h=225&w=225,
303485238,Mccoy's Salt & Malt Vinegar Crisps 6X25g,https://www.tesco.com/groceries/en-GB/shop/food-cupboard/all?department=Crisps%2C%20Snacks%2C%20Nuts%20%26%20Popcorn&viewAll=department&page=,£1.75,£1.17/100g,,,/groceries/en-GB/products/303485238,https://digitalcontent.api.tesco.com/v2/media/ghs/49ff4ec0-fb09-41b3-b49d-7744bff2b551/6c049492-2b95-4c72-8b67-dda0bc8e58fc_733524836.jpeg?h=225&w=225,
296049271,Doritos Cool Original Tortilla Chips 180G,https://www.tesco.com/groceries/en-GB/shop/food-cupboard/all?department=Crisps%2C%20Snacks%2C%20Nuts%20%26%20Popcorn&viewAll=department&page=,£2.00,£1.12/100g,£1.50 Clubcard Price,,/groceries/en-GB/products/296049271,https://digitalcontent.api.tesco.com/v2/media/ghs/494aca15-8507-411b-baa4-921b6312a38e/81cde9fb-ddfe-4df9-b90d-3130acbdaa32_1052813434.jpeg?h=225&w=225,
312985128,Jacob's Mini Cheddars Original 6 X 23G,https://www.tesco.com/groceries/en-GB/shop/food-cupboard/all?department=Crisps%2C%20Snacks%2C%20Nuts%20%26%20Popcorn&viewAll=department&page=,£1.50,£1.09/100g,£1.35 Clubcard Price,,/groceries/en-GB/products/312985128,https://digitalcontent.api.tesco.com/v2/media/ghs/bc988927-3bef-47ac-9a2b-aec0cf17d0f0/c6b61546-7d0c-4a9d-8c56-6e29147c9704_695329803.jpeg?h=225&w=225,
312218888,Walkers Quavers Cheese Snacks 6X16g,https://www.tesco.com/groceries/en-GB/shop/food-cupboard/all?department=Crisps%2C%20Snacks%2C%20Nuts%20%26%20Popcorn&viewAll=department&page=,£1.75,£1.83/100g,,,/groceries/en-GB/products/312218888,https://digitalcontent.api.tesco.com/v2/media/ghs/80d8e2fc-9274-423b-ba77-2632f3549ff0/aeb0a772-eed5-4dfd-aa1d-a05c7719ab68_1843510934.jpeg?h=225&w=225,
303485273,Mccoy's Flame Grilled Steak Crisps 6X25g,https://www.tesco.com/groceries/en-GB/shop/food-cupboard/all?department=Crisps%2C%20Snacks%2C%20Nuts%20%26%20Popcorn&viewAll=department&page=,£1.75,£1.17/100g,,,/groceries/en-GB/products/303485273,https://digitalcontent.api.tesco.com/v2/media/ghs/1af72093-8063-44a6-9722-85a0cf38d3a3/18dfb3bf-f7aa-41f3-bf28-dfbe4737c2b3_1449273018.jpeg?h=225&w=225,
300162130,Discos Assorted Crisps 6X25.5G,https://www.tesco.com/groceries/en-GB/shop/food-cupboard/all?department=Crisps%2C%20Snacks%2C%20Nuts%20%26%20Popcorn&viewAll=department&page=,£1.25,£0.82/100g,,,/groceries/en-GB/products/300162130,https://digitalcontent.api.tesco.com/v2/media/ghs/aa2cc83d-01f6-41b7-9f8f-ce00a46b64f0/ab3c7f07-9ed2-4bb0-ae00-f4333cae1e05_941878299.jpeg?h=225&w=225,
312217146,Snack A Jacks Bbq 5 X 19G,https://www.tesco.com/groceries/en-GB/shop/food-cupboard/all?department=Crisps%2C%20Snacks%2C%20Nuts%20%26%20Popcorn&viewAll=department&page=,£1.75,£1.85/100g,£1.35 Clubcard Price,,/groceries/en-GB/products/312217146,https://digitalcontent.api.tesco.com/v2/media/ghs/34a187b9-0b25-4c40-8ccc-cbdad7c86e0a/d2a8b03c-36f1-4bd9-8c97-24bfa9c86ec1_2064489703.jpeg?h=225&w=225,
303485215,Mccoy's Classic Variety Crisps 6X25g,https://www.tesco.com/groceries/en-GB/shop/food-cupboard/all?department=Crisps%2C%20Snacks%2C%20Nuts%20%26%20Popcorn&viewAll=department&page=,£1.75,£1.17/100g,,,/groceries/en-GB/products/303485215,https://digitalcontent.api.tesco.com/v2/media/ghs/38156c55-c2ab-44d4-8dbc-94cf0ab8cfd0/ce33b12e-95aa-4c4a-af84-198bc20d4357_1990054519.jpeg?h=225&w=225,
254423859,Walkers Wotsits Cheese Snacks 6X16.5G,https://www.tesco.com/groceries/en-GB/shop/food-cupboard/all?department=Crisps%2C%20Snacks%2C%20Nuts%20%26%20Popcorn&viewAll=department&page=,£1.75,£1.77/100g,,,/groceries/en-GB/products/254423859,https://digitalcontent.api.tesco.com/v2/media/ghs/df4a985d-6909-46c4-bf9c-124194670935/84cb9233-726e-4fb6-b995-4d91430609ea_317048040.jpeg?h=225&w=225,
312567704,Popworks Chipotle Chilli Popped Crisps 5X17g,https://www.tesco.com/groceries/en-GB/shop/food-cupboard/all?department=Crisps%2C%20Snacks%2C%20Nuts%20%26%20Popcorn&viewAll=department&page=,£1.85,£2.18/100g,,New,/groceries/en-GB/products/312567704,https://digitalcontent.api.tesco.com/v2/media/ghs/4e203d05-c0e6-440b-892b-401d729796c8/881083d2-22b3-4959-af67-72f353850a54.jpeg?h=225&w=225,
275594819,Seabrook Sea Salted Potato Crisps 6 X 25G,https://www.tesco.com/groceries/en-GB/shop/food-cupboard/all?department=Crisps%2C%20Snacks%2C%20Nuts%20%26%20Popcorn&viewAll=department&page=,£1.30,£0.87/100g,,,/groceries/en-GB/products/275594819,,
287135770,Kp Hula Hoops Bbq Beef 6X24g,https://www.tesco.com/groceries/en-GB/shop/food-cupboard/all?department=Crisps%2C%20Snacks%2C%20Nuts%20%26%20Popcorn&viewAll=department&page=,£1.75,£1.22/100g,,,/groceries/en-GB/products/287135770,https://digitalcontent.api.tesco.com/v2/media/ghs/50831a80-06fe-4c82-9ed9-91337388fef8/39aea90a-c578-425a-bbff-8d1cc43f8ca7_2063466650.jpeg?h=225&w=225,
252688220,Tesco Finest Lightly Salted Crisps 150G,https://www.tesco.com/groceries/en-GB/shop/food-cupboard/all?department=Crisps%2C%20Snacks%2C%20Nuts%20%26%20Popcorn&viewAll=department&page=,£1.25,£0.83/100g,,,/groceries/en-GB/products/252688220,https://digitalcontent.api.tesco.com/v2/media/ghs/a2dcb1c8-adc1-4bba-a283-6573738df52a/443e3108-e053-4437-ba1a-26b015e7abc0_1693309080.jpeg?h=225&w=225,
295709926,Kp Skips Prawn Cocktail Crisps 6 X 13.1G,https://www.tesco.com/groceries/en-GB/shop/food-cupboard/all?department=Crisps%2C%20Snacks%2C%20Nuts%20%26%20Popcorn&viewAll=department&page=,£1.25,£1.60/100g,,,/groceries/en-GB/products/295709926,https://digitalcontent.api.tesco.com/v2/media/ghs/e4b60a58-a65a-4cb8-b04b-62e45efc1db7/a6724821-a906-4f6b-a445-1783f80a2cc5_1835122291.jpeg?h=225&w=225,
254926800,Walkers Ready Salted Crisps 6X25g,https://www.tesco.com/groceries/en-GB/shop/food-cupboard/all?department=Crisps%2C%20Snacks%2C%20Nuts%20%26%20Popcorn&viewAll=department&page=,£1.75,£1.17/100g,£1.50 Clubcard Price,,/groceries/en-GB/products/254926800,https://digitalcontent.api.tesco.com/v2/media/ghs/25a20b64-92f5-403d-a73d-dc73a06dca38/42975acd-9c00-46b2-b0c9-8f15e6f3d83f_2111408818.jpeg?h=225&w=225,
297048777,Tesco Finest Lightly Sea Salted Crinkle Cut Crisps 150G,https://www.tesco.com/groceries/en-GB/shop/food-cupboard/all?department=Crisps%2C%20Snacks%2C%20Nuts%20%26%20Popcorn&viewAll=department&page=,£1.25,£0.83/100g,,,/groceries/en-GB/products/297048777,https://digitalcontent.api.tesco.com/v2/media/ghs/d0c6c80b-f79e-4c51-9147-29113cb9e016/d26f7f57-db6b-444f-8f90-cecdd5991b25_615100297.jpeg?h=225&w=225,
259738992,Walkers Salt & Vinegar Crisps 6X25g,https://www.tesco.com/groceries/en-GB/shop/food-cupboard/all?department=Crisps%2C%20Snacks%2C%20Nuts%20%26%20Popcorn&viewAll=department&page=,£1.75,£1.17/100g,£1.50 Clubcard Price,,/groceries/en-GB/products/259738992,https://digitalcontent.api.tesco.com/v2/media/ghs/4331de96-d4f1-4c2d-b9b8-a7df5873ee6c/09e0173a-d8fc-40bf-9b93-988391dbd701_1561344548.jpeg?h=225&w=225,
305036998,Nik Naks Nice & Spicy Corn Snacks 6X20g,https://www.tesco.com/groceries/en-GB/shop/food-cupboard/all?department=Crisps%2C%20Snacks%2C%20Nuts%20%26%20Popcorn&viewAll=department&page=,£1.25,£1.05/100g,,,/groceries/en-GB/products/305036998,https://digitalcontent.api.tesco.com/v2/media/ghs/819466c6-364f-4910-9600-84070470fa5c/d42a565a-e6b2-4b08-a4e3-b88ca551b872_712724018.jpeg?h=225&w=225,
256644773,Walkers Prawn Cocktail Crisps 6X25g,https://www.tesco.com/groceries/en-GB/shop/food-cupboard/all?department=Crisps%2C%20Snacks%2C%20Nuts%20%26%20Popcorn&viewAll=department&page=,£1.75,£1.17/100g,£1.50 Clubcard Price,,/groceries/en-GB/products/256644773,https://digitalcontent.api.tesco.com/v2/media/ghs/fe02bcd2-14cb-4780-95b7-3fba18595e80/e02e2698-0c46-453b-9adb-94feef82e768_1131022232.jpeg?h=225&w=225,
313162277,Cheetos Puffs Flamin Hot Snacks 6X13g,https://www.tesco.com/groceries/en-GB/shop/food-cupboard/all?department=Crisps%2C%20Snacks%2C%20Nuts%20%26%20Popcorn&viewAll=department&page=,£1.25,£1.61/100g,,New,/groceries/en-GB/products/313162277,https://digitalcontent.api.tesco.com/v2/media/ghs/c1fd2737-7d4d-4e30-9e6b-722a17164ee0/198cf974-ecb8-48b3-b243-1b5018634396_616440580.jpeg?h=225&w=225,
259738773,Walkers Cheese & Onion Crisps 6X25g,https://www.tesco.com/groceries/en-GB/shop/food-cupboard/all?department=Crisps%2C%20Snacks%2C%20Nuts%20%26%20Popcorn&viewAll=department&page=,£1.75,£1.17/100g,£1.50 Clubcard Price,,/groceries/en-GB/products/259738773,https://digitalcontent.api.tesco.com/v2/media/ghs/e2233060-f261-4387-bc42-0fa53049839f/4cce890b-030c-4d2b-ba14-1a8edaee5901_1980467691.jpeg?h=225&w=225,
302309577,Pom Bear Original Crisps 6 X 13G,https://www.tesco.com/groceries/en-GB/shop/food-cupboard/all?department=Crisps%2C%20Snacks%2C%20Nuts%20%26%20Popcorn&viewAll=department&page=,£1.25,£1.61/100g,,,/groceries/en-GB/products/302309577,https://digitalcontent.api.tesco.com/v2/media/ghs/ceedf3ae-1ba7-4540-a5ec-6b616f9f5afb/3e246dd8-583c-4cd7-af33-f3e92bc6bf8a_893202773.jpeg?h=225&w=225,
308827569,Space Raiders Pickled Onion Flavoured Crisp 6X13g,https://www.tesco.com/groceries/en-GB/shop/food-cupboard/all?department=Crisps%2C%20Snacks%2C%20Nuts%20%26%20Popcorn&viewAll=department&page=,£1.00,£1.29/100g,,,/groceries/en-GB/products/308827569,https://digitalcontent.api.tesco.com/v2/media/ghs/a9c7fff5-c624-4039-9016-7f4cb6c12f73/a05edd04-8d69-43e6-b107-7c1e1388e9cc_126223347.jpeg?h=225&w=225,
310191157,Smiths Frazzles Crispy Bacon 6 X 18G,https://www.tesco.com/groceries/en-GB/shop/food-cupboard/all?department=Crisps%2C%20Snacks%2C%20Nuts%20%26%20Popcorn&viewAll=department&page=,£1.15,£1.07/100g,,,/groceries/en-GB/products/310191157,https://digitalcontent.api.tesco.com/v2/media/ghs/4e4fbe14-bf53-46fe-b65e-b0faa41f25d2/e1f7e3d1-1d6b-4782-a3d7-1e5741831f86_1841240147.jpeg?h=225&w=225,
254926662,Tesco Ready Salted Crisps 6X25g,https://www.tesco.com/groceries/en-GB/shop/food-cupboard/all?department=Crisps%2C%20Snacks%2C%20Nuts%20%26%20Popcorn&viewAll=department&page=,,,,,/groceries/en-GB/products/254926662,https://digitalcontent.api.tesco.com/v2/media/ghs/4e0934a3-68bf-43b2-b241-5d4346e25b6b/58ab0012-0bbe-44f3-9add-0fdf216db39b_1104437493.jpeg?h=225&w=225,This product's currently out of stock
293193570,Tesco Bunny Bites 6X19g,https://www.tesco.com/groceries/en-GB/shop/food-cupboard/all?department=Crisps%2C%20Snacks%2C%20Nuts%20%26%20Popcorn&viewAll=department&page=,£1.15,£1.01/100g,,,/groceries/en-GB/products/293193570,https://digitalcontent.api.tesco.com/v2/media/ghs/a76ae134-4765-4496-8cfa-09e454e22cdb/c27f328f-54b9-4124-9adb-09f5f3fb15b4_1950311729.jpeg?h=225&w=225,
296734865,Pringles Original 200G,https://www.tesco.com/groceries/en-GB/shop/food-cupboard/all?department=Crisps%2C%20Snacks%2C%20Nuts%20%26%20Popcorn&viewAll=department&page=,£2.00,£1.00/100g,£1.65 Clubcard Price,,/groceries/en-GB/products/296734865,https://digitalcontent.api.tesco.com/v2/media/ghs/9a872e39-1a6c-45f7-bb9a-ed571a0d08e8/3c6a202d-fb5c-45f3-b42b-004f58306100_1234892869.jpeg?h=225&w=225,
296734888,Pringles Sour Cream & Onion 200G,https://www.tesco.com/groceries/en-GB/shop/food-cupboard/all?department=Crisps%2C%20Snacks%2C%20Nuts%20%26%20Popcorn&viewAll=department&page=,£2.00,£1.00/100g,£1.65 Clubcard Price,,/groceries/en-GB/products/296734888,https://digitalcontent.api.tesco.com/v2/media/ghs/4ce858e0-767b-45e7-854d-c94d4c2f1e2c/4615d6c2-2045-4dd5-a099-5b6d9452ea0a_405219677.jpeg?h=225&w=225,
300273874,Stockwell & Co Lightly Salted Tortilla 200G,https://www.tesco.com/groceries/en-GB/shop/food-cupboard/all?department=Crisps%2C%20Snacks%2C%20Nuts%20%26%20Popcorn&viewAll=department&page=,£0.48,£0.24/100g,Aldi Price Match,,/groceries/en-GB/products/300273874,https://digitalcontent.api.tesco.com/v2/media/ghs/0ff26759-b141-43f1-a545-ce5728a54b7e/3033e9a7-741d-4f9e-ae4f-3ce40c515fbd_2067525390.jpeg?h=225&w=225,
306663962,Stockwell & Co. Ready Salted Crisps 6X25g,https://www.tesco.com/groceries/en-GB/shop/food-cupboard/all?department=Crisps%2C%20Snacks%2C%20Nuts%20%26%20Popcorn&viewAll=department&page=,,,,,/groceries/en-GB/products/306663962,https://digitalcontent.api.tesco.com/v2/media/ghs/33dd29f4-8976-492d-bbc0-09aa22008328/4ac01985-bfee-4a80-ac58-684b223716c3_573429198.jpeg?h=225&w=225,This product's currently out of stock
300273033,Tesco Ridge Cut Variety Crisps 6X30g,https://www.tesco.com/groceries/en-GB/shop/food-cupboard/all?department=Crisps%2C%20Snacks%2C%20Nuts%20%26%20Popcorn&viewAll=department&page=,£1.00,£0.56/100g,,,/groceries/en-GB/products/300273033,https://digitalcontent.api.tesco.com/v2/media/ghs/6322b698-8640-4a8f-b438-2815d5ac8caa/71af55e9-f6a0-4acf-a327-9a34e2ddf96b_577833221.jpeg?h=225&w=225,
301970829,Stockwell & Co Roasted & Salted Cashews 125G,https://www.tesco.com/groceries/en-GB/shop/food-cupboard/all?department=Crisps%2C%20Snacks%2C%20Nuts%20%26%20Popcorn&viewAll=department&page=,£0.73,£5.84/kg,Aldi Price Match,,/groceries/en-GB/products/301970829,https://digitalcontent.api.tesco.com/v2/media/ghs/d708cc58-7f01-4b2f-a6e1-f010fd42135d/837fb6e3-22f8-4f95-a5f4-76fe0c7f06da_1170637564.jpeg?h=225&w=225,
312721447,Jacob's Mini Cheddars Original 14 Pack 322G,https://www.tesco.com/groceries/en-GB/shop/food-cupboard/all?department=Crisps%2C%20Snacks%2C%20Nuts%20%26%20Popcorn&viewAll=department&page=,£2.25,£0.70/100g,,,/groceries/en-GB/products/312721447,https://digitalcontent.api.tesco.com/v2/media/ghs/cbda20c8-75f1-462d-8df0-eac9fd0c81be/23b19ee1-5a01-4027-9d0d-65f0b981e110_238819201.jpeg?h=225&w=225,
312852620,Eat Real Hummus Chips Sea Salt & Balsamic Vinegar 135G,https://www.tesco.com/groceries/en-GB/shop/food-cupboard/all?department=Crisps%2C%20Snacks%2C%20Nuts%20%26%20Popcorn&viewAll=department&page=,£2.00,£1.49/100g,,New,/groceries/en-GB/products/312852620,,
287233596,Hula Hoops Puft Salted 6X15g,https://www.tesco.com/groceries/en-GB/shop/food-cupboard/all?department=Crisps%2C%20Snacks%2C%20Nuts%20%26%20Popcorn&viewAll=department&page=,£1.80,£2.00/100g,,,/groceries/en-GB/products/287233596,,
290028985,Hula Hoops Puft Beef 6X15g,https://www.tesco.com/groceries/en-GB/shop/food-cupboard/all?department=Crisps%2C%20Snacks%2C%20Nuts%20%26%20Popcorn&viewAll=department&page=,£1.80,£2.00/100g,,,/groceries/en-GB/products/290028985,https://digitalcontent.api.tesco.com/v2/media/ghs/019cb1e4-4875-481b-b256-484555272961/645eb989-c08b-43a9-9b0c-c2ad066fc012_1460941648.jpeg?h=225&w=225,
261495181,Walkers Wotsits Cheese 12X16.5G,https://www.tesco.com/groceries/en-GB/shop/food-cupboard/all?department=Crisps%2C%20Snacks%2C%20Nuts%20%26%20Popcorn&viewAll=department&page=,£2.75,£1.39/100g,,,/groceries/en-GB/products/261495181,https://digitalcontent.api.tesco.com/v2/media/ghs/a8933ca8-3e3b-44e2-a3a3-72d7fde8766a/acf50898-4e90-4d05-8245-ce7b351e9da2_2038144861.jpeg?h=225&w=225,
299913355,Walkers Cheese & Onion Crisps 12 X 25G,https://www.tesco.com/groceries/en-GB/shop/food-cupboard/all?department=Crisps%2C%20Snacks%2C%20Nuts%20%26%20Popcorn&viewAll=department&page=,£2.75,£0.92/100g,,,/groceries/en-GB/products/299913355,https://digitalcontent.api.tesco.com/v2/media/ghs/8573ae7d-acef-4717-9d72-bc37ce31db89/a0e739b9-fbc9-4ba5-966d-8d191cd8e47c_1332980669.jpeg?h=225&w=225,
312713653,Kettle Sour Cream & Sweet Onion Potato Chips 130G,https://www.tesco.com/groceries/en-GB/shop/food-cupboard/all?department=Crisps%2C%20Snacks%2C%20Nuts%20%26%20Popcorn&viewAll=department&page=,£2.00,£1.54/100g,£1.50 Clubcard Price,,/groceries/en-GB/products/312713653,https://digitalcontent.api.tesco.com/v2/media/ghs/c6a4ffb7-6e54-43ce-b193-c3b56f9cf66d/bc5d0c89-124b-46c8-b650-2f60c0feed2e_323482289.jpeg?h=225&w=225,
267308049,Sensations Thai Sweet Chilli 150G,https://www.tesco.com/groceries/en-GB/shop/food-cupboard/all?department=Crisps%2C%20Snacks%2C%20Nuts%20%26%20Popcorn&viewAll=department&page=,£1.99,£1.33/100g,£1.50 Clubcard Price,,/groceries/en-GB/products/267308049,https://digitalcontent.api.tesco.com/v2/media/ghs/a0c28e94-efe1-41da-8212-420fb2058843/42a2e85c-67db-4f27-9087-803a739477d8_549288546.jpeg?h=225&w=225,
264127141,Walkers Sunbites Sour Cream & Black Pepper 6X25g,https://www.tesco.com/groceries/en-GB/shop/food-cupboard/all?department=Crisps%2C%20Snacks%2C%20Nuts%20%26%20Popcorn&viewAll=department&page=,£1.75,£1.17/100g,,,/groceries/en-GB/products/264127141,https://digitalcontent.api.tesco.com/v2/media/ghs/2f9ef5af-1562-4073-bee7-fbfe0090bf52/8e3e76da-3641-432e-aa5b-4b4a5d38fa91_1957118492.jpeg?h=225&w=225,
302036939,Hula Hoops Original Crisps Multipack 12X24g,https://www.tesco.com/groceries/en-GB/shop/food-cupboard/all?department=Crisps%2C%20Snacks%2C%20Nuts%20%26%20Popcorn&viewAll=department&page=,£3.00,£1.05/100g,£2.50 Clubcard Price,,/groceries/en-GB/products/302036939,https://digitalcontent.api.tesco.com/v2/media/ghs/8efa1dfc-4c22-4314-84e9-2a3ccf598fde/ef4da98b-245d-4a8f-b99c-b03c6b3e7f6d_952145041.jpeg?h=225&w=225,
312342066,Kettle Sweet Chilli & Sour Cream Potato Chips 130G,https://www.tesco.com/groceries/en-GB/shop/food-cupboard/all?department=Crisps%2C%20Snacks%2C%20Nuts%20%26%20Popcorn&viewAll=department&page=,£2.00,£1.54/100g,£1.50 Clubcard Price,,/groceries/en-GB/products/312342066,https://digitalcontent.api.tesco.com/v2/media/ghs/c1f7c4ad-f332-4768-a9f8-2e681bf9f605/223b53c3-1281-43c1-90b4-ce4b53a3e7da_122604870.jpeg?h=225&w=225,
296049294,Doritos Chilli Heatwave Tortilla Chips 180G,https://www.tesco.com/groceries/en-GB/shop/food-cupboard/all?department=Crisps%2C%20Snacks%2C%20Nuts%20%26%20Popcorn&viewAll=department&page=,£2.00,£1.12/100g,£1.50 Clubcard Price,,/groceries/en-GB/products/296049294,https://digitalcontent.api.tesco.com/v2/media/ghs/86aa1497-62c2-49c3-8d36-80a6f92d77a1/1d34b527-17e3-4e46-ab50-dbbb810ad8be_367130962.jpeg?h=225&w=225,
312700236,Pringles Multigrain Less Salt Sour Cream & Chilli 166G,https://www.tesco.com/groceries/en-GB/shop/food-cupboard/all?department=Crisps%2C%20Snacks%2C%20Nuts%20%26%20Popcorn&viewAll=department&page=,£2.00,£1.21/100g,,New,/groceries/en-GB/products/312700236,https://digitalcontent.api.tesco.com/v2/media/ghs/2129c35e-77e5-46ea-bd13-bf04ae02c6ed/3c534fd5-c8ff-47fa-92ea-67670a9cb1f0_858603291.jpeg?h=225&w=225,
296049236,Doritos Tangy Cheese Tortilla Chips 180G,https://www.tesco.com/groceries/en-GB/shop/food-cupboard/all?department=Crisps%2C%20Snacks%2C%20Nuts%20%26%20Popcorn&viewAll=department&page=,£2.00,£1.12/100g,£1.50 Clubcard Price,,/groceries/en-GB/products/296049236,https://digitalcontent.api.tesco.com/v2/media/ghs/4ebcc4a3-d5fe-4c88-9c8e-a27db94e8473/7848f632-4ee6-46bc-b2ed-04ad552f3ea1_908811931.jpeg?h=225&w=225,
306500758,Kettle Lightly Salted Potato Chips 130G,https://www.tesco.com/groceries/en-GB/shop/food-cupboard/all?department=Crisps%2C%20Snacks%2C%20Nuts%20%26%20Popcorn&viewAll=department&page=,£2.00,£15.39/kg,£1.50 Clubcard Price,,/groceries/en-GB/products/306500758,https://digitalcontent.api.tesco.com/v2/media/ghs/8a5ef922-98fe-4e17-8af5-e76c1b33e7ae/0fe548f9-4861-4945-a7a1-ed2b4b10dfce_1999988131.jpeg?h=225&w=225,
312717361,Kettle S/Salt & Black Peppercorns Potato Chips 130G,https://www.tesco.com/groceries/en-GB/shop/food-cupboard/all?department=Crisps%2C%20Snacks%2C%20Nuts%20%26%20Popcorn&viewAll=department&page=,£2.00,£1.54/100g,£1.50 Clubcard Price,,/groceries/en-GB/products/312717361,https://digitalcontent.api.tesco.com/v2/media/ghs/f8acbc47-7178-42db-bea7-54877a6dc240/bf0e0ab5-f2c8-4822-940d-0d4865032748_1768841398.jpeg?h=225&w=225,
250057918,Tesco Cool Tortilla Chips 200G,https://www.tesco.com/groceries/en-GB/shop/food-cupboard/all?department=Crisps%2C%20Snacks%2C%20Nuts%20%26%20Popcorn&viewAll=department&page=,£1.00,£0.50/100g,,,/groceries/en-GB/products/250057918,https://digitalcontent.api.tesco.com/v2/media/ghs/014ac31d-ee55-4999-97ef-88317de06bce/01b13531-9f07-4538-b738-223a32d4977b_2123322142.jpeg?h=225&w=225,
254928412,Walkers French Fries Variety Snacks 6X18g,https://www.tesco.com/groceries/en-GB/shop/food-cupboard/all?department=Crisps%2C%20Snacks%2C%20Nuts%20%26%20Popcorn&viewAll=department&page=,£1.75,£1.63/100g,,,/groceries/en-GB/products/254928412,https://digitalcontent.api.tesco.com/v2/media/ghs/08d3f8a2-6d65-4e05-b1e4-9acc08047c9c/7fc51176-795b-4566-97f1-8d5f5c32cd0c_134414418.jpeg?h=225&w=225,
311446627,Walker Monster Munch Pickled Onion Crisp 6X20g,https://www.tesco.com/groceries/en-GB/shop/food-cupboard/all?department=Crisps%2C%20Snacks%2C%20Nuts%20%26%20Popcorn&viewAll=department&page=,£1.75,£1.46/100g,,,/groceries/en-GB/products/311446627,https://digitalcontent.api.tesco.com/v2/media/ghs/cf007d38-274b-4e2f-85b4-360ca47f85f1/9ad1b6d8-921b-4ccb-aac4-f0b6c3a7ec00_1038205446.jpeg?h=225&w=225,
302302249,Wheat Crunchies Crispy Bacon 6 X 20G,https://www.tesco.com/groceries/en-GB/shop/food-cupboard/all?department=Crisps%2C%20Snacks%2C%20Nuts%20%26%20Popcorn&viewAll=department&page=,£1.25,£1.05/100g,,,/groceries/en-GB/products/302302249,https://digitalcontent.api.tesco.com/v2/media/ghs/fd065cf3-8490-44ee-bca6-7a5af274ebbb/ed9533fb-62d3-4c7b-a222-45f12d619711_430582640.jpeg?h=225&w=225,
287040530,Kp Hula Hoops Original 6X24g,https://www.tesco.com/groceries/en-GB/shop/food-cupboard/all?department=Crisps%2C%20Snacks%2C%20Nuts%20%26%20Popcorn&viewAll=department&page=,£1.75,£1.22/100g,,,/groceries/en-GB/products/287040530,https://digitalcontent.api.tesco.com/v2/media/ghs/2aa7e56a-31b3-4c06-ad73-d8bda6ce52fb/7e24b62e-c6a3-4f6f-a10e-21f481748f5d_490151510.jpeg?h=225&w=225,
254973150,Tesco Potato Chips 150G,https://www.tesco.com/groceries/en-GB/shop/food-cupboard/all?department=Crisps%2C%20Snacks%2C%20Nuts%20%26%20Popcorn&viewAll=department&page=,£1.00,£0.67/100g,,,/groceries/en-GB/products/254973150,https://digitalcontent.api.tesco.com/v2/media/ghs/4508d207-7702-42d1-888b-5396c3a20642/91292da7-fbfd-40bd-8d89-4474bd1bfca2_1584640409.jpeg?h=225&w=225,
297511920,Propercorn Sweet & Salty Popcorn 6X14g,https://www.tesco.com/groceries/en-GB/shop/food-cupboard/all?department=Crisps%2C%20Snacks%2C%20Nuts%20%26%20Popcorn&viewAll=department&page=,£1.80,£2.15/100g,£1.35 Clubcard Price,,/groceries/en-GB/products/297511920,https://digitalcontent.api.tesco.com/v2/media/ghs/ae90844e-3f31-40cf-8d61-8f598f8c7d63/78b9af6c-336e-4cec-91e1-81ca72a18c2a_924688557.jpeg?h=225&w=225,
255160730,Tesco Finest Mature Cheddar & Onion Crisps 150G,https://www.tesco.com/groceries/en-GB/shop/food-cupboard/all?department=Crisps%2C%20Snacks%2C%20Nuts%20%26%20Popcorn&viewAll=department&page=,£1.25,£0.83/100g,,,/groceries/en-GB/products/255160730,https://digitalcontent.api.tesco.com/v2/media/ghs/8bc957a3-5c62-41ed-90b4-c2a5a9407293/c71a4935-536a-4479-8c00-438b131378fc_613534134.jpeg?h=225&w=225,
309482036,Tesco Finest Sea Salt Chardonnay Vinegar Crisps 150G,https://www.tesco.com/groceries/en-GB/shop/food-cupboard/all?department=Crisps%2C%20Snacks%2C%20Nuts%20%26%20Popcorn&viewAll=department&page=,£1.25,£0.83/100g,,,/groceries/en-GB/products/309482036,https://digitalcontent.api.tesco.com/v2/media/ghs/c071cfe4-8d84-45e3-9396-44aec249ad4e/97ad149c-60f7-4784-bbd5-0945091c3c5c_1974447231.jpeg?h=225&w=225,
293272004,Tesco Finest Sea Salt & Black Pepper Crisps 150G,https://www.tesco.com/groceries/en-GB/shop/food-cupboard/all?department=Crisps%2C%20Snacks%2C%20Nuts%20%26%20Popcorn&viewAll=department&page=,£1.25,£0.83/100g,,,/groceries/en-GB/products/293272004,https://digitalcontent.api.tesco.com/v2/media/ghs/ade036bf-4c3d-4f1b-af8e-36ef743b47e9/177375ba-3501-43ca-a06c-a5a74db5063b_1159713580.jpeg?h=225&w=225,
307351159,Snack A Jacks Salt & Vinegar 5X19g,https://www.tesco.com/groceries/en-GB/shop/food-cupboard/all?department=Crisps%2C%20Snacks%2C%20Nuts%20%26%20Popcorn&viewAll=department&page=,£1.75,£1.85/100g,£1.35 Clubcard Price,,/groceries/en-GB/products/307351159,https://digitalcontent.api.tesco.com/v2/media/ghs/0218fac2-0c0c-473d-8334-e3847a18ef13/36ff3d10-9b4c-4c79-92e8-f2fd04b63ae0_148222888.jpeg?h=225&w=225,
310170698,Cheetos Cheese Puffs Snack 6 X 13G,https://www.tesco.com/groceries/en-GB/shop/food-cupboard/all?department=Crisps%2C%20Snacks%2C%20Nuts%20%26%20Popcorn&viewAll=department&page=,£1.25,£1.61/100g,Aldi Price Match,,/groceries/en-GB/products/310170698,https://digitalcontent.api.tesco.com/v2/media/ghs/a2dbe259-ed13-439c-9954-fc0c9179e4d1/580099ce-bc21-4013-9a9c-2dc5fa4e5005_1735484321.jpeg?h=225&w=225,
305979008,Kettle Mature Cheddar & Red Onion Potato Chips 130G,https://www.tesco.com/groceries/en-GB/shop/food-cupboard/all?department=Crisps%2C%20Snacks%2C%20Nuts%20%26%20Popcorn&viewAll=department&page=,£2.00,£15.39/kg,£1.50 Clubcard Price,,/groceries/en-GB/products/305979008,https://digitalcontent.api.tesco.com/v2/media/ghs/3372cab5-cc63-4944-a536-90b9ebcb7804/771adc47-8a92-465d-8a2e-599b99e9f0c6_1557024730.jpeg?h=225&w=225,
254927131,Walkers Variety Crisps 6X25g,https://www.tesco.com/groceries/en-GB/shop/food-cupboard/all?department=Crisps%2C%20Snacks%2C%20Nuts%20%26%20Popcorn&viewAll=department&page=,£1.75,£1.17/100g,£1.50 Clubcard Price,,/groceries/en-GB/products/254927131,https://digitalcontent.api.tesco.com/v2/media/ghs/a54b5d8b-bad3-4322-9133-167ea6ccf6e4/95ca95f5-6a6a-4a25-b0f8-12117659069c_514319705.jpeg?h=225&w=225,
308471258,Space Raiders Beef Flavoured Corn Snacks 6X13g,https://www.tesco.com/groceries/en-GB/shop/food-cupboard/all?department=Crisps%2C%20Snacks%2C%20Nuts%20%26%20Popcorn&viewAll=department&page=,,,,,/groceries/en-GB/products/308471258,https://digitalcontent.api.tesco.com/v2/media/ghs/43985b2c-feef-46ae-ba5a-24136a38a60e/24ad06ba-7430-4e76-b0bd-7865f16cea7b_391154054.jpeg?h=225&w=225,This product's currently out of stock
308840450,Roysters Bubble Chips T-Bone Steak Flavoured 5X21g,https://www.tesco.com/groceries/en-GB/shop/food-cupboard/all?department=Crisps%2C%20Snacks%2C%20Nuts%20%26%20Popcorn&viewAll=department&page=,£1.00,£0.95/100g,,,/groceries/en-GB/products/308840450,https://digitalcontent.api.tesco.com/v2/media/ghs/eab8b508-152b-4bf6-9379-284f00a9ada2/08a94968-ee1e-457f-9971-acc7298d8882_667570336.jpeg?h=225&w=225,
250089080,Tesco Cheese Savouries Snacks 250G,https://www.tesco.com/groceries/en-GB/shop/food-cupboard/all?department=Crisps%2C%20Snacks%2C%20Nuts%20%26%20Popcorn&viewAll=department&page=,£1.00,£0.40/100g,,,/groceries/en-GB/products/250089080,https://digitalcontent.api.tesco.com/v2/media/ghs/877c329c-8c1d-427e-a8d1-a08694292612/c5fbee87-e54f-4516-ad31-4f61f18d234e_398707311.jpeg?h=225&w=225,
297512245,Tesco Sweet & Salted Popcorn 6X14g,https://www.tesco.com/groceries/en-GB/shop/food-cupboard/all?department=Crisps%2C%20Snacks%2C%20Nuts%20%26%20Popcorn&viewAll=department&page=,£1.10,£1.31/100g,,,/groceries/en-GB/products/297512245,https://digitalcontent.api.tesco.com/v2/media/ghs/1afa0b82-267a-4e56-a6d9-fe4fcbe6575b/798993ab-e83d-4c3f-a414-ce0f99a9f00e_329176094.jpeg?h=225&w=225,
310132836,Pringles Texas Bbq Crisps 200G,https://www.tesco.com/groceries/en-GB/shop/food-cupboard/all?department=Crisps%2C%20Snacks%2C%20Nuts%20%26%20Popcorn&viewAll=department&page=,£2.00,£1.00/100g,£1.65 Clubcard Price,,/groceries/en-GB/products/310132836,https://digitalcontent.api.tesco.com/v2/media/ghs/de8067b4-d03c-40f5-afbb-240ecb294fc4/79d0f09c-4b3e-4145-90a3-9fa8f93d1be6_888119192.jpeg?h=225&w=225,
296734905,Pringles Salt And Vinegar 200G,https://www.tesco.com/groceries/en-GB/shop/food-cupboard/all?department=Crisps%2C%20Snacks%2C%20Nuts%20%26%20Popcorn&viewAll=department&page=,£2.00,£1.00/100g,£1.65 Clubcard Price,,/groceries/en-GB/products/296734905,https://digitalcontent.api.tesco.com/v2/media/ghs/e90df945-04e3-4cca-8d1d-6c7d72f59adf/7b9cc974-9cec-4c39-bc5f-167c46809b42_679217856.jpeg?h=225&w=225,
254927010,Tesco Variety Crisps 6X25g,https://www.tesco.com/groceries/en-GB/shop/food-cupboard/all?department=Crisps%2C%20Snacks%2C%20Nuts%20%26%20Popcorn&viewAll=department&page=,£1.00,£0.67/100g,,,/groceries/en-GB/products/254927010,https://digitalcontent.api.tesco.com/v2/media/ghs/e4517a4a-0d23-428f-9633-747ff505e1a3/93086636-8f91-4422-abab-f5e1925cc04e_1331217347.jpeg?h=225&w=225,
300273056,Tesco Ridge Cut Crisp Meaty Variety 6X30g,https://www.tesco.com/groceries/en-GB/shop/food-cupboard/all?department=Crisps%2C%20Snacks%2C%20Nuts%20%26%20Popcorn&viewAll=department&page=,£1.00,£0.56/100g,,,/groceries/en-GB/products/300273056,https://digitalcontent.api.tesco.com/v2/media/ghs/aa9209ba-8c68-44a8-8a6b-d13f0b54dbc1/137eccae-f811-4def-a3fd-1e0b3278f1d3_247543772.jpeg?h=225&w=225,
300283810,Stockwell & Co Roasted & Salted Peanuts 200G,https://www.tesco.com/groceries/en-GB/shop/food-cupboard/all?department=Crisps%2C%20Snacks%2C%20Nuts%20%26%20Popcorn&viewAll=department&page=,£0.46,£2.30/kg,Aldi Price Match,,/groceries/en-GB/products/300283810,https://digitalcontent.api.tesco.com/v2/media/ghs/24087ae8-9dab-4865-8b41-4df2649115ae/3df67d51-102f-440c-87bd-3edf654674f3_1091342178.jpeg?h=225&w=225,
299577245,Kp Original Salted Peanuts 250G,https://www.tesco.com/groceries/en-GB/shop/food-cupboard/all?department=Crisps%2C%20Snacks%2C%20Nuts%20%26%20Popcorn&viewAll=department&page=,£2.65,£10.60/kg,,,/groceries/en-GB/products/299577245,https://digitalcontent.api.tesco.com/v2/media/ghs/47d77566-a6e3-4613-9ce3-66b11a4e38db/8b7205f9-517b-497e-af72-38725b535dbe_351075510.jpeg?h=225&w=225,
309752119,Walkers Meaty Variety Multipack Crisps 22 X 25G,https://www.tesco.com/groceries/en-GB/shop/food-cupboard/all?department=Crisps%2C%20Snacks%2C%20Nuts%20%26%20Popcorn&viewAll=department&page=,£4.25,£0.77/100g,,,/groceries/en-GB/products/309752119,https://digitalcontent.api.tesco.com/v2/media/ghs/00277f8c-bd46-4321-aef0-7470d139eeed/1b5b78f9-f2a8-470a-b63a-c0836a243ffd_507514226.jpeg?h=225&w=225,
271208882,Tyrrells Crisps Lightlyseasalted Crisps 150G,https://www.tesco.com/groceries/en-GB/shop/food-cupboard/all?department=Crisps%2C%20Snacks%2C%20Nuts%20%26%20Popcorn&viewAll=department&page=,£2.30,£1.54/100g,,,/groceries/en-GB/products/271208882,https://digitalcontent.api.tesco.com/v2/media/ghs/bcb765b0-4bb9-4670-9ea7-0d5f457d9d2d/bf368d89-87a7-42d1-a826-4b7e4dfdd2bd_436563431.jpeg?h=225&w=225,
296526887,Peperami Hot 5 Pack 5X22.5G,https://www.tesco.com/groceries/en-GB/shop/food-cupboard/all?department=Crisps%2C%20Snacks%2C%20Nuts%20%26%20Popcorn&viewAll=department&page=,£2.50,£2.23/100g,,,/groceries/en-GB/products/296526887,https://digitalcontent.api.tesco.com/v2/media/ghs/9313e233-8ee6-45eb-9074-f76202589d31/656689dc-acb3-4940-afe9-201252b4825b_594971212.jpeg?h=225&w=225,
287247502,Hula Hoops Puft Salt & Vinegar 6X15g,https://www.tesco.com/groceries/en-GB/shop/food-cupboard/all?department=Crisps%2C%20Snacks%2C%20Nuts%20%26%20Popcorn&viewAll=department&page=,£1.80,£2.00/100g,,,/groceries/en-GB/products/287247502,https://digitalcontent.api.tesco.com/v2/media/ghs/69f1dc93-db20-4a7e-a958-26d49d94b8ec/55fea5f0-2117-4166-a4b4-eca1cfd64c8f_1737229452.jpeg?h=225&w=225,
300161534,Tesco Salted Popcorn 85G,https://www.tesco.com/groceries/en-GB/shop/food-cupboard/all?department=Crisps%2C%20Snacks%2C%20Nuts%20%26%20Popcorn&viewAll=department&page=,£1.10,£1.30/100g,,,/groceries/en-GB/products/300161534,https://digitalcontent.api.tesco.com/v2/media/ghs/214925bb-b863-4998-8b26-23c0a1b190fc/3268115d-7ff4-4bf6-892a-ada56a37a8b7_1140750399.jpeg?h=225&w=225,
308489347,Doritos Chilli Heatwave 5X30g,https://www.tesco.com/groceries/en-GB/shop/food-cupboard/all?department=Crisps%2C%20Snacks%2C%20Nuts%20%26%20Popcorn&viewAll=department&page=,£1.95,£1.30/100g,,,/groceries/en-GB/products/308489347,https://digitalcontent.api.tesco.com/v2/media/ghs/b2d28861-a294-41a9-b200-0e940a63159d/8573a69c-4471-4f2a-a773-6cdbcf7882b4_450068189.jpeg?h=225&w=225,
278583995,Walkers French Fries Ready Salted 6X18g,https://www.tesco.com/groceries/en-GB/shop/food-cupboard/all?department=Crisps%2C%20Snacks%2C%20Nuts%20%26%20Popcorn&viewAll=department&page=,£1.75,£1.63/100g,,,/groceries/en-GB/products/278583995,https://digitalcontent.api.tesco.com/v2/media/ghs/2aff6b66-03c2-4ea8-b8cd-c9c06e97b3d8/e0b8ef80-9315-49b1-913b-a4ec268fb6a9_485812480.jpeg?h=225&w=225,
285847633,Walkers Doritos Tangy Cheese 5X30g,https://www.tesco.com/groceries/en-GB/shop/food-cupboard/all?department=Crisps%2C%20Snacks%2C%20Nuts%20%26%20Popcorn&viewAll=department&page=,£1.95,£1.30/100g,,,/groceries/en-GB/products/285847633,https://digitalcontent.api.tesco.com/v2/media/ghs/636445d3-a8ac-48d1-803c-bb7fc27af43f/7f869338-62d9-4518-94e7-688402b49cd5_591091976.jpeg?h=225&w=225,
275237264,Popchips Bbq Popped Potato Chips 85G,https://www.tesco.com/groceries/en-GB/shop/food-cupboard/all?department=Crisps%2C%20Snacks%2C%20Nuts%20%26%20Popcorn&viewAll=department&page=,£2.00,£2.36/100g,,,/groceries/en-GB/products/275237264,https://digitalcontent.api.tesco.com/v2/media/ghs/82e37995-9dbe-45d6-90e2-c190d0ef8f81/snapshotimagehandler_405709513.jpeg?h=225&w=225,
305827892,Walkers Sensations Thai Sweet Chilli Crisps 5X25g,https://www.tesco.com/groceries/en-GB/shop/food-cupboard/all?department=Crisps%2C%20Snacks%2C%20Nuts%20%26%20Popcorn&viewAll=department&page=,£1.90,£1.52/100g,,,/groceries/en-GB/products/305827892,https://digitalcontent.api.tesco.com/v2/media/ghs/b424299d-a183-457a-a4d3-928baca083ca/efcf11c1-7c2f-4b8a-811b-347dc67fbc90_1455350426.jpeg?h=225&w=225,
262858200,Burts Mature Ched&Spring Onioncrisps 150G,https://www.tesco.com/groceries/en-GB/shop/food-cupboard/all?department=Crisps%2C%20Snacks%2C%20Nuts%20%26%20Popcorn&viewAll=department&page=,£1.85,£1.24/100g,,New,/groceries/en-GB/products/262858200,,
303485250,Mccoy's Cheddar & Onion Crisps 6X25g,https://www.tesco.com/groceries/en-GB/shop/food-cupboard/all?department=Crisps%2C%20Snacks%2C%20Nuts%20%26%20Popcorn&viewAll=department&page=,£1.75,£1.17/100g,,,/groceries/en-GB/products/303485250,https://digitalcontent.api.tesco.com/v2/media/ghs/dff09224-aa95-4a1b-bc9c-cb106496ff70/21601d71-b287-4b51-b62a-0db0704fa11d_1055194149.jpeg?h=225&w=225,
309760940,Mccoy's Thai Sweet Chicken Ridge Cut Crisps 6X25g,https://www.tesco.com/groceries/en-GB/shop/food-cupboard/all?department=Crisps%2C%20Snacks%2C%20Nuts%20%26%20Popcorn&viewAll=department&page=,£1.75,£1.17/100g,,,/groceries/en-GB/products/309760940,https://digitalcontent.api.tesco.com/v2/media/ghs/1258f168-6648-4e85-a55b-f52f81e0dacd/488badbe-c6f8-45b0-a907-b3b102370ab8_990505264.jpeg?h=225&w=225,
311252577,Walkers Monster Munch Roast Beef 6X20g,https://www.tesco.com/groceries/en-GB/shop/food-cupboard/all?department=Crisps%2C%20Snacks%2C%20Nuts%20%26%20Popcorn&viewAll=department&page=,£1.75,£1.46/100g,,,/groceries/en-GB/products/311252577,https://digitalcontent.api.tesco.com/v2/media/ghs/b03f01f0-efef-46ae-9160-696363292945/a700dc70-b6df-430e-8078-de0e95f3bb2d_1153586853.jpeg?h=225&w=225,
311943407,Walkers Baked Cheese & Onion Crisps 6 X 22G,https://www.tesco.com/groceries/en-GB/shop/food-cupboard/all?department=Crisps%2C%20Snacks%2C%20Nuts%20%26%20Popcorn&viewAll=department&page=,,,,,/groceries/en-GB/products/311943407,https://digitalcontent.api.tesco.com/v2/media/ghs/55ab6a34-027e-429c-9b31-b9a24921dd7a/1f7fc969-7a97-48e4-bf26-3e536347c177_1556202349.jpeg?h=225&w=225,This product's currently out of stock
260085541,Tesco Bacon Rashers Snacks 150G,https://www.tesco.com/groceries/en-GB/shop/food-cupboard/all?department=Crisps%2C%20Snacks%2C%20Nuts%20%26%20Popcorn&viewAll=department&page=,£1.00,£0.67/100g,,,/groceries/en-GB/products/260085541,https://digitalcontent.api.tesco.com/v2/media/ghs/b3c5328e-ae0f-4c9e-beba-03fd071d8a87/1aaefb93-27c1-46bd-b005-a05e68eebf95_2119356118.jpeg?h=225&w=225,
308081823,Popchips Bbq Flavour 5X17g,https://www.tesco.com/groceries/en-GB/shop/food-cupboard/all?department=Crisps%2C%20Snacks%2C%20Nuts%20%26%20Popcorn&viewAll=department&page=,£1.85,£2.18/100g,£1.50 Clubcard Price,,/groceries/en-GB/products/308081823,https://digitalcontent.api.tesco.com/v2/media/ghs/9ed93935-c2c0-40ce-983d-79544fc59cc4/4639ff68-e870-49b0-8c7f-fe43fcdbb1bd_951163895.jpeg?h=225&w=225,
308104019,Popchips Sour Cream & Onion Potato Snacks 5 X 17G,https://www.tesco.com/groceries/en-GB/shop/food-cupboard/all?department=Crisps%2C%20Snacks%2C%20Nuts%20%26%20Popcorn&viewAll=department&page=,£1.85,£2.18/100g,£1.50 Clubcard Price,,/groceries/en-GB/products/308104019,https://digitalcontent.api.tesco.com/v2/media/ghs/9198e8b0-8b37-4131-ba59-293ae98783ff/d8cb3bee-b467-41f4-b805-2ed5c64d4186_2029780427.jpeg?h=225&w=225,
311264505,Walkers Less Salt Lightly Salted Crisp 6X25g,https://www.tesco.com/groceries/en-GB/shop/food-cupboard/all?department=Crisps%2C%20Snacks%2C%20Nuts%20%26%20Popcorn&viewAll=department&page=,£1.75,£1.17/100g,,,/groceries/en-GB/products/311264505,https://digitalcontent.api.tesco.com/v2/media/ghs/74465936-fb81-4815-a9fb-2dea23b066b8/2edede9e-1aff-4276-ba96-a346ac546514_1226180468.jpeg?h=225&w=225,
312106099,Walkers Baked Variety Crisps 6 X 22G,https://www.tesco.com/groceries/en-GB/shop/food-cupboard/all?department=Crisps%2C%20Snacks%2C%20Nuts%20%26%20Popcorn&viewAll=department&page=,£1.75,£1.33/100g,£1.50 Clubcard Price,,/groceries/en-GB/products/312106099,https://digitalcontent.api.tesco.com/v2/media/ghs/93e30cc1-5a1d-48ad-9bfd-42adf6acf2fc/7c92bc86-2de8-4103-8d31-366354024674_1070012655.jpeg?h=225&w=225,
262858315,Burts Potato Chips With Sea Salt 150G,https://www.tesco.com/groceries/en-GB/shop/food-cupboard/all?department=Crisps%2C%20Snacks%2C%20Nuts%20%26%20Popcorn&viewAll=department&page=,£1.85,£1.24/100g,,New,/groceries/en-GB/products/262858315,https://digitalcontent.api.tesco.com/v2/media/ghs/0989abfb-5cb1-4fa4-893c-cf74c822a53c/53159bf6-0ed7-4260-b675-e01f18dac7c0_229739497.jpeg?h=225&w=225,
260085351,Tesco Cheese Balls Snacks 150G,https://www.tesco.com/groceries/en-GB/shop/food-cupboard/all?department=Crisps%2C%20Snacks%2C%20Nuts%20%26%20Popcorn&viewAll=department&page=,£1.00,£0.67/100g,,,/groceries/en-GB/products/260085351,https://digitalcontent.api.tesco.com/v2/media/ghs/7a2a1e8e-24e9-4b91-8a73-027c7754c864/e6c45e25-dd55-45b5-8251-7dbf5f867d81_1422539462.jpeg?h=225&w=225,
260085754,Tesco Onion Rings Snacks 150G,https://www.tesco.com/groceries/en-GB/shop/food-cupboard/all?department=Crisps%2C%20Snacks%2C%20Nuts%20%26%20Popcorn&viewAll=department&page=,£1.00,£0.67/100g,,,/groceries/en-GB/products/260085754,https://digitalcontent.api.tesco.com/v2/media/ghs/8d9f4842-5a0e-40d6-ae83-1d65695704d7/0aa1a2bc-8235-4404-9699-ff53185a3d19_1962031778.jpeg?h=225&w=225,
301401987,Tesco Finest Crinkle Cut Roast Beef Crisps 150G,https://www.tesco.com/groceries/en-GB/shop/food-cupboard/all?department=Crisps%2C%20Snacks%2C%20Nuts%20%26%20Popcorn&viewAll=department&page=,£1.25,£0.83/100g,,,/groceries/en-GB/products/301401987,https://digitalcontent.api.tesco.com/v2/media/ghs/2b9e4285-3197-4dea-980d-6a05a2078e56/77d872d0-4cb2-4dea-b545-cf12a2ce01d2_1921579963.jpeg?h=225&w=225,
302293599,Pom Bear Cheese & Onion Crisps 6 Pack 6 X 13G,https://www.tesco.com/groceries/en-GB/shop/food-cupboard/all?department=Crisps%2C%20Snacks%2C%20Nuts%20%26%20Popcorn&viewAll=department&page=,£1.25,£1.61/100g,,,/groceries/en-GB/products/302293599,https://digitalcontent.api.tesco.com/v2/media/ghs/a7e7c10e-4162-4fab-99cb-0e675b644e29/6edac5ad-7eaa-45cf-9d4f-feca1fc4a889_1271580615.jpeg?h=225&w=225,
310185963,Smiths Chipstick Salt & Vinegar Snack 6 X17g,https://www.tesco.com/groceries/en-GB/shop/food-cupboard/all?department=Crisps%2C%20Snacks%2C%20Nuts%20%26%20Popcorn&viewAll=department&page=,£1.25,£1.23/100g,,,/groceries/en-GB/products/310185963,https://digitalcontent.api.tesco.com/v2/media/ghs/3e9a14f4-81d3-481b-b49e-acbf7d449624/8ed601a1-6ea7-4f2d-a4ef-44d833020f14_1432702813.jpeg?h=225&w=225,
250580505,Walkers Roast Chicken Crisps 6X25g,https://www.tesco.com/groceries/en-GB/shop/food-cupboard/all?department=Crisps%2C%20Snacks%2C%20Nuts%20%26%20Popcorn&viewAll=department&page=,£1.75,£1.17/100g,£1.50 Clubcard Price,,/groceries/en-GB/products/250580505,https://digitalcontent.api.tesco.com/v2/media/ghs/d8ea1208-1e80-41dd-9453-76a891005300/95c3880a-993b-428d-8eee-b1e8cf465ad7_1690156477.jpeg?h=225&w=225,
310099380,Nik Naks Rib & Saucy Corn Snacks 6X20g,https://www.tesco.com/groceries/en-GB/shop/food-cupboard/all?department=Crisps%2C%20Snacks%2C%20Nuts%20%26%20Popcorn&viewAll=department&page=,£1.25,£1.05/100g,,,/groceries/en-GB/products/310099380,https://digitalcontent.api.tesco.com/v2/media/ghs/31fb5f84-9169-4a37-8238-69748f559768/21c9ab59-fef5-4de7-bc15-b7322269abd3_229315785.jpeg?h=225&w=225,
260553650,Walkers Smoky Bacon Crisps 6X25g,https://www.tesco.com/groceries/en-GB/shop/food-cupboard/all?department=Crisps%2C%20Snacks%2C%20Nuts%20%26%20Popcorn&viewAll=department&page=,£1.75,£1.17/100g,£1.50 Clubcard Price,,/groceries/en-GB/products/260553650,https://digitalcontent.api.tesco.com/v2/media/ghs/c3582de6-5552-442b-923d-8ed29d18162b/2e72dbfe-7984-459c-b13b-c6a3bce1cd5e_1122844323.jpeg?h=225&w=225,
254926817,Walkers Salt & Shake Crisps 6X24g,https://www.tesco.com/groceries/en-GB/shop/food-cupboard/all?department=Crisps%2C%20Snacks%2C%20Nuts%20%26%20Popcorn&viewAll=department&page=,£1.75,£1.22/100g,£1.50 Clubcard Price,,/groceries/en-GB/products/254926817,https://digitalcontent.api.tesco.com/v2/media/ghs/f3c794a6-8401-4a07-bb9d-d7f71c7aa691/436bcff6-638c-4285-88b7-24d85ee68d27_1002728521.jpeg?h=225&w=225,
264881976,Tesco Mini Poppadoms 70G,https://www.tesco.com/groceries/en-GB/shop/food-cupboard/all?department=Crisps%2C%20Snacks%2C%20Nuts%20%26%20Popcorn&viewAll=department&page=,£1.00,£1.43/100g,,,/groceries/en-GB/products/264881976,https://digitalcontent.api.tesco.com/v2/media/ghs/94e84bc4-e88b-4785-bdeb-da006abb9f67/cc722abb-954f-47d4-a034-cab3e83926fa_1740068231.jpeg?h=225&w=225,
260085466,Tesco Twirls Salt & Vinegar Snacks 125G,https://www.tesco.com/groceries/en-GB/shop/food-cupboard/all?department=Crisps%2C%20Snacks%2C%20Nuts%20%26%20Popcorn&viewAll=department&page=,£1.00,£0.80/100g,,,/groceries/en-GB/products/260085466,https://digitalcontent.api.tesco.com/v2/media/ghs/af702a2d-ebdf-4e63-b7de-e6c1fefe0f1d/b1846355-4c64-4345-86bb-af041ee1dfe5_844444895.jpeg?h=225&w=225,
254926691,Tesco Salt & Vinegar Crisps 6X25g,https://www.tesco.com/groceries/en-GB/shop/food-cupboard/all?department=Crisps%2C%20Snacks%2C%20Nuts%20%26%20Popcorn&viewAll=department&page=,,,,,/groceries/en-GB/products/254926691,,This product's currently out of stock
268396241,Tesco Meaty Variety Crisps 6X25g,https://www.tesco.com/groceries/en-GB/shop/food-cupboard/all?department=Crisps%2C%20Snacks%2C%20Nuts%20%26%20Popcorn&viewAll=department&page=,,,,,/groceries/en-GB/products/268396241,,This product's currently out of stock
286717417,Tesco Variety Crisps 30X25g,https://www.tesco.com/groceries/en-GB/shop/food-cupboard/all?department=Crisps%2C%20Snacks%2C%20Nuts%20%26%20Popcorn&viewAll=department&page=,£3.90,£0.52/100g,,,/groceries/en-GB/products/286717417,,
306653529,Stockwell & Co. Variety Pack Crisps 6X25g,https://www.tesco.com/groceries/en-GB/shop/food-cupboard/all?department=Crisps%2C%20Snacks%2C%20Nuts%20%26%20Popcorn&viewAll=department&page=,£0.82,£0.55/100g,,,/groceries/en-GB/products/306653529,https://digitalcontent.api.tesco.com/v2/media/ghs/34f306bc-c5db-4f56-982e-36bee36fbef8/7d212017-b7f8-4366-83a7-eeafbc0f5990_329946753.jpeg?h=225&w=225,
311779017,Doritos Dippers Hint Of Salt Tortilla Chips 270G,https://www.tesco.com/groceries/en-GB/shop/food-cupboard/all?department=Crisps%2C%20Snacks%2C%20Nuts%20%26%20Popcorn&viewAll=department&page=,£2.50,£0.93/100g,,,/groceries/en-GB/products/311779017,https://digitalcontent.api.tesco.com/v2/media/ghs/7da6cbbf-963d-47c2-a916-c4cd5bdf1583/82566d7d-c13c-4d92-be5f-b3ee0653361b_1737308634.jpeg?h=225&w=225,
312084561,Doritos Dippers Hint Of Paprika 270G,https://www.tesco.com/groceries/en-GB/shop/food-cupboard/all?department=Crisps%2C%20Snacks%2C%20Nuts%20%26%20Popcorn&viewAll=department&page=,£2.50,£0.93/100g,,New,/groceries/en-GB/products/312084561,https://digitalcontent.api.tesco.com/v2/media/ghs/b1157749-1b29-4b19-81b3-6c6fadca5433/740c6427-308f-41a1-9534-5b8e0b7f78ee_501055305.jpeg?h=225&w=225,
271208916,Tyrrells Sea Salted & Cider Vinegar Crisps 150G,https://www.tesco.com/groceries/en-GB/shop/food-cupboard/all?department=Crisps%2C%20Snacks%2C%20Nuts%20%26%20Popcorn&viewAll=department&page=,£2.30,£1.54/100g,,,/groceries/en-GB/products/271208916,https://digitalcontent.api.tesco.com/v2/media/ghs/a4b4abac-f04e-447b-8227-3314d5365eb8/8552350d-224c-4484-bc4f-e9aa4ba9c7aa_2029045687.jpeg?h=225&w=225,
268419141,Tesco Unsalted Mixed Nuts 200G,https://www.tesco.com/groceries/en-GB/shop/food-cupboard/all?department=Crisps%2C%20Snacks%2C%20Nuts%20%26%20Popcorn&viewAll=department&page=,£2.00,£10.00/kg,,,/groceries/en-GB/products/268419141,https://digitalcontent.api.tesco.com/v2/media/ghs/e35f87d4-86e7-46ae-a2d2-817ea958abcc/5eeebabc-78ee-4b22-87d9-400f5f94e527_1693778421.jpeg?h=225&w=225,
271208951,Tyrrells Crisps Mature Cheddar & Chive 150G,https://www.tesco.com/groceries/en-GB/shop/food-cupboard/all?department=Crisps%2C%20Snacks%2C%20Nuts%20%26%20Popcorn&viewAll=department&page=,£2.30,£1.54/100g,,,/groceries/en-GB/products/271208951,https://digitalcontent.api.tesco.com/v2/media/ghs/8af9381b-0b27-47f9-abfd-94ba197a129a/764d56e8-d98a-4c39-9ef8-301f759a9348_2095746579.jpeg?h=225&w=225,
282799976,Walker Sensation Thai Sweet Chilli Nuts 150G,https://www.tesco.com/groceries/en-GB/shop/food-cupboard/all?department=Crisps%2C%20Snacks%2C%20Nuts%20%26%20Popcorn&viewAll=department&page=,£1.99,£13.27/kg,,,/groceries/en-GB/products/282799976,https://digitalcontent.api.tesco.com/v2/media/ghs/b43094b8-f297-466e-a2d5-84fc2f820c18/e56c2dd0-bc16-476d-a322-15a251c30b17_752878583.jpeg?h=225&w=225,
312996870,Jacob's Mini Cheddars 14 Pack Red Leicester 322G,https://www.tesco.com/groceries/en-GB/shop/food-cupboard/all?department=Crisps%2C%20Snacks%2C%20Nuts%20%26%20Popcorn&viewAll=department&page=,£2.25,£0.70/100g,,,/groceries/en-GB/products/312996870,https://digitalcontent.api.tesco.com/v2/media/ghs/0a998551-572f-4f77-81a0-a7c0d6916e6f/247988f0-6023-469f-85ff-e5000716b42d_746999785.jpeg?h=225&w=225,
266537292,Walkers Squares Variety Snacks 12X22g,https://www.tesco.com/groceries/en-GB/shop/food-cupboard/all?department=Crisps%2C%20Snacks%2C%20Nuts%20%26%20Popcorn&viewAll=department&page=,£2.75,£1.05/100g,,,/groceries/en-GB/products/266537292,https://digitalcontent.api.tesco.com/v2/media/ghs/1eb527ad-5c85-4a50-bf25-18504918eb86/0d5bf0e2-0a95-4d55-a87f-3db70967eff0_916903742.jpeg?h=225&w=225,
311444080,Walkers Monster Munch Multipack 12X20g,https://www.tesco.com/groceries/en-GB/shop/food-cupboard/all?department=Crisps%2C%20Snacks%2C%20Nuts%20%26%20Popcorn&viewAll=department&page=,£2.75,£1.15/100g,,,/groceries/en-GB/products/311444080,https://digitalcontent.api.tesco.com/v2/media/ghs/b898f895-0dca-40dd-8244-ecc361b73ce7/080997ea-66a5-4080-9d8f-aadcbab222ce_241477029.jpeg?h=225&w=225,
297512084,Tesco Roasted Salted Peanuts 550G,https://www.tesco.com/groceries/en-GB/shop/food-cupboard/all?department=Crisps%2C%20Snacks%2C%20Nuts%20%26%20Popcorn&viewAll=department&page=,£2.00,£3.64/kg,,,/groceries/en-GB/products/297512084,https://digitalcontent.api.tesco.com/v2/media/ghs/ea8180bb-631d-48f9-83f1-6448d462b7fe/d6106dee-7e44-433a-8860-e6be9bb38bfc_1010739733.jpeg?h=225&w=225,
305042316,Walkers Meaty Variety Crisps 12X25g,https://www.tesco.com/groceries/en-GB/shop/food-cupboard/all?department=Crisps%2C%20Snacks%2C%20Nuts%20%26%20Popcorn&viewAll=department&page=,£2.75,£0.92/100g,,,/groceries/en-GB/products/305042316,https://digitalcontent.api.tesco.com/v2/media/ghs/30ceb03d-e1fa-43bc-8332-edd288738d8f/a139af3f-253c-4b88-8fd7-98d41ba41b15_798850285.jpeg?h=225&w=225,
275236784,Popchips Sour Cream & Onion Potato Chips 85G,https://www.tesco.com/groceries/en-GB/shop/food-cupboard/all?department=Crisps%2C%20Snacks%2C%20Nuts%20%26%20Popcorn&viewAll=department&page=,£2.00,£2.36/100g,,,/groceries/en-GB/products/275236784,https://digitalcontent.api.tesco.com/v2/media/ghs/80731f5b-572d-4a33-bff2-7c5901e2d565/726a78f2-1692-4893-ac2a-a1c243a69dcd_1215125413.jpeg?h=225&w=225,
272411149,Walkers French Fries Variety Snacks 12X18g,https://www.tesco.com/groceries/en-GB/shop/food-cupboard/all?department=Crisps%2C%20Snacks%2C%20Nuts%20%26%20Popcorn&viewAll=department&page=,£2.75,£1.28/100g,,,/groceries/en-GB/products/272411149,https://digitalcontent.api.tesco.com/v2/media/ghs/3a26203f-a199-4fe5-be0b-e9a2fdba9e5f/7db4d52c-8c98-4455-9a6d-aed0d234ba76_1142330168.jpeg?h=225&w=225,
313009230,Jacob's Mini Cheddars Red Leicester 6X23g,https://www.tesco.com/groceries/en-GB/shop/food-cupboard/all?department=Crisps%2C%20Snacks%2C%20Nuts%20%26%20Popcorn&viewAll=department&page=,£1.50,£1.09/100g,£1.35 Clubcard Price,,/groceries/en-GB/products/313009230,https://digitalcontent.api.tesco.com/v2/media/ghs/1ed87fce-cb68-4bb4-b58a-df59ac639e33/6c21fc2a-9b4e-48f2-b3ca-e4e14320a5eb_1420075338.jpeg?h=225&w=225,
250137778,Real Foods Original Corn Thins 150G,https://www.tesco.com/groceries/en-GB/shop/food-cupboard/all?department=Crisps%2C%20Snacks%2C%20Nuts%20%26%20Popcorn&viewAll=department&page=,£1.20,£0.80/100g,,,/groceries/en-GB/products/250137778,https://digitalcontent.api.tesco.com/v2/media/ghs/d13e2943-ea6d-4a9c-9fd4-3b5a5aaf1e1c/638c3251-6b78-4d31-8ac4-ea0d06f7be77_959293632.jpeg?h=225&w=225,
268497375,Tesco Sweet Popcorn 110G,https://www.tesco.com/groceries/en-GB/shop/food-cupboard/all?department=Crisps%2C%20Snacks%2C%20Nuts%20%26%20Popcorn&viewAll=department&page=,£1.10,£1.00/100g,,,/groceries/en-GB/products/268497375,https://digitalcontent.api.tesco.com/v2/media/ghs/0a0d720a-12e4-45c8-87da-716126910882/12560f63-d5f3-481c-b540-c051fe9d3853_175100273.jpeg?h=225&w=225,
287135827,Kp Hula Hoops Salt & Vinegar 6X24g,https://www.tesco.com/groceries/en-GB/shop/food-cupboard/all?department=Crisps%2C%20Snacks%2C%20Nuts%20%26%20Popcorn&viewAll=department&page=,£1.75,£1.22/100g,,,/groceries/en-GB/products/287135827,https://digitalcontent.api.tesco.com/v2/media/ghs/9a5b52ce-3d25-47c6-a41d-4dece47a5225/23ca1817-f082-4840-8422-747ba65f358f_1720410220.jpeg?h=225&w=225,
311687736,Walkers Baked Sea Salt 6 X 22G,https://www.tesco.com/groceries/en-GB/shop/food-cupboard/all?department=Crisps%2C%20Snacks%2C%20Nuts%20%26%20Popcorn&viewAll=department&page=,£1.75,£1.33/100g,£1.50 Clubcard Price,,/groceries/en-GB/products/311687736,https://digitalcontent.api.tesco.com/v2/media/ghs/017c11df-45dd-4830-b2a5-6cfd087e94db/0f61ca41-e6d4-4460-b7d5-70f44475ee84_1312658882.jpeg?h=225&w=225,
308083049,Walkers Quavers Prawn Cocktail 6X16g,https://www.tesco.com/groceries/en-GB/shop/food-cupboard/all?department=Crisps%2C%20Snacks%2C%20Nuts%20%26%20Popcorn&viewAll=department&page=,£1.75,£1.83/100g,,,/groceries/en-GB/products/308083049,https://digitalcontent.api.tesco.com/v2/media/ghs/d6a68ab9-d77e-46c7-9ce2-6fca925e0f91/0c51363d-eb85-4133-bd68-10907adecd18_1356190228.jpeg?h=225&w=225,
265879153,Tesco Sweet Chilli Coated Peanuts 200G,https://www.tesco.com/groceries/en-GB/shop/food-cupboard/all?department=Crisps%2C%20Snacks%2C%20Nuts%20%26%20Popcorn&viewAll=department&page=,£1.20,£6.00/kg,£1.00 Clubcard Price,,/groceries/en-GB/products/265879153,https://digitalcontent.api.tesco.com/v2/media/ghs/dcd397a9-dc2d-460a-b6a2-22fe05af68e9/92199146-4130-4d34-8eac-936b0e5d8a1f_122700028.jpeg?h=225&w=225,
311945564,Flower & White Mango Passion Fruit Smoothie Mallow Bar 35G,https://www.tesco.com/groceries/en-GB/shop/food-cupboard/all?department=Crisps%2C%20Snacks%2C%20Nuts%20%26%20Popcorn&viewAll=department&page=,£1.30,£3.72/100g,,New,/groceries/en-GB/products/311945564,https://digitalcontent.api.tesco.com/v2/media/ghs/11901f65-7793-46f2-ab30-53db7fbd0226/36fe0322-bda6-462a-852e-4ac99634afba_1147987291.jpeg?h=225&w=225,
308870356,Pringles Sour Cream & Onion Crisps 165G,https://www.tesco.com/groceries/en-GB/shop/food-cupboard/all?department=Crisps%2C%20Snacks%2C%20Nuts%20%26%20Popcorn&viewAll=department&page=,£1.69,£1.03/100g,Aldi Price Match,,/groceries/en-GB/products/308870356,https://digitalcontent.api.tesco.com/v2/media/ghs/239e1f4d-01a1-41a1-a8ac-8b0e4923c77a/32fc5bd7-01c9-46bb-a059-233f8eb31373_147069871.jpeg?h=225&w=225,
260085915,Tesco Cheese Puff Snacks 150G,https://www.tesco.com/groceries/en-GB/shop/food-cupboard/all?department=Crisps%2C%20Snacks%2C%20Nuts%20%26%20Popcorn&viewAll=department&page=,£1.00,£0.67/100g,,,/groceries/en-GB/products/260085915,https://digitalcontent.api.tesco.com/v2/media/ghs/5d8ebaf1-3b67-4fb1-8108-b79ca27a49f2/7d7ebeb2-a624-4eb1-8cde-9414093e6d6e_331167872.jpeg?h=225&w=225,
276928920,Butterkist Toffee Popcorn 6X20g,https://www.tesco.com/groceries/en-GB/shop/food-cupboard/all?department=Crisps%2C%20Snacks%2C%20Nuts%20%26%20Popcorn&viewAll=department&page=,£1.25,£1.05/100g,,,/groceries/en-GB/products/276928920,https://digitalcontent.api.tesco.com/v2/media/ghs/9762d75c-30af-4276-92d8-053da7c0d808/69bec7b4-6a5f-405e-ae24-ce7253bc61e0_1365026349.jpeg?h=225&w=225,
275603776,Seabrook Cheese & Onion Sixer 6 Pack,https://www.tesco.com/groceries/en-GB/shop/food-cupboard/all?department=Crisps%2C%20Snacks%2C%20Nuts%20%26%20Popcorn&viewAll=department&page=,£1.30,£0.87/100g,,,/groceries/en-GB/products/275603776,https://digitalcontent.api.tesco.com/v2/media/ghs/2e847027-d190-4a08-ab7f-8fdb479bef65/5679f8ef-9b40-418e-ae1b-e2888b86e150.jpeg?h=225&w=225,
308856092,Pringles Original Crisps 165G,https://www.tesco.com/groceries/en-GB/shop/food-cupboard/all?department=Crisps%2C%20Snacks%2C%20Nuts%20%26%20Popcorn&viewAll=department&page=,£1.69,£1.03/100g,Aldi Price Match,,/groceries/en-GB/products/308856092,https://digitalcontent.api.tesco.com/v2/media/ghs/3bdf33e1-f3af-4e9b-9e6d-b50e0139ed8f/ec2d94f1-2091-4b3f-9a61-8b61c3e1bf74_351573837.jpeg?h=225&w=225,
311207091,Walkers Less Salt Mild Cheese & Onion Crisps 6 X 25G,https://www.tesco.com/groceries/en-GB/shop/food-cupboard/all?department=Crisps%2C%20Snacks%2C%20Nuts%20%26%20Popcorn&viewAll=department&page=,£1.75,£1.17/100g,,,/groceries/en-GB/products/311207091,https://digitalcontent.api.tesco.com/v2/media/ghs/5a8b75b0-c3d9-4a5b-8dc4-ca6227855941/a9d5aeb4-5b1f-479f-95c9-21d8b09890a5_1704530740.jpeg?h=225&w=225,
250218366,Tesco Unsalted Mixed Nuts & Raisins 500G,https://www.tesco.com/groceries/en-GB/shop/food-cupboard/all?department=Crisps%2C%20Snacks%2C%20Nuts%20%26%20Popcorn&viewAll=department&page=,£2.25,£4.50/kg,,,/groceries/en-GB/products/250218366,https://digitalcontent.api.tesco.com/v2/media/ghs/3a379f50-51f9-44e3-b3f9-4b0b990785eb/64e25f8b-b40b-4200-a352-3ed79c84cbc1_856492056.jpeg?h=225&w=225,
289395607,Walkers Marmite Crisps 6X25g,https://www.tesco.com/groceries/en-GB/shop/food-cupboard/all?department=Crisps%2C%20Snacks%2C%20Nuts%20%26%20Popcorn&viewAll=department&page=,£1.75,£1.17/100g,£1.50 Clubcard Price,,/groceries/en-GB/products/289395607,https://digitalcontent.api.tesco.com/v2/media/ghs/209a36ec-185f-4e6c-a0ce-3a379ebde92a/d35c123a-7f3a-4678-b298-d93c4dc2dd15_1851246302.jpeg?h=225&w=225,
275576755,Seabrook Prawn Prawn Cocktail Sixer 6 Pack,https://www.tesco.com/groceries/en-GB/shop/food-cupboard/all?department=Crisps%2C%20Snacks%2C%20Nuts%20%26%20Popcorn&viewAll=department&page=,£1.30,£0.87/100g,,,/groceries/en-GB/products/275576755,https://digitalcontent.api.tesco.com/v2/media/ghs/6acb6a0a-98e1-466d-8dd3-a2f07baa0a5a/e0ccbd0e-50b0-4735-9e33-6277b2ecfe46.jpeg?h=225&w=225,
310178617,Pringles Paprika Crisps 200G,https://www.tesco.com/groceries/en-GB/shop/food-cupboard/all?department=Crisps%2C%20Snacks%2C%20Nuts%20%26%20Popcorn&viewAll=department&page=,£2.00,£1.00/100g,£1.65 Clubcard Price,,/groceries/en-GB/products/310178617,https://digitalcontent.api.tesco.com/v2/media/ghs/6337bc12-341b-43e9-87cb-cabef128597a/98f8611b-e041-4ba2-9074-3f1ae4e2faaf_478052058.jpeg?h=225&w=225,
300410429,Stockwell & Co Fruit And Nut Mix 200G,https://www.tesco.com/groceries/en-GB/shop/food-cupboard/all?department=Crisps%2C%20Snacks%2C%20Nuts%20%26%20Popcorn&viewAll=department&page=,£0.55,£2.75/kg,Aldi Price Match,,/groceries/en-GB/products/300410429,https://digitalcontent.api.tesco.com/v2/media/ghs/2ec664f1-1e99-41ac-895f-b49ce76a5877/c95f021c-a589-4aac-b731-6ef924f37c07_47954121.jpeg?h=225&w=225,
292671743,Walkers Bugles Southern Style Bbq 110G,https://www.tesco.com/groceries/en-GB/shop/food-cupboard/all?department=Crisps%2C%20Snacks%2C%20Nuts%20%26%20Popcorn&viewAll=department&page=,£0.99,£0.90/100g,,,/groceries/en-GB/products/292671743,https://digitalcontent.api.tesco.com/v2/media/ghs/77118514-1f5d-4edf-967a-1a07b803fc4b/d447b61e-1cc0-4ce1-81cf-998c85b0a41e_1998804964.jpeg?h=225&w=225,
286717509,Tesco Meaty Variety Crisps 30X25g,https://www.tesco.com/groceries/en-GB/shop/food-cupboard/all?department=Crisps%2C%20Snacks%2C%20Nuts%20%26%20Popcorn&viewAll=department&page=,£3.90,£0.52/100g,,,/groceries/en-GB/products/286717509,https://digitalcontent.api.tesco.com/v2/media/ghs/dcce860e-68a8-4829-96e9-cd77c3269fd6/7d0ed902-fcb0-46de-bd6b-1bf10967a7c9_2009105388.jpeg?h=225&w=225,
300283833,Stockwell & Co Roasted & Salted Peanuts 400G,https://www.tesco.com/groceries/en-GB/shop/food-cupboard/all?department=Crisps%2C%20Snacks%2C%20Nuts%20%26%20Popcorn&viewAll=department&page=,£0.91,£2.28/kg,,,/groceries/en-GB/products/300283833,https://digitalcontent.api.tesco.com/v2/media/ghs/305d331f-443b-40c9-97fc-79e1d32a9155/da5a7878-5c6e-4ca3-955e-219f72c602bd_1064346851.jpeg?h=225&w=225,
300595003,Tesco Cheese Curls 10 Pack 150G,https://www.tesco.com/groceries/en-GB/shop/food-cupboard/all?department=Crisps%2C%20Snacks%2C%20Nuts%20%26%20Popcorn&viewAll=department&page=,£1.35,£0.90/100g,,,/groceries/en-GB/products/300595003,https://digitalcontent.api.tesco.com/v2/media/ghs/7a2374e6-2472-46e6-8902-1c2feafe70ec/f9199ac5-0efd-4f9a-b25d-a7e38d55a1dc_346673176.jpeg?h=225&w=225,
292945472,Butterkist Cinema Sweet Popcorn 100G,https://www.tesco.com/groceries/en-GB/shop/food-cupboard/all?department=Crisps%2C%20Snacks%2C%20Nuts%20%26%20Popcorn&viewAll=department&page=,£1.70,£1.70/100g,,,/groceries/en-GB/products/292945472,https://digitalcontent.api.tesco.com/v2/media/ghs/92cab19f-dc4d-49a4-91c1-f94f709995ab/7b755f01-4b95-4367-b646-610a8cb5039b_1744190729.jpeg?h=225&w=225,
299581619,Kp Dry Roasted Peanuts 250G,https://www.tesco.com/groceries/en-GB/shop/food-cupboard/all?department=Crisps%2C%20Snacks%2C%20Nuts%20%26%20Popcorn&viewAll=department&page=,£2.65,£10.60/kg,,,/groceries/en-GB/products/299581619,https://digitalcontent.api.tesco.com/v2/media/ghs/f199bb23-f680-4412-b81c-7241c999f2fb/d0f1cbae-f62b-49ec-8eb5-baaa1b7a39f4_759354615.jpeg?h=225&w=225,
300201309,Kp Original Salted Peanuts 415G,https://www.tesco.com/groceries/en-GB/shop/food-cupboard/all?department=Crisps%2C%20Snacks%2C%20Nuts%20%26%20Popcorn&viewAll=department&page=,£3.50,£8.44/kg,£3.00 Clubcard Price,,/groceries/en-GB/products/300201309,https://digitalcontent.api.tesco.com/v2/media/ghs/1cd8f51e-f18c-49b4-861f-94129e1e766e/9e9c2105-b42f-490b-b51b-3017e32ba607_680861242.jpeg?h=225&w=225,
268285067,Tesco Roasted &Salted Cashew Nuts 350G,https://www.tesco.com/groceries/en-GB/shop/food-cupboard/all?department=Crisps%2C%20Snacks%2C%20Nuts%20%26%20Popcorn&viewAll=department&page=,£4.00,£11.43/kg,,,/groceries/en-GB/products/268285067,https://digitalcontent.api.tesco.com/v2/media/ghs/4ed8ecdd-5084-4c48-a52e-49b1ffcd986a/6050220a-f0b0-4f60-b1de-b88f5c365a50_1138455620.jpeg?h=225&w=225,
295649616,Butterkist Toffee Popcorn 170G,https://www.tesco.com/groceries/en-GB/shop/food-cupboard/all?department=Crisps%2C%20Snacks%2C%20Nuts%20%26%20Popcorn&viewAll=department&page=,£1.70,£1.00/100g,,,/groceries/en-GB/products/295649616,https://digitalcontent.api.tesco.com/v2/media/ghs/6f9d0b94-5156-4ecc-a55d-4228b6a9d54f/90993435-af87-4de2-a31c-9a02fffac37d_299914325.jpeg?h=225&w=225,
254168775,Penn State Salted Pretzels 175G,https://www.tesco.com/groceries/en-GB/shop/food-cupboard/all?department=Crisps%2C%20Snacks%2C%20Nuts%20%26%20Popcorn&viewAll=department&page=,£1.50,£0.86/100g,,,/groceries/en-GB/products/254168775,https://digitalcontent.api.tesco.com/v2/media/ghs/d717103c-e565-43d6-8c23-49fcdb0d5e24/361a5d4e-7f63-417a-8416-3ea6fa7e54b8_1974999125.jpeg?h=225&w=225,
278170354,Propercorn Sweet & Salty 90G Sharing Bag,https://www.tesco.com/groceries/en-GB/shop/food-cupboard/all?department=Crisps%2C%20Snacks%2C%20Nuts%20%26%20Popcorn&viewAll=department&page=,£1.60,£1.78/100g,,,/groceries/en-GB/products/278170354,https://digitalcontent.api.tesco.com/v2/media/ghs/4c46d31f-a826-4b77-a810-cac30aa1fca0/3a75d7cb-152c-48d9-aa35-82b9b3cc7efb_1335336217.jpeg?h=225&w=225,
254169215,Penn State Sour Cream & Chive Pretzels 175G,https://www.tesco.com/groceries/en-GB/shop/food-cupboard/all?department=Crisps%2C%20Snacks%2C%20Nuts%20%26%20Popcorn&viewAll=department&page=,£1.50,£0.86/100g,,,/groceries/en-GB/products/254169215,https://digitalcontent.api.tesco.com/v2/media/ghs/c91bab8b-8c04-437f-bec9-38f724ca3c36/a6d42fab-ef8b-42f0-b422-307374b66dae_1303098885.jpeg?h=225&w=225,
268420455,Tesco Roasted Salted Mixed Nuts 200G,https://www.tesco.com/groceries/en-GB/shop/food-cupboard/all?department=Crisps%2C%20Snacks%2C%20Nuts%20%26%20Popcorn&viewAll=department&page=,£2.00,£10.00/kg,,,/groceries/en-GB/products/268420455,https://digitalcontent.api.tesco.com/v2/media/ghs/da6dbe42-7f44-40cd-b40d-41ab996e605e/deb7c21d-905d-4853-843f-9d22c7c8b78c_517990215.jpeg?h=225&w=225,
312698140,Kettle Lightly Salted Crisps 5 X 25G,https://www.tesco.com/groceries/en-GB/shop/food-cupboard/all?department=Crisps%2C%20Snacks%2C%20Nuts%20%26%20Popcorn&viewAll=department&page=,£1.95,£1.56/100g,,,/groceries/en-GB/products/312698140,https://digitalcontent.api.tesco.com/v2/media/ghs/aac5e723-a500-4c1d-9726-dc9858ae7d21/666ad653-52d2-4ff6-aced-134f91a8736d_351650810.jpeg?h=225&w=225,
288016201,Sensations Oven Roast Chicken & Thyme 150G,https://www.tesco.com/groceries/en-GB/shop/food-cupboard/all?department=Crisps%2C%20Snacks%2C%20Nuts%20%26%20Popcorn&viewAll=department&page=,£1.99,£1.33/100g,£1.50 Clubcard Price,,/groceries/en-GB/products/288016201,https://digitalcontent.api.tesco.com/v2/media/ghs/7c955ff1-b236-4aa4-94dd-4105ea650f4e/799b40d2-f81d-420f-9012-da5a3c99a396_435741254.jpeg?h=225&w=225,
309488813,Tesco Finest Root Vegetable With Sea Salt Crisps 125G,https://www.tesco.com/groceries/en-GB/shop/food-cupboard/all?department=Crisps%2C%20Snacks%2C%20Nuts%20%26%20Popcorn&viewAll=department&page=,£1.60,£1.28/100g,,,/groceries/en-GB/products/309488813,https://digitalcontent.api.tesco.com/v2/media/ghs/eb94af35-a3cc-48a8-8047-05740986c9f1/4dbc41e9-74e5-436d-a48b-e8b469134f23_993270718.jpeg?h=225&w=225,
306802205,Mr Porky Original Scratchings 65G,https://www.tesco.com/groceries/en-GB/shop/food-cupboard/all?department=Crisps%2C%20Snacks%2C%20Nuts%20%26%20Popcorn&viewAll=department&page=,£0.85,£1.31/100g,,,/groceries/en-GB/products/306802205,https://digitalcontent.api.tesco.com/v2/media/ghs/99c38db8-f29e-4021-ad0f-c4611daf16de/f0dcc2d0-ad2f-454c-b508-7c9c049c9282_2015097005.jpeg?h=225&w=225,
264339339,Sensations Lime & Coriander Chutney Poppadoms 82.5G,https://www.tesco.com/groceries/en-GB/shop/food-cupboard/all?department=Crisps%2C%20Snacks%2C%20Nuts%20%26%20Popcorn&viewAll=department&page=,£1.99,£2.42/100g,£1.50 Clubcard Price,,/groceries/en-GB/products/264339339,https://digitalcontent.api.tesco.com/v2/media/ghs/2a5aa997-8d5f-42e2-96ce-6500d7a745ea/9eb98f3c-2078-4e10-8e69-eb2be59cfa10_257427225.jpeg?h=225&w=225,
297512061,Tesco Dry Roasted Peanuts 550G,https://www.tesco.com/groceries/en-GB/shop/food-cupboard/all?department=Crisps%2C%20Snacks%2C%20Nuts%20%26%20Popcorn&viewAll=department&page=,£2.00,£3.64/kg,,,/groceries/en-GB/products/297512061,https://digitalcontent.api.tesco.com/v2/media/ghs/2f7d27aa-13e1-4e96-9a15-7cc6c366617d/3c58366e-5d09-46a6-bf32-d202fd71d111_1365047647.jpeg?h=225&w=225,
305962650,Walkers Wotsits Giants Cheese Snacks 130G,https://www.tesco.com/groceries/en-GB/shop/food-cupboard/all?department=Crisps%2C%20Snacks%2C%20Nuts%20%26%20Popcorn&viewAll=department&page=,£1.99,£1.54/100g,£1.50 Clubcard Price,,/groceries/en-GB/products/305962650,https://digitalcontent.api.tesco.com/v2/media/ghs/eeb1fc8f-1490-4f22-9ff8-b096450dc770/f2527d48-b12f-4b91-8451-e1bf4db9065b_1541052656.jpeg?h=225&w=225,
275236674,Popchips Sea Salt & Vinegar Chips 85G,https://www.tesco.com/groceries/en-GB/shop/food-cupboard/all?department=Crisps%2C%20Snacks%2C%20Nuts%20%26%20Popcorn&viewAll=department&page=,£2.00,£2.36/100g,,,/groceries/en-GB/products/275236674,https://digitalcontent.api.tesco.com/v2/media/ghs/f24a794f-1d88-40a8-bb3b-76ef9a92f939/1f369a33-ed0f-45d6-9cfb-4332108afb1b_1516796878.jpeg?h=225&w=225,
297385262,Tesco Jumbo Roasted Salted Cashew Nuts 150G,https://www.tesco.com/groceries/en-GB/shop/food-cupboard/all?department=Crisps%2C%20Snacks%2C%20Nuts%20%26%20Popcorn&viewAll=department&page=,£2.00,£13.34/kg,,,/groceries/en-GB/products/297385262,https://digitalcontent.api.tesco.com/v2/media/ghs/4f1a84d9-bd6a-4865-845c-604011eabf44/2c0fca6c-2014-4838-a152-6e5b45d01364_289816489.jpeg?h=225&w=225,
250057930,Tesco Nacho Cheese Tortilla Chips 200G,https://www.tesco.com/groceries/en-GB/shop/food-cupboard/all?department=Crisps%2C%20Snacks%2C%20Nuts%20%26%20Popcorn&viewAll=department&page=,,,,,/groceries/en-GB/products/250057930,https://digitalcontent.api.tesco.com/v2/media/ghs/5b1e7c7a-c63e-4625-beba-fb44f1966b68/9b048400-494f-4cfa-ad5f-6ef8e9c85e7f_549291819.jpeg?h=225&w=225,This product's currently out of stock
297511989,Tesco Roasted Salted Peanuts 200G,https://www.tesco.com/groceries/en-GB/shop/food-cupboard/all?department=Crisps%2C%20Snacks%2C%20Nuts%20%26%20Popcorn&viewAll=department&page=,£1.00,£5.00/kg,,,/groceries/en-GB/products/297511989,https://digitalcontent.api.tesco.com/v2/media/ghs/8cfa9a87-5a4d-40d5-82b4-e30851c65f64/131f4ae6-5604-4a60-a5c5-edf4f72eb1de_1833886571.jpeg?h=225&w=225,
297511908,Propercorn Lightly Sea Salt Popcorn 6X10g,https://www.tesco.com/groceries/en-GB/shop/food-cupboard/all?department=Crisps%2C%20Snacks%2C%20Nuts%20%26%20Popcorn&viewAll=department&page=,£1.80,£3.00/100g,£1.35 Clubcard Price,,/groceries/en-GB/products/297511908,https://digitalcontent.api.tesco.com/v2/media/ghs/c6665d0a-206a-4242-9b33-9b29e0f87ca2/cd1cf6ab-b795-4f86-a61f-ba447cc93248_1439678370.jpeg?h=225&w=225,
287135931,Kp Hula Hoops Family 6X24g,https://www.tesco.com/groceries/en-GB/shop/food-cupboard/all?department=Crisps%2C%20Snacks%2C%20Nuts%20%26%20Popcorn&viewAll=department&page=,£1.75,£1.22/100g,,,/groceries/en-GB/products/287135931,https://digitalcontent.api.tesco.com/v2/media/ghs/aafd5266-9bed-48ce-8fa7-b1dd1ac57a90/c842f54f-eeb2-465c-b8e9-083fe4b63474_531108673.jpeg?h=225&w=225,
311227510,Walkers Less Salt Salt & Vinegar Crisp 6X25g,https://www.tesco.com/groceries/en-GB/shop/food-cupboard/all?department=Crisps%2C%20Snacks%2C%20Nuts%20%26%20Popcorn&viewAll=department&page=,£1.75,£1.17/100g,,,/groceries/en-GB/products/311227510,https://digitalcontent.api.tesco.com/v2/media/ghs/7a616984-3d0e-43c6-af91-c164cdf1bd04/f8bef1c4-4a1c-491a-a423-e742342d2531_2049763217.jpeg?h=225&w=225,
306811004,Mr. Porky Crispy Pork Strips 35G,https://www.tesco.com/groceries/en-GB/shop/food-cupboard/all?department=Crisps%2C%20Snacks%2C%20Nuts%20%26%20Popcorn&viewAll=department&page=,£1.00,£2.86/100g,,,/groceries/en-GB/products/306811004,https://digitalcontent.api.tesco.com/v2/media/ghs/a2f7781a-20c4-4e52-b900-c723d7ab484e/725fd701-7541-4df1-9f73-3ee80147d6a4_1171954737.jpeg?h=225&w=225,
300886765,Penn State Sour Cream & Chive Pretzels 6X22g,https://www.tesco.com/groceries/en-GB/shop/food-cupboard/all?department=Crisps%2C%20Snacks%2C%20Nuts%20%26%20Popcorn&viewAll=department&page=,£1.25,£0.95/100g,,,/groceries/en-GB/products/300886765,https://digitalcontent.api.tesco.com/v2/media/ghs/3b356bb7-76e0-4470-8cf7-4a57db5046ac/cecfdd70-ca13-4de4-86c6-af48fdb04088_521410912.jpeg?h=225&w=225,
297508936,Tesco Dry Roasted Peanuts 200G,https://www.tesco.com/groceries/en-GB/shop/food-cupboard/all?department=Crisps%2C%20Snacks%2C%20Nuts%20%26%20Popcorn&viewAll=department&page=,£1.00,£5.00/kg,,,/groceries/en-GB/products/297508936,https://digitalcontent.api.tesco.com/v2/media/ghs/1201ce18-9c6b-4bf8-bdc7-af6446ccac4c/9cf49ff0-e28d-4a55-bd58-c940277ed936_1466229899.jpeg?h=225&w=225,
310179320,Pringles Texas Bbq Crisps 165G,https://www.tesco.com/groceries/en-GB/shop/food-cupboard/all?department=Crisps%2C%20Snacks%2C%20Nuts%20%26%20Popcorn&viewAll=department&page=,£1.69,£1.03/100g,Aldi Price Match,,/groceries/en-GB/products/310179320,https://digitalcontent.api.tesco.com/v2/media/ghs/d4875b83-748e-4903-9e66-a929e50535a3/7539f9a6-d027-4918-883c-81a75debab21_1433750561.jpeg?h=225&w=225,
307358815,Snack A Jacks Sour Cream & Chive 5X19g,https://www.tesco.com/groceries/en-GB/shop/food-cupboard/all?department=Crisps%2C%20Snacks%2C%20Nuts%20%26%20Popcorn&viewAll=department&page=,£1.75,£1.85/100g,£1.35 Clubcard Price,,/groceries/en-GB/products/307358815,https://digitalcontent.api.tesco.com/v2/media/ghs/de8dd960-696e-4505-8829-f2486b3c3275/004bbbf1-550a-4d6e-aa45-92193391d48f_552955663.jpeg?h=225&w=225,
303485359,Butterkist Cinema Sweet Popcorn 6X12g,https://www.tesco.com/groceries/en-GB/shop/food-cupboard/all?department=Crisps%2C%20Snacks%2C%20Nuts%20%26%20Popcorn&viewAll=department&page=,£1.25,£1.74/100g,,,/groceries/en-GB/products/303485359,https://digitalcontent.api.tesco.com/v2/media/ghs/560c9489-c1f0-4820-80ab-79d2fc2b0b06/534beea2-f917-4ac6-b734-108625c976a8_1075707325.jpeg?h=225&w=225,
306929637,Pringles Prawn Cocktail 200G,https://www.tesco.com/groceries/en-GB/shop/food-cupboard/all?department=Crisps%2C%20Snacks%2C%20Nuts%20%26%20Popcorn&viewAll=department&page=,£2.00,£1.00/100g,£1.65 Clubcard Price,,/groceries/en-GB/products/306929637,https://digitalcontent.api.tesco.com/v2/media/ghs/b93e23fa-135d-465a-9acf-96df59971aaf/f46fac10-35f7-4fe9-a02a-06d4e883480e_799640871.jpeg?h=225&w=225,
311276480,Walkers Baked Prawn Cocktail Crisps 6 X 22G,https://www.tesco.com/groceries/en-GB/shop/food-cupboard/all?department=Crisps%2C%20Snacks%2C%20Nuts%20%26%20Popcorn&viewAll=department&page=,£1.75,£1.33/100g,£1.50 Clubcard Price,,/groceries/en-GB/products/311276480,https://digitalcontent.api.tesco.com/v2/media/ghs/75d68a5a-5e06-4035-8ca3-389a3ae91de7/58b8ca78-5d32-4fee-9307-99b71f9ab72c_1992457895.jpeg?h=225&w=225,
296734963,Pringles Cheese And Onion 200G,https://www.tesco.com/groceries/en-GB/shop/food-cupboard/all?department=Crisps%2C%20Snacks%2C%20Nuts%20%26%20Popcorn&viewAll=department&page=,£2.00,£1.00/100g,£1.65 Clubcard Price,,/groceries/en-GB/products/296734963,https://digitalcontent.api.tesco.com/v2/media/ghs/de515b75-54b0-4ae2-9b8c-54cecce0ba1c/431da772-6518-4d84-9fbc-04407236fbe7_283327654.jpeg?h=225&w=225,
300161579,Tesco Finest Prawn Marie Rose Crisps 150G,https://www.tesco.com/groceries/en-GB/shop/food-cupboard/all?department=Crisps%2C%20Snacks%2C%20Nuts%20%26%20Popcorn&viewAll=department&page=,£1.25,£0.83/100g,,,/groceries/en-GB/products/300161579,https://digitalcontent.api.tesco.com/v2/media/ghs/b8fe1894-a064-4253-a52e-70e306edeed9/127e0214-9d66-4b38-ba7f-4ffb9d8c32a8_1660372110.jpeg?h=225&w=225,
304409853,Tesco Honey Roast Peanuts & Cashews 200G,https://www.tesco.com/groceries/en-GB/shop/food-cupboard/all?department=Crisps%2C%20Snacks%2C%20Nuts%20%26%20Popcorn&viewAll=department&page=,£1.65,£8.25/kg,,,/groceries/en-GB/products/304409853,https://digitalcontent.api.tesco.com/v2/media/ghs/e0820abb-9504-47ed-aa23-f91bf6a34e9d/fabdaf2b-dba6-4e8e-b26b-2845f99c341d_1174453244.jpeg?h=225&w=225,
312567819,Graze Bbq Crunch 28G,https://www.tesco.com/groceries/en-GB/shop/food-cupboard/all?department=Crisps%2C%20Snacks%2C%20Nuts%20%26%20Popcorn&viewAll=department&page=,£1.00,£3.58/100g,"£3.40 Meal Deal Clubcard Price £3.90 Meal Deal Regular Price - Selected Drink, Snack, Wrap, Sandwich, Roll, Pasty Or Salad",,/groceries/en-GB/products/312567819,,
312986277,Graze Chilli & Lime Nuts 38G,https://www.tesco.com/groceries/en-GB/shop/food-cupboard/all?department=Crisps%2C%20Snacks%2C%20Nuts%20%26%20Popcorn&viewAll=department&page=,£1.00,£2.64/100g,"£3.40 Meal Deal Clubcard Price £3.90 Meal Deal Regular Price - Selected Drink, Snack, Wrap, Sandwich, Roll, Pasty Or Salad",,/groceries/en-GB/products/312986277,https://digitalcontent.api.tesco.com/v2/media/ghs/ee743d74-c3ad-48f3-b742-fe70075a10fc/11e2d0fe-fe49-44bd-abaf-955221a0070e_372180286.jpeg?h=225&w=225,
297348923,Tesco Sour Cream & Chive Combo Mix 150G,https://www.tesco.com/groceries/en-GB/shop/food-cupboard/all?department=Crisps%2C%20Snacks%2C%20Nuts%20%26%20Popcorn&viewAll=department&page=,£1.00,£0.67/100g,,,/groceries/en-GB/products/297348923,https://digitalcontent.api.tesco.com/v2/media/ghs/2b4a0029-ef30-43c2-b140-02fb20d8dd82/63fefd76-e9aa-4657-8f5d-0eb34bf6dfb8_127067569.jpeg?h=225&w=225,
297348848,Tesco Lentil Curls 6 Pack 120G,https://www.tesco.com/groceries/en-GB/shop/food-cupboard/all?department=Crisps%2C%20Snacks%2C%20Nuts%20%26%20Popcorn&viewAll=department&page=,£1.05,£0.88/100g,,,/groceries/en-GB/products/297348848,https://digitalcontent.api.tesco.com/v2/media/ghs/5ff12a55-c7af-4664-9cd9-8547d4dc50d1/00ed2670-ebf1-4c23-989b-90c1ee2eef78.jpeg?h=225&w=225,
303543090,Butterkist Microwave Salted Popcorn 3X60g,https://www.tesco.com/groceries/en-GB/shop/food-cupboard/all?department=Crisps%2C%20Snacks%2C%20Nuts%20%26%20Popcorn&viewAll=department&page=,£2.20,£1.23/100g,,,/groceries/en-GB/products/303543090,https://digitalcontent.api.tesco.com/v2/media/ghs/50d240d1-063d-4d2c-b1fc-2d811dd4745d/20b95162-0d0e-4cdc-bccf-64d898d54c5f_71398579.jpeg?h=225&w=225,
303543078,Butterkist Microwave Popcorn Sweet & Salted 3X60g,https://www.tesco.com/groceries/en-GB/shop/food-cupboard/all?department=Crisps%2C%20Snacks%2C%20Nuts%20%26%20Popcorn&viewAll=department&page=,£2.20,£1.23/100g,,,/groceries/en-GB/products/303543078,https://digitalcontent.api.tesco.com/v2/media/ghs/ca04da35-1dc2-45db-abed-f8858b6deca4/9b86b752-cc7c-4736-8cc8-7e7f1ce8e491_1662818051.jpeg?h=225&w=225,
303543055,Butterkist Microwave Sweet Popcorn 3X60g,https://www.tesco.com/groceries/en-GB/shop/food-cupboard/all?department=Crisps%2C%20Snacks%2C%20Nuts%20%26%20Popcorn&viewAll=department&page=,£2.20,£1.23/100g,,,/groceries/en-GB/products/303543055,https://digitalcontent.api.tesco.com/v2/media/ghs/00123535-cdd2-4256-8d86-090be62117ec/168233d8-fe7e-42ba-89f6-fb0c556e6824_2090604464.jpeg?h=225&w=225,
257379526,Tesco Roasted & Salted Pistachio Nuts 300G,https://www.tesco.com/groceries/en-GB/shop/food-cupboard/all?department=Crisps%2C%20Snacks%2C%20Nuts%20%26%20Popcorn&viewAll=department&page=,£3.35,£11.17/kg,,,/groceries/en-GB/products/257379526,https://digitalcontent.api.tesco.com/v2/media/ghs/82b282be-e0bd-41c9-b9d3-03ef84ed1376/3918d391-aca9-43bd-bb66-f0e3220fe9c7_1688929914.jpeg?h=225&w=225,
300201298,Kp Dry Roasted Peanuts 415G,https://www.tesco.com/groceries/en-GB/shop/food-cupboard/all?department=Crisps%2C%20Snacks%2C%20Nuts%20%26%20Popcorn&viewAll=department&page=,£3.50,£8.44/kg,£3.00 Clubcard Price,,/groceries/en-GB/products/300201298,https://digitalcontent.api.tesco.com/v2/media/ghs/10195316-9980-49e9-8055-47667c9f3222/7cc5c4ed-6ba1-4f90-a5c6-2a2ded6217db_1163641900.jpeg?h=225&w=225,
311255764,Walkers Wotsits Crunchy Cheese Snacks 140G,https://www.tesco.com/groceries/en-GB/shop/food-cupboard/all?department=Crisps%2C%20Snacks%2C%20Nuts%20%26%20Popcorn&viewAll=department&page=,£1.99,£1.43/100g,,,/groceries/en-GB/products/311255764,https://digitalcontent.api.tesco.com/v2/media/ghs/305ae72f-0c31-4cd9-a244-c92fbf1359db/6ade979d-d4aa-44fa-9cbe-eec2856cefbe_1944536017.jpeg?h=225&w=225,
298648941,Kiddylicious Veggie Straws Multipack 4X12g,https://www.tesco.com/groceries/en-GB/shop/food-cupboard/all?department=Crisps%2C%20Snacks%2C%20Nuts%20%26%20Popcorn&viewAll=department&page=,£2.65,£5.53/100g,,,/groceries/en-GB/products/298648941,https://digitalcontent.api.tesco.com/v2/media/ghs/285e61f8-5b1f-4989-a681-26e19db86f4f/69c4d2a3-3691-4cf0-ae5d-e8ebdcdb996a_1600356493.jpeg?h=225&w=225,
305736014,Properchips Salt & Vinegar Lentil Chips 85G,https://www.tesco.com/groceries/en-GB/shop/food-cupboard/all?department=Crisps%2C%20Snacks%2C%20Nuts%20%26%20Popcorn&viewAll=department&page=,£2.00,£2.36/100g,,,/groceries/en-GB/products/305736014,https://digitalcontent.api.tesco.com/v2/media/ghs/6119cf4e-4b05-4585-bd2c-6aabb4f2d332/2f1b9632-5c01-49cb-b905-bec791adb686_1924893535.jpeg?h=225&w=225,
305846270,Proper Chips 85G Bbq,https://www.tesco.com/groceries/en-GB/shop/food-cupboard/all?department=Crisps%2C%20Snacks%2C%20Nuts%20%26%20Popcorn&viewAll=department&page=,£2.00,£2.36/100g,,,/groceries/en-GB/products/305846270,https://digitalcontent.api.tesco.com/v2/media/ghs/0f89e25a-78f3-46a3-a1f8-2691a8157ea9/da28aa40-a71b-492c-9c46-bddfcefdedad_1022036909.jpeg?h=225&w=225,
293333267,Graze Bbq Crunch 104G,https://www.tesco.com/groceries/en-GB/shop/food-cupboard/all?department=Crisps%2C%20Snacks%2C%20Nuts%20%26%20Popcorn&viewAll=department&page=,£2.50,£2.41/100g,,,/groceries/en-GB/products/293333267,https://digitalcontent.api.tesco.com/v2/media/ghs/0925c7c2-98cf-4c22-b74f-e68bf562d2e4/a32fb5c2-5220-4371-b54b-e930babee681_543037755.jpeg?h=225&w=225,
267031030,Doritos Mild Salsa Dip 300G,https://www.tesco.com/groceries/en-GB/shop/food-cupboard/all?department=Crisps%2C%20Snacks%2C%20Nuts%20%26%20Popcorn&viewAll=department&page=,£2.50,£0.83/100g,,,/groceries/en-GB/products/267031030,https://digitalcontent.api.tesco.com/v2/media/ghs/5609207f-c996-494d-9238-21887c5d8608/5ee23aa5-6c0b-4719-8bc7-56cbfd0d44c9_597099844.jpeg?h=225&w=225,
272969733,Walkers Sensations Honey & Salt Peanut 145G,https://www.tesco.com/groceries/en-GB/shop/food-cupboard/all?department=Crisps%2C%20Snacks%2C%20Nuts%20%26%20Popcorn&viewAll=department&page=,£1.99,£13.73/kg,,,/groceries/en-GB/products/272969733,https://digitalcontent.api.tesco.com/v2/media/ghs/48c273fb-009f-47b0-a4a9-ad62a66c8df0/9bdb18c1-207c-4bd6-82da-353e826e68ac_2137674374.jpeg?h=225&w=225,
301518779,Itsu Crispy Seaweed Thins Multipack 3X5g,https://www.tesco.com/groceries/en-GB/shop/food-cupboard/all?department=Crisps%2C%20Snacks%2C%20Nuts%20%26%20Popcorn&viewAll=department&page=,£2.00,£13.34/100g,£1.50 Clubcard Price,,/groceries/en-GB/products/301518779,https://digitalcontent.api.tesco.com/v2/media/ghs/012f1106-ec2b-46e8-b075-62fcef825da6/d0cb58d0-ceaf-438d-bceb-690e1e22c094_331041402.jpeg?h=225&w=225,
309772223,Jacobs Mini Crunchlets Tangy Cheddar 6X17g,https://www.tesco.com/groceries/en-GB/shop/food-cupboard/all?department=Crisps%2C%20Snacks%2C%20Nuts%20%26%20Popcorn&viewAll=department&page=,£2.00,£1.97/100g,,,/groceries/en-GB/products/309772223,https://digitalcontent.api.tesco.com/v2/media/ghs/5eeaf1f7-0ddc-444f-889d-dec0191078b2/3c7af767-b0f2-47d6-a9ed-ac95532d0a55_2047626126.jpeg?h=225&w=225,
251495069,Tesco Roasted Salted Pistachio Nuts 150G,https://www.tesco.com/groceries/en-GB/shop/food-cupboard/all?department=Crisps%2C%20Snacks%2C%20Nuts%20%26%20Popcorn&viewAll=department&page=,£1.70,£11.34/kg,,,/groceries/en-GB/products/251495069,https://digitalcontent.api.tesco.com/v2/media/ghs/3b8a9959-bacd-449e-b92a-7ef9e8fce701/e8f6e0fe-cfb0-4298-abfb-153eea930945_1111493184.jpeg?h=225&w=225,
256638717,Jacobs Twiglets 150G,https://www.tesco.com/groceries/en-GB/shop/food-cupboard/all?department=Crisps%2C%20Snacks%2C%20Nuts%20%26%20Popcorn&viewAll=department&page=,£2.10,£1.40/100g,£1.50 Clubcard Price,,/groceries/en-GB/products/256638717,https://digitalcontent.api.tesco.com/v2/media/ghs/f7b19c5c-57c1-4509-9f2a-c04ad14c00b3/9590fa39-ecd9-48d2-8100-ac580e986a41_2116817444.jpeg?h=225&w=225,
308116444,Walkers Quavers Salt & Vinegar Snacks 6 X 16G,https://www.tesco.com/groceries/en-GB/shop/food-cupboard/all?department=Crisps%2C%20Snacks%2C%20Nuts%20%26%20Popcorn&viewAll=department&page=,£1.75,£1.83/100g,,,/groceries/en-GB/products/308116444,https://digitalcontent.api.tesco.com/v2/media/ghs/271ec281-2a8d-412e-99f9-12717fd4dfaf/1106380d-f44e-45df-a30a-984d29e7a1f9_1453143545.jpeg?h=225&w=225,
305853664,Proper Chips 85G Sea Salt,https://www.tesco.com/groceries/en-GB/shop/food-cupboard/all?department=Crisps%2C%20Snacks%2C%20Nuts%20%26%20Popcorn&viewAll=department&page=,£2.00,£2.36/100g,,,/groceries/en-GB/products/305853664,https://digitalcontent.api.tesco.com/v2/media/ghs/e6670304-869a-4430-85fa-b0b82deb4406/d3654dcf-5b97-400e-bc30-9da0aacf7e61_2061319302.jpeg?h=225&w=225,
312844820,Jacob's Mini Cheddars Smoky Bbq 6 X 23G,https://www.tesco.com/groceries/en-GB/shop/food-cupboard/all?department=Crisps%2C%20Snacks%2C%20Nuts%20%26%20Popcorn&viewAll=department&page=,£1.50,£1.09/100g,£1.35 Clubcard Price,,/groceries/en-GB/products/312844820,https://digitalcontent.api.tesco.com/v2/media/ghs/21587b69-144c-416e-889e-3dde6cb47afa/34e1a3cb-a1f3-4496-b903-a7b7e745d68e_1571980980.jpeg?h=225&w=225,
309185209,Walkers Variety Cheese & Onion & Ready Salted Crisps 12X25g,https://www.tesco.com/groceries/en-GB/shop/food-cupboard/all?department=Crisps%2C%20Snacks%2C%20Nuts%20%26%20Popcorn&viewAll=department&page=,£2.75,£0.92/100g,,,/groceries/en-GB/products/309185209,https://digitalcontent.api.tesco.com/v2/media/ghs/bc2b6da8-8002-4b46-8c9b-6a015ecd023f/8253bbc8-62bd-4fd0-86fe-9ed79ee23d4e_2001464642.jpeg?h=225&w=225,
297508873,Tesco Honey Roasted Cashews 150G,https://www.tesco.com/groceries/en-GB/shop/food-cupboard/all?department=Crisps%2C%20Snacks%2C%20Nuts%20%26%20Popcorn&viewAll=department&page=,£2.00,£13.34/kg,,,/groceries/en-GB/products/297508873,https://digitalcontent.api.tesco.com/v2/media/ghs/bb38a081-41b7-400e-9947-580fb82a4a1c/c6845bf8-6f49-432a-b7f2-25ab86e60e47_1917339559.jpeg?h=225&w=225,
275236864,Popchips Original Popped Potato Chips 85G,https://www.tesco.com/groceries/en-GB/shop/food-cupboard/all?department=Crisps%2C%20Snacks%2C%20Nuts%20%26%20Popcorn&viewAll=department&page=,£2.00,£2.36/100g,,,/groceries/en-GB/products/275236864,https://digitalcontent.api.tesco.com/v2/media/ghs/4ae1b108-af86-4493-ac55-8fe3dcf80e64/3abdef1e-990c-4b37-9068-052ef897da59_295938881.jpeg?h=225&w=225,
309492715,Popchips Sea Salt Potato Snacks 5X17g,https://www.tesco.com/groceries/en-GB/shop/food-cupboard/all?department=Crisps%2C%20Snacks%2C%20Nuts%20%26%20Popcorn&viewAll=department&page=,£1.85,£2.18/100g,£1.50 Clubcard Price,,/groceries/en-GB/products/309492715,https://digitalcontent.api.tesco.com/v2/media/ghs/831d4a30-0a30-48c9-93e6-32ea6a9afc64/83da8ff3-0067-4e00-90df-ea9b1a562ddc_1631506161.jpeg?h=225&w=225,
309195900,Walkers Variety Ready Salted &Vngr Crisps 12X25g,https://www.tesco.com/groceries/en-GB/shop/food-cupboard/all?department=Crisps%2C%20Snacks%2C%20Nuts%20%26%20Popcorn&viewAll=department&page=,£2.75,£0.92/100g,,,/groceries/en-GB/products/309195900,https://digitalcontent.api.tesco.com/v2/media/ghs/f879dbb0-f784-464a-b9a7-5d31bce52e6f/be0ed434-11d8-47b8-9b68-5aa8b125bb53_1137737339.jpeg?h=225&w=225,
287841256,Jacobs Cracker Crisps Sour Cream & Chive 150G,https://www.tesco.com/groceries/en-GB/shop/food-cupboard/all?department=Crisps%2C%20Snacks%2C%20Nuts%20%26%20Popcorn&viewAll=department&page=,£1.25,£0.83/100g,,,/groceries/en-GB/products/287841256,https://digitalcontent.api.tesco.com/v2/media/ghs/c6cda4a8-cb7f-4938-b4a5-60ed2c49e9b0/5f08d4d3-6c51-4b41-b59b-e3dda9e6b7fe_651503796.jpeg?h=225&w=225,
268345256,Tesco Bbq Flavoured Coated Peanuts 200G,https://www.tesco.com/groceries/en-GB/shop/food-cupboard/all?department=Crisps%2C%20Snacks%2C%20Nuts%20%26%20Popcorn&viewAll=department&page=,£1.20,£6.00/kg,£1.00 Clubcard Price,,/groceries/en-GB/products/268345256,https://digitalcontent.api.tesco.com/v2/media/ghs/eab59f9f-d98c-4e2d-8c70-13e8ca4af233/2065bbb6-bd52-4542-b069-8577a3716d66_515457449.jpeg?h=225&w=225,
311276897,Mccoy's Sizzling King Prawn Crisps Multipack 6X25g,https://www.tesco.com/groceries/en-GB/shop/food-cupboard/all?department=Crisps%2C%20Snacks%2C%20Nuts%20%26%20Popcorn&viewAll=department&page=,£1.75,£1.17/100g,,,/groceries/en-GB/products/311276897,https://digitalcontent.api.tesco.com/v2/media/ghs/0dbca92e-5af6-4674-ba5b-80f22dcacb24/1917166a-863e-4239-bd6d-43df3694956a_138257515.jpeg?h=225&w=225,
310103027,Proper Chips Salt & Vinegar Lentil Chips 5 X 14G,https://www.tesco.com/groceries/en-GB/shop/food-cupboard/all?department=Crisps%2C%20Snacks%2C%20Nuts%20%26%20Popcorn&viewAll=department&page=,£1.70,£2.43/100g,£1.35 Clubcard Price,,/groceries/en-GB/products/310103027,https://digitalcontent.api.tesco.com/v2/media/ghs/42981792-de1e-45ca-b706-c13f127b8d60/2af16376-b995-48d0-9bff-d2fe7e488430_1651946039.jpeg?h=225&w=225,
300273995,Tesco Tortilla Chips Hot Chill Flavour 200G,https://www.tesco.com/groceries/en-GB/shop/food-cupboard/all?department=Crisps%2C%20Snacks%2C%20Nuts%20%26%20Popcorn&viewAll=department&page=,£1.00,£0.50/100g,,,/groceries/en-GB/products/300273995,https://digitalcontent.api.tesco.com/v2/media/ghs/1147f0e5-c189-4ef6-8463-1fc9a6ddf90d/4264a157-ebf2-4849-b2b7-87646b3ff7b6_2046304449.jpeg?h=225&w=225,
310111579,Proper Chips Bbq Lentil Chips 5X14g,https://www.tesco.com/groceries/en-GB/shop/food-cupboard/all?department=Crisps%2C%20Snacks%2C%20Nuts%20%26%20Popcorn&viewAll=department&page=,£1.70,£2.43/100g,£1.35 Clubcard Price,,/groceries/en-GB/products/310111579,https://digitalcontent.api.tesco.com/v2/media/ghs/ed07c150-fb55-445b-a106-708a79c76d14/9a89233d-e6b0-49cc-9044-b62fa4d23b90_228726459.jpeg?h=225&w=225,
311438266,Big Hoops Bbq Beef Grab Bag Crisps 45G,https://www.tesco.com/groceries/en-GB/shop/food-cupboard/all?department=Crisps%2C%20Snacks%2C%20Nuts%20%26%20Popcorn&viewAll=department&page=,£0.90,£2.00/100g,"£3.40 Meal Deal Clubcard Price £3.90 Meal Deal Regular Price - Selected Drink, Snack, Wrap, Sandwich, Roll, Pasty Or Salad",,/groceries/en-GB/products/311438266,https://digitalcontent.api.tesco.com/v2/media/ghs/7c4e8d6a-e241-4626-845e-2c3865b098f3/da1196a3-5683-45bd-b095-a03a220d45cf_1152751298.jpeg?h=225&w=225,
308832114,Pringles Salt & Vinegar Crisps 165G,https://www.tesco.com/groceries/en-GB/shop/food-cupboard/all?department=Crisps%2C%20Snacks%2C%20Nuts%20%26%20Popcorn&viewAll=department&page=,£1.69,£1.03/100g,Aldi Price Match,,/groceries/en-GB/products/308832114,https://digitalcontent.api.tesco.com/v2/media/ghs/724a46cd-c076-4ef6-9d92-e5401c1112e9/23f22748-ced0-4888-ab8b-346439a70491_997940803.jpeg?h=225&w=225,
272694366,Cheeselets 125G,https://www.tesco.com/groceries/en-GB/shop/food-cupboard/all?department=Crisps%2C%20Snacks%2C%20Nuts%20%26%20Popcorn&viewAll=department&page=,£1.10,£0.88/100g,,,/groceries/en-GB/products/272694366,https://digitalcontent.api.tesco.com/v2/media/ghs/febb02f0-e342-4367-b8ed-3dbbec8d35ab/c7f60f7f-a7be-424a-a8ea-a1abcb320a3f_1334265510.jpeg?h=225&w=225,
300595026,Tesco Cheese Puffs 10 Pack 170G,https://www.tesco.com/groceries/en-GB/shop/food-cupboard/all?department=Crisps%2C%20Snacks%2C%20Nuts%20%26%20Popcorn&viewAll=department&page=,£1.35,£0.80/100g,,,/groceries/en-GB/products/300595026,https://digitalcontent.api.tesco.com/v2/media/ghs/d069ab19-80e8-4837-a3ba-02a3a822238c/4779cad7-701b-4c9c-9744-b17e501722ec_1152378139.jpeg?h=225&w=225,
313000850,Skips Prawn Cocktail Sharing Crisps 65G,https://www.tesco.com/groceries/en-GB/shop/food-cupboard/all?department=Crisps%2C%20Snacks%2C%20Nuts%20%26%20Popcorn&viewAll=department&page=,£1.00,£1.54/100g,,,/groceries/en-GB/products/313000850,https://digitalcontent.api.tesco.com/v2/media/ghs/cf94d29d-7bfa-4c93-9bb9-ecde07125a9d/b285f9e4-9e04-4a23-b8ac-8957b20bebc8_959757481.jpeg?h=225&w=225,
311807129,Doritos Nacho Cheese Dip 280G,https://www.tesco.com/groceries/en-GB/shop/food-cupboard/all?department=Crisps%2C%20Snacks%2C%20Nuts%20%26%20Popcorn&viewAll=department&page=,£2.50,£0.89/100g,,,/groceries/en-GB/products/311807129,https://digitalcontent.api.tesco.com/v2/media/ghs/7ca939d9-c160-4ecf-ae36-25e74e35472c/255d9922-bc8f-4be0-a999-48b0865d5219_1914747214.jpeg?h=225&w=225,
298179879,Tyrrells Mixed Root Vegetable Crisps 125G,https://www.tesco.com/groceries/en-GB/shop/food-cupboard/all?department=Crisps%2C%20Snacks%2C%20Nuts%20%26%20Popcorn&viewAll=department&page=,£2.30,£1.84/100g,£2.00 Clubcard Price,,/groceries/en-GB/products/298179879,https://digitalcontent.api.tesco.com/v2/media/ghs/73fda5ea-8c3f-4dde-b4e9-a60e7b1b3c3e/c7f343f6-4e7e-49f1-95b5-cc6c81d57a68_1852652313.jpeg?h=225&w=225,
310165503,Peperami Chorizo 5X20g,https://www.tesco.com/groceries/en-GB/shop/food-cupboard/all?department=Crisps%2C%20Snacks%2C%20Nuts%20%26%20Popcorn&viewAll=department&page=,£2.50,£2.50/100g,,,/groceries/en-GB/products/310165503,https://digitalcontent.api.tesco.com/v2/media/ghs/df72b697-8139-4fed-8f4b-cb1cd7839085/fc7fd461-be2d-4a19-af75-eee6ae064a1c_1078110729.jpeg?h=225&w=225,
297385498,Kp Salt & Vinegar Peanuts 225G,https://www.tesco.com/groceries/en-GB/shop/food-cupboard/all?department=Crisps%2C%20Snacks%2C%20Nuts%20%26%20Popcorn&viewAll=department&page=,£2.65,£11.78/kg,£2.00 Clubcard Price,,/groceries/en-GB/products/297385498,https://digitalcontent.api.tesco.com/v2/media/ghs/08466f26-6327-42aa-98cf-6f8561221f88/ed0ea14a-77cd-4927-bc8e-e33bb58393d4_1390636162.jpeg?h=225&w=225,
311943693,Forest Feast Roasted Salt & Vinegar Nut Mix 120G,https://www.tesco.com/groceries/en-GB/shop/food-cupboard/all?department=Crisps%2C%20Snacks%2C%20Nuts%20%26%20Popcorn&viewAll=department&page=,£3.20,£26.67/kg,,New,/groceries/en-GB/products/311943693,https://digitalcontent.api.tesco.com/v2/media/ghs/2ec8e2ca-f9b5-49a1-9c93-9c79bc1ab166/1d98fcd6-faa1-4646-a81c-2a4bb0c16a6e_366767941.jpeg?h=225&w=225,
293270980,Tesco Chilli Rice Crackers 125G,https://www.tesco.com/groceries/en-GB/shop/food-cupboard/all?department=Crisps%2C%20Snacks%2C%20Nuts%20%26%20Popcorn&viewAll=department&page=,£1.50,£1.20/100g,,,/groceries/en-GB/products/293270980,https://digitalcontent.api.tesco.com/v2/media/ghs/0303045e-3c7b-4470-9e77-7dac428492c0/881ec93f-9144-4dcd-8073-235e2783abc0_1153374010.jpeg?h=225&w=225,
268424848,Tesco Roasted & Salted Almonds 100G,https://www.tesco.com/groceries/en-GB/shop/food-cupboard/all?department=Crisps%2C%20Snacks%2C%20Nuts%20%26%20Popcorn&viewAll=department&page=,£1.50,£15.00/kg,,,/groceries/en-GB/products/268424848,https://digitalcontent.api.tesco.com/v2/media/ghs/02cad3f5-6d66-406c-a1e0-20f86a5cc5ba/a683caf0-9f8a-4541-9713-d8f20913538a_1690748945.jpeg?h=225&w=225,
305957927,Walkers Giant Monster Munch Pickled Onion 85G,https://www.tesco.com/groceries/en-GB/shop/food-cupboard/all?department=Crisps%2C%20Snacks%2C%20Nuts%20%26%20Popcorn&viewAll=department&page=,£2.00,£2.36/100g,,,/groceries/en-GB/products/305957927,https://digitalcontent.api.tesco.com/v2/media/ghs/c9f36db8-b6cd-47a2-9bcd-bc9088f6ea99/75bedbd8-bfee-4f0d-84a7-a74289ee24c5.jpeg?h=225&w=225,
267031312,Doritos Hot Salsa Dip 300G,https://www.tesco.com/groceries/en-GB/shop/food-cupboard/all?department=Crisps%2C%20Snacks%2C%20Nuts%20%26%20Popcorn&viewAll=department&page=,£2.50,£0.83/100g,,,/groceries/en-GB/products/267031312,https://digitalcontent.api.tesco.com/v2/media/ghs/196df538-e9ed-4ec1-a394-f778d7edd69d/f4f45745-bd8e-4a58-b32e-7abf48e91472_209996249.jpeg?h=225&w=225,
309784658,Jacobs Mini Crunchlets Cheddar & Onion 6X17g,https://www.tesco.com/groceries/en-GB/shop/food-cupboard/all?department=Crisps%2C%20Snacks%2C%20Nuts%20%26%20Popcorn&viewAll=department&page=,£2.00,£1.97/100g,,,/groceries/en-GB/products/309784658,https://digitalcontent.api.tesco.com/v2/media/ghs/f4a2c31e-c3b2-4030-8608-2f4a68bc3766/ee26e0ab-36fb-42b0-a815-899223dece2d_2094575831.jpeg?h=225&w=225,
312110151,Doritos Dippers Hint Of Sour Cream & Onion Tortilla 270G,https://www.tesco.com/groceries/en-GB/shop/food-cupboard/all?department=Crisps%2C%20Snacks%2C%20Nuts%20%26%20Popcorn&viewAll=department&page=,£2.50,£0.93/100g,,,/groceries/en-GB/products/312110151,https://digitalcontent.api.tesco.com/v2/media/ghs/767d1ea1-2817-4c34-869d-f85285b5b665/cbbe2437-8050-42c1-9ba9-2552aeda082f_1204015079.jpeg?h=225&w=225,
311440838,Kettle Sourdough Bites Parmesan & Balsamic Vinegar 120G,https://www.tesco.com/groceries/en-GB/shop/food-cupboard/all?department=Crisps%2C%20Snacks%2C%20Nuts%20%26%20Popcorn&viewAll=department&page=,£1.99,£1.66/100g,,,/groceries/en-GB/products/311440838,https://digitalcontent.api.tesco.com/v2/media/ghs/25042657-745b-4aff-89ca-3055e64879c3/6f177136-d440-4ba6-b39e-8301f40d01bf_1344888604.jpeg?h=225&w=225,
310100347,Kp Flavour Kravers Caribbean Jerk Sauce Peanuts 140G,https://www.tesco.com/groceries/en-GB/shop/food-cupboard/all?department=Crisps%2C%20Snacks%2C%20Nuts%20%26%20Popcorn&viewAll=department&page=,£2.50,£1.79/100g,,New,/groceries/en-GB/products/310100347,https://digitalcontent.api.tesco.com/v2/media/ghs/45b91916-ea11-4085-813d-bcae33898fe7/dbaa256d-04cf-4ab2-a9d1-92e5c0f01331_904958407.jpeg?h=225&w=225,
299609324,Walkers Max Strong Jalapeno And Cheese Crisps 150G,https://www.tesco.com/groceries/en-GB/shop/food-cupboard/all?department=Crisps%2C%20Snacks%2C%20Nuts%20%26%20Popcorn&viewAll=department&page=,£1.99,£1.33/100g,£1.50 Clubcard Price,,/groceries/en-GB/products/299609324,https://digitalcontent.api.tesco.com/v2/media/ghs/535d7870-c02e-4f78-b69c-2acc4bdc266a/4eed6863-de05-46fe-a323-a6eecca645aa_1179515669.jpeg?h=225&w=225,
305839099,Walkers Wotsits Flamin Hot Snacks 6 X 16G,https://www.tesco.com/groceries/en-GB/shop/food-cupboard/all?department=Crisps%2C%20Snacks%2C%20Nuts%20%26%20Popcorn&viewAll=department&page=,£1.75,£1.83/100g,,,/groceries/en-GB/products/305839099,https://digitalcontent.api.tesco.com/v2/media/ghs/16fef26c-5594-4510-a3f5-1ebcfe47cca7/c8c4ff09-f5a6-4075-9415-eed6ec853625_550960677.jpeg?h=225&w=225,
310664621,Pringles Sizzl'n Sweet Chilli Crisps 180G,https://www.tesco.com/groceries/en-GB/shop/food-cupboard/all?department=Crisps%2C%20Snacks%2C%20Nuts%20%26%20Popcorn&viewAll=department&page=,£2.10,£1.17/100g,,,/groceries/en-GB/products/310664621,https://digitalcontent.api.tesco.com/v2/media/ghs/bb59942a-e406-4a45-9225-4c9882c3cd33/db4b9c5e-9b3c-4b22-9ec0-1d8d9f77e2b7_2067018827.jpeg?h=225&w=225,
297385240,Tesco Roasted Salted Cashew Nuts 150G,https://www.tesco.com/groceries/en-GB/shop/food-cupboard/all?department=Crisps%2C%20Snacks%2C%20Nuts%20%26%20Popcorn&viewAll=department&page=,£2.00,£13.34/kg,,,/groceries/en-GB/products/297385240,https://digitalcontent.api.tesco.com/v2/media/ghs/92d7b640-a0ac-4025-9d03-0de72fb1cac8/f4ba30dd-dbee-46a5-b2c7-e831de2f829b_446256051.jpeg?h=225&w=225,
267349622,Sensations Onion & Balsamic Vinegar 150G,https://www.tesco.com/groceries/en-GB/shop/food-cupboard/all?department=Crisps%2C%20Snacks%2C%20Nuts%20%26%20Popcorn&viewAll=department&page=,£1.99,£1.33/100g,£1.50 Clubcard Price,,/groceries/en-GB/products/267349622,https://digitalcontent.api.tesco.com/v2/media/ghs/bb74e728-e559-41b0-9fb6-7b8e9df87ee1/ca81b171-326d-45da-bfa3-810fde1531db_31907819.jpeg?h=225&w=225,
297512049,Tesco Jumbo Roasted Salted Peanuts 200G,https://www.tesco.com/groceries/en-GB/shop/food-cupboard/all?department=Crisps%2C%20Snacks%2C%20Nuts%20%26%20Popcorn&viewAll=department&page=,£1.20,£6.00/kg,,,/groceries/en-GB/products/297512049,https://digitalcontent.api.tesco.com/v2/media/ghs/c45d5502-6dcc-42d9-96fb-c68603d68a13/edde3749-c6e4-41c8-91aa-73a8b036cdfd_1787161716.jpeg?h=225&w=225,
293332003,Tesco Biltong Original 40G,https://www.tesco.com/groceries/en-GB/shop/food-cupboard/all?department=Crisps%2C%20Snacks%2C%20Nuts%20%26%20Popcorn&viewAll=department&page=,£1.50,£3.75/100g,,,/groceries/en-GB/products/293332003,https://digitalcontent.api.tesco.com/v2/media/ghs/6244e905-bba7-4a57-bf9f-843f06b5cf3e/6c65c30b-c837-4ee4-87fa-967b3c5c330c_999090015.jpeg?h=225&w=225,
296801901,Sensations Mango & Chilli Chutney Poppadoms 82.5G,https://www.tesco.com/groceries/en-GB/shop/food-cupboard/all?department=Crisps%2C%20Snacks%2C%20Nuts%20%26%20Popcorn&viewAll=department&page=,£1.99,£2.42/100g,£1.50 Clubcard Price,,/groceries/en-GB/products/296801901,https://digitalcontent.api.tesco.com/v2/media/ghs/b8d9e960-b8e0-405e-a415-f8c5db570d8a/2d53b077-1005-4675-b1bd-0a0c0568a2fc_1020366923.jpeg?h=225&w=225,
293722740,Graze Punchy Nut Punchy Protein Sharing Bag 118G,https://www.tesco.com/groceries/en-GB/shop/food-cupboard/all?department=Crisps%2C%20Snacks%2C%20Nuts%20%26%20Popcorn&viewAll=department&page=,£2.50,£2.12/100g,,,/groceries/en-GB/products/293722740,https://digitalcontent.api.tesco.com/v2/media/ghs/ed358aed-e4fe-402e-992d-cb3c8e7372da/c86771c0-c3b7-45df-80fa-8cc3afd1fa11_2111089081.jpeg?h=225&w=225,
287425231,Popchips Popped Potato Chips Thai Sweet Chilli 85G,https://www.tesco.com/groceries/en-GB/shop/food-cupboard/all?department=Crisps%2C%20Snacks%2C%20Nuts%20%26%20Popcorn&viewAll=department&page=,£2.00,£2.36/100g,,,/groceries/en-GB/products/287425231,https://digitalcontent.api.tesco.com/v2/media/ghs/1d1b2c53-a633-4816-a181-4ef42c215fcc/6b3adc18-85ac-483a-86a5-4187b3bd6d24_747394838.jpeg?h=225&w=225,
305955307,Walkers Wotsits Giants Flamin' Hot Snacks 130G,https://www.tesco.com/groceries/en-GB/shop/food-cupboard/all?department=Crisps%2C%20Snacks%2C%20Nuts%20%26%20Popcorn&viewAll=department&page=,£1.99,£1.54/100g,£1.50 Clubcard Price,,/groceries/en-GB/products/305955307,https://digitalcontent.api.tesco.com/v2/media/ghs/1b68209b-142a-43ff-b013-605fffc3f2f3/02e62e5a-c912-4686-bd79-c86bb21ff7d0_409876451.jpeg?h=225&w=225,
310109669,Pringles Smokey Bacon Crisps 200G,https://www.tesco.com/groceries/en-GB/shop/food-cupboard/all?department=Crisps%2C%20Snacks%2C%20Nuts%20%26%20Popcorn&viewAll=department&page=,£2.00,£1.00/100g,£1.65 Clubcard Price,,/groceries/en-GB/products/310109669,https://digitalcontent.api.tesco.com/v2/media/ghs/a0155f9e-3dee-41fc-be7b-c9879c4cb7c0/693f7fc3-9864-4bb4-a4e6-88987fd6e37f_1604338271.jpeg?h=225&w=225,
260085646,Tesco Salt & Vinegar Sticks 150G,https://www.tesco.com/groceries/en-GB/shop/food-cupboard/all?department=Crisps%2C%20Snacks%2C%20Nuts%20%26%20Popcorn&viewAll=department&page=,,,,,/groceries/en-GB/products/260085646,https://digitalcontent.api.tesco.com/v2/media/ghs/75d511d2-25bc-4d36-b92f-94335e8b53d7/snapshotimagehandler_468036685.jpeg?h=225&w=225,This product's currently out of stock
264768234,Tesco Cheese Balls Snacks 300G,https://www.tesco.com/groceries/en-GB/shop/food-cupboard/all?department=Crisps%2C%20Snacks%2C%20Nuts%20%26%20Popcorn&viewAll=department&page=,£1.65,£0.55/100g,£1.35 Clubcard Price,,/groceries/en-GB/products/264768234,https://digitalcontent.api.tesco.com/v2/media/ghs/d7c955e9-6dd2-4137-928c-bcd5fda73949/59e44f91-99f7-41b4-b770-67007baf46fd_20270615.jpeg?h=225&w=225,
290572748,Walkers Max Paprika Crisps 50G,https://www.tesco.com/groceries/en-GB/shop/food-cupboard/all?department=Crisps%2C%20Snacks%2C%20Nuts%20%26%20Popcorn&viewAll=department&page=,£0.90,£1.80/100g,"£3.40 Meal Deal Clubcard Price £3.90 Meal Deal Regular Price - Selected Drink, Snack, Wrap, Sandwich, Roll, Pasty Or Salad",,/groceries/en-GB/products/290572748,https://digitalcontent.api.tesco.com/v2/media/ghs/786a0da4-29f3-46f5-a082-493ec9382e96/212172ef-388a-4149-883c-2787ec2a38c1_144155672.jpeg?h=225&w=225,
302554049,Hula Hoops Flavarings Spicy Crisps 90G,https://www.tesco.com/groceries/en-GB/shop/food-cupboard/all?department=Crisps%2C%20Snacks%2C%20Nuts%20%26%20Popcorn&viewAll=department&page=,£1.00,£1.12/100g,,,/groceries/en-GB/products/302554049,https://digitalcontent.api.tesco.com/v2/media/ghs/c32d833d-d4f2-481c-be05-0f529f35ae3f/3230b2ee-a954-42bf-8fe9-8ddabce4b9ae_1783761580.jpeg?h=225&w=225,
300595049,Tesco Onion Rings 10 Pack 170G,https://www.tesco.com/groceries/en-GB/shop/food-cupboard/all?department=Crisps%2C%20Snacks%2C%20Nuts%20%26%20Popcorn&viewAll=department&page=,£1.35,£0.80/100g,,,/groceries/en-GB/products/300595049,https://digitalcontent.api.tesco.com/v2/media/ghs/303350cf-d273-42f1-aabe-0c10e0001023/07c90d18-b001-4bea-84c5-7e19fa5ef77a_401647674.jpeg?h=225&w=225,
292671887,Walkers Bugles Cheese 110G,https://www.tesco.com/groceries/en-GB/shop/food-cupboard/all?department=Crisps%2C%20Snacks%2C%20Nuts%20%26%20Popcorn&viewAll=department&page=,£0.99,£0.90/100g,,,/groceries/en-GB/products/292671887,https://digitalcontent.api.tesco.com/v2/media/ghs/16ee9ec3-c87c-4315-a12e-bbc6c80dce93/20a70d7f-ee2b-4643-89be-edcc8ca6947f_1929210708.jpeg?h=225&w=225,
303880317,Doritos Stax Sour Cream & Onion Tortilla Chips 170G,https://www.tesco.com/groceries/en-GB/shop/food-cupboard/all?department=Crisps%2C%20Snacks%2C%20Nuts%20%26%20Popcorn&viewAll=department&page=,£1.00,£0.59/100g,,,/groceries/en-GB/products/303880317,https://digitalcontent.api.tesco.com/v2/media/ghs/9f24775f-d69d-43ae-a94c-7fe0f8208a11/80d44268-fdb0-404c-85c8-51b1488becb3_1735205347.jpeg?h=225&w=225,
309785542,Doritos Stax Smokey Bbq Ribs Tortilla Chips 170G,https://www.tesco.com/groceries/en-GB/shop/food-cupboard/all?department=Crisps%2C%20Snacks%2C%20Nuts%20%26%20Popcorn&viewAll=department&page=,£1.00,£0.59/100g,,,/groceries/en-GB/products/309785542,https://digitalcontent.api.tesco.com/v2/media/ghs/dfcc4b92-29fb-430e-83a5-24cd27ab73e8/c21b6ea6-ca39-4fe4-909b-61598a349273_1752745239.jpeg?h=225&w=225,
312085669,L'or. Decafeine Instant Coffee 150G,https://www.tesco.com/groceries/en-GB/shop/food-cupboard/all?department=Crisps%2C%20Snacks%2C%20Nuts%20%26%20Popcorn&viewAll=department&page=,£6.00,£4.00/100g,,,/groceries/en-GB/products/312085669,,
299581631,Kp Unsalted Peanuts 250G,https://www.tesco.com/groceries/en-GB/shop/food-cupboard/all?department=Crisps%2C%20Snacks%2C%20Nuts%20%26%20Popcorn&viewAll=department&page=,£2.65,£10.60/kg,,,/groceries/en-GB/products/299581631,https://digitalcontent.api.tesco.com/v2/media/ghs/455123f6-9173-48f2-982e-8a82b44b9172/86e9ca1f-5cae-4afc-b9f2-406ad423d9ad_2097193879.jpeg?h=225&w=225,
285117870,Butterkist Sweet & Salted Popcorn 100G,https://www.tesco.com/groceries/en-GB/shop/food-cupboard/all?department=Crisps%2C%20Snacks%2C%20Nuts%20%26%20Popcorn&viewAll=department&page=,£1.70,£1.70/100g,,,/groceries/en-GB/products/285117870,https://digitalcontent.api.tesco.com/v2/media/ghs/88dca728-fe75-4e25-89fe-8e241111b4dc/5c2321b9-0b22-4c6d-9fb7-6bbe59d95e59_733147986.jpeg?h=225&w=225,
297243950,Old El Paso Nachips Original 185G,https://www.tesco.com/groceries/en-GB/shop/food-cupboard/all?department=Crisps%2C%20Snacks%2C%20Nuts%20%26%20Popcorn&viewAll=department&page=,£1.90,£1.03/100g,,,/groceries/en-GB/products/297243950,https://digitalcontent.api.tesco.com/v2/media/ghs/725b8bc1-d608-487f-835a-94ed5cce71f3/6780264c-cc7b-4d3d-8537-4a4f9c668955_1648305088.jpeg?h=225&w=225,
310668375,Tyrrells Mediterranean Herb Crisps 150G,https://www.tesco.com/groceries/en-GB/shop/food-cupboard/all?department=Crisps%2C%20Snacks%2C%20Nuts%20%26%20Popcorn&viewAll=department&page=,£2.30,£1.54/100g,,,/groceries/en-GB/products/310668375,https://digitalcontent.api.tesco.com/v2/media/ghs/055817f2-93e9-4b07-bcc4-18bca3349712/a6ddc56b-9169-4636-b5c1-d180b05f985d_1492469775.jpeg?h=225&w=225,
303850307,Old El Paso Original Cheesy Baked Nacho Kit 505G,https://www.tesco.com/groceries/en-GB/shop/food-cupboard/all?department=Crisps%2C%20Snacks%2C%20Nuts%20%26%20Popcorn&viewAll=department&page=,£3.19,£0.63/100g,,,/groceries/en-GB/products/303850307,https://digitalcontent.api.tesco.com/v2/media/ghs/644337d3-fef9-4bed-b7e2-beb7e61d9d13/b2e27138-c360-4ffe-9c2a-bd33c6cd9207_618157268.jpeg?h=225&w=225,
305988493,Kiddylicious Cheesy Veggie Straws 4X12g,https://www.tesco.com/groceries/en-GB/shop/food-cupboard/all?department=Crisps%2C%20Snacks%2C%20Nuts%20%26%20Popcorn&viewAll=department&page=,£2.65,£5.53/100g,,,/groceries/en-GB/products/305988493,https://digitalcontent.api.tesco.com/v2/media/ghs/1265c86e-c468-4d53-9966-100ff2200a6b/b169055c-a617-4a77-9fdc-cb444f3b3b9d_1336125299.jpeg?h=225&w=225,
311259149,Walkers Wotsits Crunchy Flamin Hot 140G,https://www.tesco.com/groceries/en-GB/shop/food-cupboard/all?department=Crisps%2C%20Snacks%2C%20Nuts%20%26%20Popcorn&viewAll=department&page=,£1.99,£1.43/100g,,,/groceries/en-GB/products/311259149,https://digitalcontent.api.tesco.com/v2/media/ghs/3d849ad8-a127-4b68-9f36-87e9fec0375d/92ad2492-0404-4733-b5e5-2c555edea598_1794629127.jpeg?h=225&w=225,
282800132,Sensation Walkers Mexian Smoked Chilli Nuts 150G,https://www.tesco.com/groceries/en-GB/shop/food-cupboard/all?department=Crisps%2C%20Snacks%2C%20Nuts%20%26%20Popcorn&viewAll=department&page=,£1.99,£1.33/100g,,,/groceries/en-GB/products/282800132,https://digitalcontent.api.tesco.com/v2/media/ghs/c78b2a5f-affc-490a-891e-0c046790328c/f4eb2d45-da03-4e7a-a028-7c6c35b66232_967202864.jpeg?h=225&w=225,
306827654,Mccoy's Classic Variety Potato Crisps 12 X 25G,https://www.tesco.com/groceries/en-GB/shop/food-cupboard/all?department=Crisps%2C%20Snacks%2C%20Nuts%20%26%20Popcorn&viewAll=department&page=,£3.00,£1.00/100g,£2.70 Clubcard Price,,/groceries/en-GB/products/306827654,https://digitalcontent.api.tesco.com/v2/media/ghs/46ab6086-c391-45ac-ad1e-d0609de1a14e/420a7522-f0ec-4c24-a80b-56ca5ec97b25_439160122.jpeg?h=225&w=225,
311253766,Kettle Bites Onion Bhaji Naan 120G,https://www.tesco.com/groceries/en-GB/shop/food-cupboard/all?department=Crisps%2C%20Snacks%2C%20Nuts%20%26%20Popcorn&viewAll=department&page=,£1.99,£1.66/100g,,,/groceries/en-GB/products/311253766,https://digitalcontent.api.tesco.com/v2/media/ghs/ca8e5994-4181-4214-a77a-4a0d7349d505/954d7600-1fe4-4925-910b-08cd2897cff1_1555140927.jpeg?h=225&w=225,
305839519,Walkers Giant Monster Munch Roast Beef 85G,https://www.tesco.com/groceries/en-GB/shop/food-cupboard/all?department=Crisps%2C%20Snacks%2C%20Nuts%20%26%20Popcorn&viewAll=department&page=,£2.00,£2.36/100g,,,/groceries/en-GB/products/305839519,https://digitalcontent.api.tesco.com/v2/media/ghs/5a8b3a42-028b-4b5d-bb55-c1afeb7d95da/19428395-5773-4282-ba9d-ad8a1b7590c0_1999760305.jpeg?h=225&w=225,
293332049,Tesco Jerky Original 40G,https://www.tesco.com/groceries/en-GB/shop/food-cupboard/all?department=Crisps%2C%20Snacks%2C%20Nuts%20%26%20Popcorn&viewAll=department&page=,£1.50,£3.75/100g,,,/groceries/en-GB/products/293332049,https://digitalcontent.api.tesco.com/v2/media/ghs/54064c30-78af-4874-b77c-075aa1a32a95/6bf5bdea-67c4-45cc-a212-90d20527452c_729875839.jpeg?h=225&w=225,
293332683,Graze Sea Salt & Pepper Veggie Protein Power 128G,https://www.tesco.com/groceries/en-GB/shop/food-cupboard/all?department=Crisps%2C%20Snacks%2C%20Nuts%20%26%20Popcorn&viewAll=department&page=,£2.50,£1.96/100g,,,/groceries/en-GB/products/293332683,https://digitalcontent.api.tesco.com/v2/media/ghs/8e77d1c9-5941-47f1-bbd3-9c861b8c7c0f/76bda9ff-738f-412f-a999-d6232ec56a50_863829696.jpeg?h=225&w=225,
297385285,Tesco Sea Salt & Black Pepper Cashew Nuts 150G,https://www.tesco.com/groceries/en-GB/shop/food-cupboard/all?department=Crisps%2C%20Snacks%2C%20Nuts%20%26%20Popcorn&viewAll=department&page=,£2.00,£13.34/kg,,,/groceries/en-GB/products/297385285,https://digitalcontent.api.tesco.com/v2/media/ghs/0582ce78-0d38-4b5b-8025-4424e3991355/0f5ae37b-3ae3-4f74-9128-bbbd8876d764_111827718.jpeg?h=225&w=225,
301087183,Love Corn Sea Salt 115G,https://www.tesco.com/groceries/en-GB/shop/food-cupboard/all?department=Crisps%2C%20Snacks%2C%20Nuts%20%26%20Popcorn&viewAll=department&page=,£2.00,£1.74/100g,,,/groceries/en-GB/products/301087183,https://digitalcontent.api.tesco.com/v2/media/ghs/1489d16b-26b8-4359-9eaf-d0d0c4712e65/f2db3b87-ca0c-44c4-8de3-849a5361d32b_1719605977.jpeg?h=225&w=225,
312226826,Pringles Multigrain Less Salt Roast Chicken Rosemary 166G,https://www.tesco.com/groceries/en-GB/shop/food-cupboard/all?department=Crisps%2C%20Snacks%2C%20Nuts%20%26%20Popcorn&viewAll=department&page=,£2.00,£1.21/100g,,,/groceries/en-GB/products/312226826,https://digitalcontent.api.tesco.com/v2/media/ghs/1252cdba-b59e-4b56-ad46-406066b3c795/9d6e27d3-ead1-46d4-bb12-6fdd3888060c_1811921036.jpeg?h=225&w=225,
308117339,Pringles Sizzl'n Kickin Sour Cream Crisps 180G,https://www.tesco.com/groceries/en-GB/shop/food-cupboard/all?department=Crisps%2C%20Snacks%2C%20Nuts%20%26%20Popcorn&viewAll=department&page=,£2.10,£1.17/100g,,,/groceries/en-GB/products/308117339,https://digitalcontent.api.tesco.com/v2/media/ghs/b346e12d-258c-4057-b2e6-0e81d6fd7cdc/58d8304b-cf3f-496b-bc78-4c1682b50998_1585969588.jpeg?h=225&w=225,
308097724,Popworks Protein Sweet Bbq Popped Crisps 85G,https://www.tesco.com/groceries/en-GB/shop/food-cupboard/all?department=Crisps%2C%20Snacks%2C%20Nuts%20%26%20Popcorn&viewAll=department&page=,£1.90,£2.24/100g,£1.25 Clubcard Price,,/groceries/en-GB/products/308097724,https://digitalcontent.api.tesco.com/v2/media/ghs/ee6cf03c-ad4e-46ec-b07d-a4cdcdf8936e/4f24595a-6982-4afb-8ea4-3bd5b91166b1_246222823.jpeg?h=225&w=225,
256335966,Tesco Unsalted Roasted Monkey Nuts 300G,https://www.tesco.com/groceries/en-GB/shop/food-cupboard/all?department=Crisps%2C%20Snacks%2C%20Nuts%20%26%20Popcorn&viewAll=department&page=,£1.30,£4.34/kg,,,/groceries/en-GB/products/256335966,https://digitalcontent.api.tesco.com/v2/media/ghs/0a3384a4-e905-4b83-bb46-bd96a2fc98c9/9d31ec94-c9bb-45c2-b139-0cdb69b29c7f_782651147.jpeg?h=225&w=225,
312363179,Doritos Loaded Pepperoni Pizza Tortilla Chips 180G,https://www.tesco.com/groceries/en-GB/shop/food-cupboard/all?department=Crisps%2C%20Snacks%2C%20Nuts%20%26%20Popcorn&viewAll=department&page=,£1.99,£1.11/100g,£1.50 Clubcard Price,,/groceries/en-GB/products/312363179,https://digitalcontent.api.tesco.com/v2/media/ghs/8bf3218b-2cd7-4773-b776-384baa6ba3ac/6e48f107-019d-4b39-b7d2-2ac6a22d8c86_622946780.jpeg?h=225&w=225,
312575493,Popworks Sweet & Salty Popped Crisps 5X17g,https://www.tesco.com/groceries/en-GB/shop/food-cupboard/all?department=Crisps%2C%20Snacks%2C%20Nuts%20%26%20Popcorn&viewAll=department&page=,£1.85,£2.18/100g,,,/groceries/en-GB/products/312575493,https://digitalcontent.api.tesco.com/v2/media/ghs/cee5d015-cad8-483f-ba12-d2a59c6f0841/a2111410-1a0b-41dc-a24c-721171bfada0_1517261710.jpeg?h=225&w=225,
260827874,Organix Carrot Stix Multi Pack 4X15g,https://www.tesco.com/groceries/en-GB/shop/food-cupboard/all?department=Crisps%2C%20Snacks%2C%20Nuts%20%26%20Popcorn&viewAll=department&page=,£2.00,£3.34/100g,£1.50 Clubcard Price,,/groceries/en-GB/products/260827874,https://digitalcontent.api.tesco.com/v2/media/ghs/74696371-b7b9-4255-a9a5-10ed6f1d3ae0/022770b9-da1a-4568-84cb-3731548a13be_983563806.jpeg?h=225&w=225,
311436084,Tyrrells Lentil Crisps Sweet Chilli & Red Pepper 80G,https://www.tesco.com/groceries/en-GB/shop/food-cupboard/all?department=Crisps%2C%20Snacks%2C%20Nuts%20%26%20Popcorn&viewAll=department&page=,£2.00,£2.50/100g,£1.25 Clubcard Price,,/groceries/en-GB/products/311436084,https://digitalcontent.api.tesco.com/v2/media/ghs/c1428665-e620-40a0-90a3-53e29ce43b6d/97b7c191-8ef9-41cf-badb-bc7df77eec3a_1342308298.jpeg?h=225&w=225,
312235245,Doritos Triple Cheese Pizza Tortilla Chips 180G,https://www.tesco.com/groceries/en-GB/shop/food-cupboard/all?department=Crisps%2C%20Snacks%2C%20Nuts%20%26%20Popcorn&viewAll=department&page=,£1.99,£1.11/100g,£1.50 Clubcard Price,,/groceries/en-GB/products/312235245,https://digitalcontent.api.tesco.com/v2/media/ghs/61dcc095-8924-457c-be61-7c2d65250e37/9cfdc0b5-80b3-4a04-a34d-399de86bcf15_182434716.jpeg?h=225&w=225,
302037218,Propercorn Salted Microwave Popcorn 3X70g,https://www.tesco.com/groceries/en-GB/shop/food-cupboard/all?department=Crisps%2C%20Snacks%2C%20Nuts%20%26%20Popcorn&viewAll=department&page=,£2.25,£1.08/100g,£1.50 Clubcard Price,,/groceries/en-GB/products/302037218,https://digitalcontent.api.tesco.com/v2/media/ghs/f57ecc22-d4da-423a-b45e-e5cbe589b93b/0cf15eb7-4cbf-4966-b5c6-4a7fd977e992_946842111.jpeg?h=225&w=225,
311430793,Walkers Wotsits Giants Prawn Cocktail Snacks 105G,https://www.tesco.com/groceries/en-GB/shop/food-cupboard/all?department=Crisps%2C%20Snacks%2C%20Nuts%20%26%20Popcorn&viewAll=department&page=,£1.99,£1.90/100g,£1.50 Clubcard Price,,/groceries/en-GB/products/311430793,https://digitalcontent.api.tesco.com/v2/media/ghs/8850f7c6-c5f0-4bcc-96ad-eae0cbd4162a/b5ae95d6-c82f-42e9-871b-f10e69aa495b_746248203.jpeg?h=225&w=225,
306652664,Kettle Sea Salt & Balsamic Vinegar Potato Chips 130G,https://www.tesco.com/groceries/en-GB/shop/food-cupboard/all?department=Crisps%2C%20Snacks%2C%20Nuts%20%26%20Popcorn&viewAll=department&page=,£2.00,£15.39/kg,£1.50 Clubcard Price,,/groceries/en-GB/products/306652664,https://digitalcontent.api.tesco.com/v2/media/ghs/2bd65193-0786-4eaf-b4a4-611855f84694/cf19670f-49aa-489f-bb38-020195e78331_1276339285.jpeg?h=225&w=225,
271646161,Organix Noughts & Crosses 4X15g,https://www.tesco.com/groceries/en-GB/shop/food-cupboard/all?department=Crisps%2C%20Snacks%2C%20Nuts%20%26%20Popcorn&viewAll=department&page=,£2.00,£3.34/100g,£1.50 Clubcard Price,,/groceries/en-GB/products/271646161,https://digitalcontent.api.tesco.com/v2/media/ghs/b40b81b6-d80d-4e8b-8261-686ed25bbe37/2cf218eb-d7f8-4c9d-a2b2-4eb5f780aa29_1776015755.jpeg?h=225&w=225,
259153934,Walkers Baked Ready Salted 37.5G,https://www.tesco.com/groceries/en-GB/shop/food-cupboard/all?department=Crisps%2C%20Snacks%2C%20Nuts%20%26%20Popcorn&viewAll=department&page=,£0.90,£2.40/100g,"£3.40 Meal Deal Clubcard Price £3.90 Meal Deal Regular Price - Selected Drink, Snack, Wrap, Sandwich, Roll, Pasty Or Salad",,/groceries/en-GB/products/259153934,https://digitalcontent.api.tesco.com/v2/media/ghs/8e1fceca-3566-4ddc-93d1-ec07b77d7b5b/faf0c2dd-1824-49d5-b848-cd4df95d5e29_693342168.jpeg?h=225&w=225,
307145376,Marmite Oven Baked Cashews 90G,https://www.tesco.com/groceries/en-GB/shop/food-cupboard/all?department=Crisps%2C%20Snacks%2C%20Nuts%20%26%20Popcorn&viewAll=department&page=,£2.00,£22.23/kg,£1.50 Clubcard Price,,/groceries/en-GB/products/307145376,https://digitalcontent.api.tesco.com/v2/media/ghs/b7ca14b3-d991-4b89-8d23-1618457a095e/334d9019-da3b-405c-83a6-798f55fb2f54_1586273686.jpeg?h=225&w=225,
250163971,Tesco Bombay Mix 200G,https://www.tesco.com/groceries/en-GB/shop/food-cupboard/all?department=Crisps%2C%20Snacks%2C%20Nuts%20%26%20Popcorn&viewAll=department&page=,£0.95,£4.75/kg,,,/groceries/en-GB/products/250163971,https://digitalcontent.api.tesco.com/v2/media/ghs/480f508b-89ef-461b-9175-9ecff9bbb417/24be9fbd-e34c-4522-a7cf-f96686c65c0f_501436495.jpeg?h=225&w=225,
311271859,Mccoy's Flame Grilled Steak Grab Bag 45G,https://www.tesco.com/groceries/en-GB/shop/food-cupboard/all?department=Crisps%2C%20Snacks%2C%20Nuts%20%26%20Popcorn&viewAll=department&page=,£0.90,£2.00/100g,"£3.40 Meal Deal Clubcard Price £3.90 Meal Deal Regular Price - Selected Drink, Snack, Wrap, Sandwich, Roll, Pasty Or Salad",,/groceries/en-GB/products/311271859,https://digitalcontent.api.tesco.com/v2/media/ghs/76ece3d0-620f-4091-ab2c-b714128c8e68/0bfdf7d2-56c3-4e27-885b-f2de06615551_1465589084.jpeg?h=225&w=225,
266460168,Pringles Pop & Go Original 40G,https://www.tesco.com/groceries/en-GB/shop/food-cupboard/all?department=Crisps%2C%20Snacks%2C%20Nuts%20%26%20Popcorn&viewAll=department&page=,£0.90,£2.25/100g,"£3.40 Meal Deal Clubcard Price £3.90 Meal Deal Regular Price - Selected Drink, Snack, Wrap, Sandwich, Roll, Pasty Or Salad",,/groceries/en-GB/products/266460168,https://digitalcontent.api.tesco.com/v2/media/ghs/56ab88d0-6c13-4d71-8808-9aa4a1ad6733/7afa18e4-827a-41a8-9ec2-f027e7179f71_550407324.jpeg?h=225&w=225,
310657958,Hula Hoops Flavarings Big'n'beefy 90G,https://www.tesco.com/groceries/en-GB/shop/food-cupboard/all?department=Crisps%2C%20Snacks%2C%20Nuts%20%26%20Popcorn&viewAll=department&page=,£1.00,£1.12/100g,,,/groceries/en-GB/products/310657958,https://digitalcontent.api.tesco.com/v2/media/ghs/770e96a2-ae4b-4133-b6ac-229b0e356c84/e4984cc5-9205-40ed-8f4f-d5f43517c39d_143559897.jpeg?h=225&w=225,
308467863,Walkers Cheese & Onion Crisps 45G,https://www.tesco.com/groceries/en-GB/shop/food-cupboard/all?department=Crisps%2C%20Snacks%2C%20Nuts%20%26%20Popcorn&viewAll=department&page=,£0.90,£2.00/100g,"£3.40 Meal Deal Clubcard Price £3.90 Meal Deal Regular Price - Selected Drink, Snack, Wrap, Sandwich, Roll, Pasty Or Salad",,/groceries/en-GB/products/308467863,https://digitalcontent.api.tesco.com/v2/media/ghs/7e7ecc3d-0e84-455b-ae9a-c80d9e9f223b/c9fac650-e01f-4f1b-abb3-e3d8d42e1d53_1753424272.jpeg?h=225&w=225,
308095559,Walkers Ready Salted Crisps 45G,https://www.tesco.com/groceries/en-GB/shop/food-cupboard/all?department=Crisps%2C%20Snacks%2C%20Nuts%20%26%20Popcorn&viewAll=department&page=,£0.90,£2.00/100g,"£3.40 Meal Deal Clubcard Price £3.90 Meal Deal Regular Price - Selected Drink, Snack, Wrap, Sandwich, Roll, Pasty Or Salad",,/groceries/en-GB/products/308095559,https://digitalcontent.api.tesco.com/v2/media/ghs/ec9156fe-8b53-42de-a075-b05004ff516e/db30f48d-ab8d-43ca-a234-aa1aeddff4dd_1586809819.jpeg?h=225&w=225,
294350106,Quavers Cheese Grab Bag 34G,https://www.tesco.com/groceries/en-GB/shop/food-cupboard/all?department=Crisps%2C%20Snacks%2C%20Nuts%20%26%20Popcorn&viewAll=department&page=,£0.90,£2.65/100g,"£3.40 Meal Deal Clubcard Price £3.90 Meal Deal Regular Price - Selected Drink, Snack, Wrap, Sandwich, Roll, Pasty Or Salad",,/groceries/en-GB/products/294350106,https://digitalcontent.api.tesco.com/v2/media/ghs/9430ca3f-fd95-4e72-8b81-590c278d0e0b/99474659-fbce-4fed-a832-861baa1761f1_1601383002.jpeg?h=225&w=225,
311428027,Discos Salt & Vinegar Grab Bag Crisps 50G,https://www.tesco.com/groceries/en-GB/shop/food-cupboard/all?department=Crisps%2C%20Snacks%2C%20Nuts%20%26%20Popcorn&viewAll=department&page=,£0.90,£1.80/100g,"£3.40 Meal Deal Clubcard Price £3.90 Meal Deal Regular Price - Selected Drink, Snack, Wrap, Sandwich, Roll, Pasty Or Salad",,/groceries/en-GB/products/311428027,https://digitalcontent.api.tesco.com/v2/media/ghs/83387445-21c9-4a35-aa80-e8bd582165e8/55578ad3-c29a-4cf4-9198-4b989e14f2be_1311958322.jpeg?h=225&w=225,
308455848,Walkers Prawn Cocktail Crisps 45G,https://www.tesco.com/groceries/en-GB/shop/food-cupboard/all?department=Crisps%2C%20Snacks%2C%20Nuts%20%26%20Popcorn&viewAll=department&page=,£0.90,£2.00/100g,"£3.40 Meal Deal Clubcard Price £3.90 Meal Deal Regular Price - Selected Drink, Snack, Wrap, Sandwich, Roll, Pasty Or Salad",,/groceries/en-GB/products/308455848,https://digitalcontent.api.tesco.com/v2/media/ghs/bab6d93e-8151-4cdf-98ae-fcce5e97abe9/b2cb597d-7dd3-4b28-982d-c2acebf5e2e8_2058528139.jpeg?h=225&w=225,
265445131,Pringles Sour Cream & Onion 40G,https://www.tesco.com/groceries/en-GB/shop/food-cupboard/all?department=Crisps%2C%20Snacks%2C%20Nuts%20%26%20Popcorn&viewAll=department&page=,£0.90,£2.25/100g,"£3.40 Meal Deal Clubcard Price £3.90 Meal Deal Regular Price - Selected Drink, Snack, Wrap, Sandwich, Roll, Pasty Or Salad",,/groceries/en-GB/products/265445131,https://digitalcontent.api.tesco.com/v2/media/ghs/2f9c52fc-35e0-4559-9e25-439b2d16fbbb/2f877886-0d3f-43a4-9ea7-85de81cfeae3_1515839351.jpeg?h=225&w=225,
294350141,Squares Salt & Vinegar 40G,https://www.tesco.com/groceries/en-GB/shop/food-cupboard/all?department=Crisps%2C%20Snacks%2C%20Nuts%20%26%20Popcorn&viewAll=department&page=,£0.90,£2.25/100g,"£3.40 Meal Deal Clubcard Price £3.90 Meal Deal Regular Price - Selected Drink, Snack, Wrap, Sandwich, Roll, Pasty Or Salad",,/groceries/en-GB/products/294350141,https://digitalcontent.api.tesco.com/v2/media/ghs/d64575be-c195-4953-88a0-247ded796826/9ab17c72-16dd-4971-8d02-d82c1680206d_2057015746.jpeg?h=225&w=225,
297878324,Tesco Salt & Vinegar Twirls 225G,https://www.tesco.com/groceries/en-GB/shop/food-cupboard/all?department=Crisps%2C%20Snacks%2C%20Nuts%20%26%20Popcorn&viewAll=department&page=,£1.65,£0.73/100g,£1.35 Clubcard Price,,/groceries/en-GB/products/297878324,https://digitalcontent.api.tesco.com/v2/media/ghs/fcc8f27d-d994-4618-a605-e877c53840b1/6767faa7-c918-4d44-aa4d-c40e1aec609e_739446344.jpeg?h=225&w=225,
307156766,Graze Crunch Snacks Salt & Vinegar 104G,https://www.tesco.com/groceries/en-GB/shop/food-cupboard/all?department=Crisps%2C%20Snacks%2C%20Nuts%20%26%20Popcorn&viewAll=department&page=,£2.50,£2.41/100g,,,/groceries/en-GB/products/307156766,https://digitalcontent.api.tesco.com/v2/media/ghs/7df9b3e3-bf59-4bd9-8e35-aec5d0b92b68/7483b0ad-b833-4afc-af93-b24287107130_1166256664.jpeg?h=225&w=225,
310165889,Kp Flavoured Kravers Flamegrilled Steak Peanuts 140G,https://www.tesco.com/groceries/en-GB/shop/food-cupboard/all?department=Crisps%2C%20Snacks%2C%20Nuts%20%26%20Popcorn&viewAll=department&page=,£2.50,£1.79/100g,,,/groceries/en-GB/products/310165889,https://digitalcontent.api.tesco.com/v2/media/ghs/fa5851a1-392c-4f77-bc1a-a3d9a1633182/f1829b1a-fa36-4dbc-ac01-8ac9e0d01be8_896360610.jpeg?h=225&w=225,
310098104,Kp Snack Packs Dry Roasted Peanuts 5 X 30G,https://www.tesco.com/groceries/en-GB/shop/food-cupboard/all?department=Crisps%2C%20Snacks%2C%20Nuts%20%26%20Popcorn&viewAll=department&page=,£3.00,£2.00/100g,£2.00 Clubcard Price,,/groceries/en-GB/products/310098104,https://digitalcontent.api.tesco.com/v2/media/ghs/412655c7-17af-4ed3-844d-d5e9aa64ecf0/7cca4d20-063c-4cbf-9ff7-08d1520ec3ed_234924526.jpeg?h=225&w=225,
310129639,Kp Salted Peanuts Snack Packs 5 X 30G,https://www.tesco.com/groceries/en-GB/shop/food-cupboard/all?department=Crisps%2C%20Snacks%2C%20Nuts%20%26%20Popcorn&viewAll=department&page=,£3.00,£2.00/100g,£2.00 Clubcard Price,,/groceries/en-GB/products/310129639,https://digitalcontent.api.tesco.com/v2/media/ghs/7f61f661-e266-404e-9ebd-c46ddd389ce1/b58742c2-0947-4816-acd1-eee884ed70d4_1295495449.jpeg?h=225&w=225,
297385515,Kp Honey Roast Peanuts 225G,https://www.tesco.com/groceries/en-GB/shop/food-cupboard/all?department=Crisps%2C%20Snacks%2C%20Nuts%20%26%20Popcorn&viewAll=department&page=,£2.65,£11.78/kg,£2.00 Clubcard Price,,/groceries/en-GB/products/297385515,https://digitalcontent.api.tesco.com/v2/media/ghs/343c2493-f81a-493d-937a-6c97f3cf7376/8b5ed316-f07e-4e99-a026-acbefeded5e3_1252390510.jpeg?h=225&w=225,
301518792,Itsu Seaweed Sweet Soy Multipack 3X5g,https://www.tesco.com/groceries/en-GB/shop/food-cupboard/all?department=Crisps%2C%20Snacks%2C%20Nuts%20%26%20Popcorn&viewAll=department&page=,£2.00,£13.34/100g,£1.50 Clubcard Price,,/groceries/en-GB/products/301518792,https://digitalcontent.api.tesco.com/v2/media/ghs/0dd57958-17cd-4988-bc5a-eb6a44e77c36/e016d468-2672-423f-8a37-b88e8af67ed6_1158873663.jpeg?h=225&w=225,
278170199,Propercorn Lightly Sea Salted 70G,https://www.tesco.com/groceries/en-GB/shop/food-cupboard/all?department=Crisps%2C%20Snacks%2C%20Nuts%20%26%20Popcorn&viewAll=department&page=,£1.60,£2.29/100g,,,/groceries/en-GB/products/278170199,https://digitalcontent.api.tesco.com/v2/media/ghs/b86b2766-7573-462b-ae83-47968226e1b1/3253724b-79bf-4909-b9f5-a5303b6e5a82_316847301.jpeg?h=225&w=225,
307361223,Peperami Tender Jerky Original 50G,https://www.tesco.com/groceries/en-GB/shop/food-cupboard/all?department=Crisps%2C%20Snacks%2C%20Nuts%20%26%20Popcorn&viewAll=department&page=,£2.00,£4.00/100g,,,/groceries/en-GB/products/307361223,https://digitalcontent.api.tesco.com/v2/media/ghs/f3006297-5061-4fd8-8dc9-680cca637f11/1c65db5f-2dde-4fb1-85df-34e88d37d35c_1349618091.jpeg?h=225&w=225,
307365795,Proper Corn Salted Caramel Popcorn 90G,https://www.tesco.com/groceries/en-GB/shop/food-cupboard/all?department=Crisps%2C%20Snacks%2C%20Nuts%20%26%20Popcorn&viewAll=department&page=,£1.60,£1.78/100g,,,/groceries/en-GB/products/307365795,https://digitalcontent.api.tesco.com/v2/media/ghs/752b20e9-b4df-46ea-b8d1-00d3b27c575a/c8c7c4d8-9628-4a3e-907d-20b23f34ae56_382820151.jpeg?h=225&w=225,
310661434,Kp Nut-Tastic Roasted & Pinch Of Salt Nut Mix 100G,https://www.tesco.com/groceries/en-GB/shop/food-cupboard/all?department=Crisps%2C%20Snacks%2C%20Nuts%20%26%20Popcorn&viewAll=department&page=,£3.00,£3.00/100g,£2.00 Clubcard Price,,/groceries/en-GB/products/310661434,https://digitalcontent.api.tesco.com/v2/media/ghs/c3bf0ac0-eb9f-497f-9226-d030e0654e31/07f9eac5-b61c-4b02-827c-4941cfa683f2_320729704.jpeg?h=225&w=225,
301087160,Love Corn Smoked Bbq 115G,https://www.tesco.com/groceries/en-GB/shop/food-cupboard/all?department=Crisps%2C%20Snacks%2C%20Nuts%20%26%20Popcorn&viewAll=department&page=,£2.00,£1.74/100g,,,/groceries/en-GB/products/301087160,https://digitalcontent.api.tesco.com/v2/media/ghs/bde7aaa1-3d9e-46b0-9d39-b6369f11baf3/c6ebcf7c-8320-4956-855f-17e56705ab5d_340673296.jpeg?h=225&w=225,
311278086,Tyrrells Lentil Crisps Sour Cream & Onion 80G,https://www.tesco.com/groceries/en-GB/shop/food-cupboard/all?department=Crisps%2C%20Snacks%2C%20Nuts%20%26%20Popcorn&viewAll=department&page=,£2.00,£2.50/100g,£1.25 Clubcard Price,,/groceries/en-GB/products/311278086,https://digitalcontent.api.tesco.com/v2/media/ghs/57623d9a-6621-4145-966d-85c1794d6493/0badd436-410d-4788-9716-4149166a6c68_956793507.jpeg?h=225&w=225,
312702977,Pringles Multigrain Less Salt Bbq Sauce 166G,https://www.tesco.com/groceries/en-GB/shop/food-cupboard/all?department=Crisps%2C%20Snacks%2C%20Nuts%20%26%20Popcorn&viewAll=department&page=,£2.00,£1.21/100g,,,/groceries/en-GB/products/312702977,https://digitalcontent.api.tesco.com/v2/media/ghs/4fd745fe-83ca-4785-9e94-b0e06ca2fd2a/97616731-8118-4570-9e2b-11db6a7b3aff_940587782.jpeg?h=225&w=225,
308106698,Jacob's Mini Cheddars Sticks Cheddar 150G,https://www.tesco.com/groceries/en-GB/shop/food-cupboard/all?department=Crisps%2C%20Snacks%2C%20Nuts%20%26%20Popcorn&viewAll=department&page=,£1.50,£1.00/100g,£1.25 Clubcard Price,,/groceries/en-GB/products/308106698,https://digitalcontent.api.tesco.com/v2/media/ghs/0c35837e-760d-4990-902b-fbe0014e8e5f/7ea4c090-f380-4544-9dfb-817eca9ed998_563297074.jpeg?h=225&w=225,
312085894,Popworks Sweet & Salty Popped Crisps 85G,https://www.tesco.com/groceries/en-GB/shop/food-cupboard/all?department=Crisps%2C%20Snacks%2C%20Nuts%20%26%20Popcorn&viewAll=department&page=,£1.90,£2.24/100g,£1.25 Clubcard Price,,/groceries/en-GB/products/312085894,https://digitalcontent.api.tesco.com/v2/media/ghs/60f72794-7163-4530-a1f4-4956ed8894f2/34fb3e93-49f2-450e-92fe-acb28aa20fe1_1009398471.jpeg?h=225&w=225,
312083723,Walkers Max Strong Hot Sauce Blaze Crisps 6X27g,https://www.tesco.com/groceries/en-GB/shop/food-cupboard/all?department=Crisps%2C%20Snacks%2C%20Nuts%20%26%20Popcorn&viewAll=department&page=,£1.75,£1.09/100g,£1.50 Clubcard Price,,/groceries/en-GB/products/312083723,https://digitalcontent.api.tesco.com/v2/media/ghs/cf5eda95-4578-4a65-9a10-330b9d75b88a/58598625-82db-452e-a693-6e0d18e42d44_1002388193.jpeg?h=225&w=225,
311218423,Walkers Max Crispy Chicken Crisps 140G,https://www.tesco.com/groceries/en-GB/shop/food-cupboard/all?department=Crisps%2C%20Snacks%2C%20Nuts%20%26%20Popcorn&viewAll=department&page=,£1.99,£1.43/100g,£1.50 Clubcard Price,,/groceries/en-GB/products/311218423,https://digitalcontent.api.tesco.com/v2/media/ghs/b2b980a0-7a80-40f7-9727-d89e94818db2/d4e33932-85ff-4523-b19f-258c9082621c_1693662719.jpeg?h=225&w=225,
311935927,Walkers Max Fiery Prawn Cocktail Crisps 6X27g,https://www.tesco.com/groceries/en-GB/shop/food-cupboard/all?department=Crisps%2C%20Snacks%2C%20Nuts%20%26%20Popcorn&viewAll=department&page=,£1.75,£1.09/100g,£1.50 Clubcard Price,,/groceries/en-GB/products/311935927,https://digitalcontent.api.tesco.com/v2/media/ghs/2ab5b011-032e-462d-9306-4b31ee2441c6/cf279218-d9c8-4e12-8bce-dd9c6b1b833a_1538354335.jpeg?h=225&w=225,
302281106,Proper Chips Sea Salt Lentil Chips 20G,https://www.tesco.com/groceries/en-GB/shop/food-cupboard/all?department=Crisps%2C%20Snacks%2C%20Nuts%20%26%20Popcorn&viewAll=department&page=,£0.90,£4.50/100g,"£3.40 Meal Deal Clubcard Price £3.90 Meal Deal Regular Price - Selected Drink, Snack, Wrap, Sandwich, Roll, Pasty Or Salad",,/groceries/en-GB/products/302281106,https://digitalcontent.api.tesco.com/v2/media/ghs/d22d6b4b-fa50-4a12-b890-0a14f9a31fba/1cc21a20-f52e-4743-8ccd-f725c65751fd_2094767162.jpeg?h=225&w=225,
309758863,Tesco Wasabi Peas 100G,https://www.tesco.com/groceries/en-GB/shop/food-cupboard/all?department=Crisps%2C%20Snacks%2C%20Nuts%20%26%20Popcorn&viewAll=department&page=,£1.00,£10.00/kg,,,/groceries/en-GB/products/309758863,https://digitalcontent.api.tesco.com/v2/media/ghs/5eda17aa-2e47-4cfa-bbd6-8f8f275f3b74/a8ecef84-4516-4642-9bbe-d9d58db7f1ac_128549451.jpeg?h=225&w=225,
279834507,Itsu Seaweed Thins Sea Salt 5G,https://www.tesco.com/groceries/en-GB/shop/food-cupboard/all?department=Crisps%2C%20Snacks%2C%20Nuts%20%26%20Popcorn&viewAll=department&page=,£1.00,£20.00/100g,"£3.40 Meal Deal Clubcard Price £3.90 Meal Deal Regular Price - Selected Drink, Snack, Wrap, Sandwich, Roll, Pasty Or Salad",,/groceries/en-GB/products/279834507,https://digitalcontent.api.tesco.com/v2/media/ghs/3f19544d-082a-4415-a9b6-22d2e8fab7e9/a1224a05-36df-48d3-965e-1dd2fa7d33cf_1138055903.jpeg?h=225&w=225,
273999804,Tayto Cheese & Onion Potato Crisps 6 X 25G,https://www.tesco.com/groceries/en-GB/shop/food-cupboard/all?department=Crisps%2C%20Snacks%2C%20Nuts%20%26%20Popcorn&viewAll=department&page=,£1.85,£1.24/100g,,,/groceries/en-GB/products/273999804,https://digitalcontent.api.tesco.com/v2/media/ghs/4f18ba0c-686c-4616-ae91-7685aeaf28af/e4d3e672-8d86-4187-a72d-7696b169cc11_1703862077.jpeg?h=225&w=225,
308476817,Doritos Cool Original Corn Chips 48G,https://www.tesco.com/groceries/en-GB/shop/food-cupboard/all?department=Crisps%2C%20Snacks%2C%20Nuts%20%26%20Popcorn&viewAll=department&page=,£0.90,£1.88/100g,"£3.40 Meal Deal Clubcard Price £3.90 Meal Deal Regular Price - Selected Drink, Snack, Wrap, Sandwich, Roll, Pasty Or Salad",,/groceries/en-GB/products/308476817,https://digitalcontent.api.tesco.com/v2/media/ghs/4a99c736-ed68-4c7d-be0a-1b7f18567f92/b55dfbbe-80ca-4a3a-8cb0-3ba5a0e759ee_1667355509.jpeg?h=225&w=225,
259154000,Walkers Baked Cheese & Onion 37.5G,https://www.tesco.com/groceries/en-GB/shop/food-cupboard/all?department=Crisps%2C%20Snacks%2C%20Nuts%20%26%20Popcorn&viewAll=department&page=,£0.90,£2.40/100g,"£3.40 Meal Deal Clubcard Price £3.90 Meal Deal Regular Price - Selected Drink, Snack, Wrap, Sandwich, Roll, Pasty Or Salad",,/groceries/en-GB/products/259154000,https://digitalcontent.api.tesco.com/v2/media/ghs/c75d98b3-730a-4be9-9caf-be630f976aaf/642cd1eb-ddde-457b-88ee-9d867e1fbad2_1658716479.jpeg?h=225&w=225,
310683097,Pringles Sizzl'n Spicy Chorizo Crisps 180G,https://www.tesco.com/groceries/en-GB/shop/food-cupboard/all?department=Crisps%2C%20Snacks%2C%20Nuts%20%26%20Popcorn&viewAll=department&page=,£2.10,£1.17/100g,,,/groceries/en-GB/products/310683097,https://digitalcontent.api.tesco.com/v2/media/ghs/dc35a465-c7e0-4d0f-b40a-6555e07a7894/2e3163a4-5e81-4621-829f-f0fb368e8a31_1104307173.jpeg?h=225&w=225,
311258375,Mccoy's Cheddar & Onion Grab Bag Crisps 45G,https://www.tesco.com/groceries/en-GB/shop/food-cupboard/all?department=Crisps%2C%20Snacks%2C%20Nuts%20%26%20Popcorn&viewAll=department&page=,£0.90,£2.00/100g,"£3.40 Meal Deal Clubcard Price £3.90 Meal Deal Regular Price - Selected Drink, Snack, Wrap, Sandwich, Roll, Pasty Or Salad",,/groceries/en-GB/products/311258375,https://digitalcontent.api.tesco.com/v2/media/ghs/daeb3543-9b77-4739-93ec-35f60b6a5a93/f45def24-8922-41b2-a88c-e637172a03ed_854121708.jpeg?h=225&w=225,
311252600,Mccoy's Thai Sweet Chicken Grab Bag Crisps 45G,https://www.tesco.com/groceries/en-GB/shop/food-cupboard/all?department=Crisps%2C%20Snacks%2C%20Nuts%20%26%20Popcorn&viewAll=department&page=,£0.90,£2.00/100g,"£3.40 Meal Deal Clubcard Price £3.90 Meal Deal Regular Price - Selected Drink, Snack, Wrap, Sandwich, Roll, Pasty Or Salad",,/groceries/en-GB/products/311252600,https://digitalcontent.api.tesco.com/v2/media/ghs/67e6c590-6a1e-4dcb-ac27-c3ed7fea4fff/5538b388-a8d7-4334-a1b8-cf46350cc578_502198339.jpeg?h=225&w=225,
311263224,Mccoy's Salt & Vinegar Grab Bag Crisps 45G,https://www.tesco.com/groceries/en-GB/shop/food-cupboard/all?department=Crisps%2C%20Snacks%2C%20Nuts%20%26%20Popcorn&viewAll=department&page=,£0.90,£2.00/100g,"£3.40 Meal Deal Clubcard Price £3.90 Meal Deal Regular Price - Selected Drink, Snack, Wrap, Sandwich, Roll, Pasty Or Salad",,/groceries/en-GB/products/311263224,https://digitalcontent.api.tesco.com/v2/media/ghs/dd1e5a1e-d61c-4856-9f93-e871ae526fd8/c2b525c4-3be9-4ede-b2a9-cf165c0b7e36_193256969.jpeg?h=225&w=225,
311441267,Hula Hoops Big Hoops Salted Grab Bag 45G,https://www.tesco.com/groceries/en-GB/shop/food-cupboard/all?department=Crisps%2C%20Snacks%2C%20Nuts%20%26%20Popcorn&viewAll=department&page=,£0.90,£2.00/100g,"£3.40 Meal Deal Clubcard Price £3.90 Meal Deal Regular Price - Selected Drink, Snack, Wrap, Sandwich, Roll, Pasty Or Salad",,/groceries/en-GB/products/311441267,https://digitalcontent.api.tesco.com/v2/media/ghs/0840111e-5525-4b7f-a838-6ca2b9b71d42/24026ed7-fc01-42b5-84ac-46c9ab9b6a29_1715624155.jpeg?h=225&w=225,
308495685,Walkers Salt & Vinegar Crisps 45G,https://www.tesco.com/groceries/en-GB/shop/food-cupboard/all?department=Crisps%2C%20Snacks%2C%20Nuts%20%26%20Popcorn&viewAll=department&page=,£0.90,£2.00/100g,"£3.40 Meal Deal Clubcard Price £3.90 Meal Deal Regular Price - Selected Drink, Snack, Wrap, Sandwich, Roll, Pasty Or Salad",,/groceries/en-GB/products/308495685,https://digitalcontent.api.tesco.com/v2/media/ghs/671e132f-aabf-44bb-be17-4e7700a2fc13/11c262ab-d7c0-4c86-bcfe-c6e94edfdaa2_221932028.jpeg?h=225&w=225,
311442168,Nik Naks Nice 'N' Spicy Grab Bag Crisps 45G,https://www.tesco.com/groceries/en-GB/shop/food-cupboard/all?department=Crisps%2C%20Snacks%2C%20Nuts%20%26%20Popcorn&viewAll=department&page=,£0.90,£2.00/100g,"£3.40 Meal Deal Clubcard Price £3.90 Meal Deal Regular Price - Selected Drink, Snack, Wrap, Sandwich, Roll, Pasty Or Salad",,/groceries/en-GB/products/311442168,https://digitalcontent.api.tesco.com/v2/media/ghs/336e936c-d453-44a0-a25f-a235dcfaf3e9/c78ca21b-8fb5-4d36-8fbd-3b13172ea827_1388306189.jpeg?h=225&w=225,
258755425,Kettle Sea Salt & Balsamic Vinegarcrisps40g,https://www.tesco.com/groceries/en-GB/shop/food-cupboard/all?department=Crisps%2C%20Snacks%2C%20Nuts%20%26%20Popcorn&viewAll=department&page=,£0.90,£2.25/100g,"£3.40 Meal Deal Clubcard Price £3.90 Meal Deal Regular Price - Selected Drink, Snack, Wrap, Sandwich, Roll, Pasty Or Salad",,/groceries/en-GB/products/258755425,https://digitalcontent.api.tesco.com/v2/media/ghs/af9498f3-0dec-475e-9256-64baa53a9de9/3a3fad56-5ba1-4bdd-b977-a7ab5d7cb4e1_704792089.jpeg?h=225&w=225,
264441586,Walkers Monster Munch Mega Pickled Onion Snack40g,https://www.tesco.com/groceries/en-GB/shop/food-cupboard/all?department=Crisps%2C%20Snacks%2C%20Nuts%20%26%20Popcorn&viewAll=department&page=,£0.90,£2.25/100g,"£3.40 Meal Deal Clubcard Price £3.90 Meal Deal Regular Price - Selected Drink, Snack, Wrap, Sandwich, Roll, Pasty Or Salad",,/groceries/en-GB/products/264441586,https://digitalcontent.api.tesco.com/v2/media/ghs/eaf8159e-b0d7-4354-a6ab-de75fe56960d/051f2d97-9286-4ade-91c1-9d243f19186c_1344401001.jpeg?h=225&w=225,
302300621,Graze Sweet Chilli Crunch Sharing Bag 104G,https://www.tesco.com/groceries/en-GB/shop/food-cupboard/all?department=Crisps%2C%20Snacks%2C%20Nuts%20%26%20Popcorn&viewAll=department&page=,£2.50,£24.04/kg,,,/groceries/en-GB/products/302300621,https://digitalcontent.api.tesco.com/v2/media/ghs/25726603-cc89-418f-b3dc-5c81f26b6d05/76178393-133e-4853-b4e4-408249f547b7_1463401083.jpeg?h=225&w=225,
310174890,Kp Flavoured Kravers Smokin' Paprika Peanuts 140G,https://www.tesco.com/groceries/en-GB/shop/food-cupboard/all?department=Crisps%2C%20Snacks%2C%20Nuts%20%26%20Popcorn&viewAll=department&page=,£2.50,£1.79/100g,,,/groceries/en-GB/products/310174890,https://digitalcontent.api.tesco.com/v2/media/ghs/fc2e77e4-ab2f-4a08-9f6f-afca75c9d2da/9891a1a6-6a7a-44ed-8337-8a0752868d06_1263129630.jpeg?h=225&w=225,
297814101,Kp Chilli Peanuts 225G,https://www.tesco.com/groceries/en-GB/shop/food-cupboard/all?department=Crisps%2C%20Snacks%2C%20Nuts%20%26%20Popcorn&viewAll=department&page=,£2.65,£11.78/kg,£2.00 Clubcard Price,,/groceries/en-GB/products/297814101,https://digitalcontent.api.tesco.com/v2/media/ghs/1aba21e3-283a-480e-b0b5-590599b41f49/4537277c-de93-42ff-a38b-6d50f95672a7_1674560723.jpeg?h=225&w=225,
311448628,Walkers Sensations Naan Chips Garlic & Herb 150G,https://www.tesco.com/groceries/en-GB/shop/food-cupboard/all?department=Crisps%2C%20Snacks%2C%20Nuts%20%26%20Popcorn&viewAll=department&page=,£1.99,£1.33/100g,£1.50 Clubcard Price,,/groceries/en-GB/products/311448628,https://digitalcontent.api.tesco.com/v2/media/ghs/2e462fe4-ac34-4af3-8cfd-7637e9a79f34/0d79f20e-d805-44ba-be36-484d3b282cf9_1882210164.jpeg?h=225&w=225,
310687732,Jacobs Mini Cheddar Nibblies Glctr & Chive Flavoured 6X17g,https://www.tesco.com/groceries/en-GB/shop/food-cupboard/all?department=Crisps%2C%20Snacks%2C%20Nuts%20%26%20Popcorn&viewAll=department&page=,£1.80,£1.77/100g,,,/groceries/en-GB/products/310687732,https://digitalcontent.api.tesco.com/v2/media/ghs/bd41a647-6e18-4aa2-90db-22dd0175d6ed/03c9ac80-1aa3-43f2-84c3-47072c084a8f_1571923311.jpeg?h=225&w=225,
312098660,Walkers Max Strong Hot Sauce Blaze Crisps 140G,https://www.tesco.com/groceries/en-GB/shop/food-cupboard/all?department=Crisps%2C%20Snacks%2C%20Nuts%20%26%20Popcorn&viewAll=department&page=,£1.99,£1.43/100g,£1.50 Clubcard Price,,/groceries/en-GB/products/312098660,https://digitalcontent.api.tesco.com/v2/media/ghs/ebb94a0b-284b-4c01-8f89-864f4591787b/4005b467-9fd2-4df6-a68d-6f8b9551cec0_547919346.jpeg?h=225&w=225,
310156710,Jacobs Mini Cheddar Nibblies Cheddar & Paprika 6X17g,https://www.tesco.com/groceries/en-GB/shop/food-cupboard/all?department=Crisps%2C%20Snacks%2C%20Nuts%20%26%20Popcorn&viewAll=department&page=,£1.80,£1.77/100g,,,/groceries/en-GB/products/310156710,https://digitalcontent.api.tesco.com/v2/media/ghs/0d9464de-d59b-4f95-bacb-5d4e7d52c9fe/f620e682-ecaa-4fd7-b29d-0bf58d041df1_781524091.jpeg?h=225&w=225,
310099253,Sephra Sweet Popcorn 165G,https://www.tesco.com/groceries/en-GB/shop/food-cupboard/all?department=Crisps%2C%20Snacks%2C%20Nuts%20%26%20Popcorn&viewAll=department&page=,£2.20,£1.34/100g,£1.95 Clubcard Price,,/groceries/en-GB/products/310099253,https://digitalcontent.api.tesco.com/v2/media/ghs/9958ed99-2aa1-4879-8914-ce80e0c7bf65/6e08b0c9-fe55-4eb8-bb39-66106475bdec_1833123970.jpeg?h=225&w=225,
309204972,Love Corn Cheese & Onion 115G,https://www.tesco.com/groceries/en-GB/shop/food-cupboard/all?department=Crisps%2C%20Snacks%2C%20Nuts%20%26%20Popcorn&viewAll=department&page=,£2.00,£1.74/100g,,,/groceries/en-GB/products/309204972,https://digitalcontent.api.tesco.com/v2/media/ghs/9a5833df-eb6d-46ed-891f-21672dc7d121/7048099c-8742-440a-97a6-fe9a08e61dc9_1340007653.jpeg?h=225&w=225,
308473792,Sephra Sweet & Salty Popcorn 170G,https://www.tesco.com/groceries/en-GB/shop/food-cupboard/all?department=Crisps%2C%20Snacks%2C%20Nuts%20%26%20Popcorn&viewAll=department&page=,£2.20,£1.30/100g,£1.95 Clubcard Price,,/groceries/en-GB/products/308473792,https://digitalcontent.api.tesco.com/v2/media/ghs/4eee3c25-0f72-4921-ac07-15a02ad1ff4b/b2b83f17-1675-4e8c-af89-6ddd7020f5a3_368917405.jpeg?h=225&w=225,
311796987,Graze Snack Pack Smokey Bbq 3X31g,https://www.tesco.com/groceries/en-GB/shop/food-cupboard/all?department=Crisps%2C%20Snacks%2C%20Nuts%20%26%20Popcorn&viewAll=department&page=,£2.00,£2.16/100g,,,/groceries/en-GB/products/311796987,https://digitalcontent.api.tesco.com/v2/media/ghs/b21bd34f-9b5c-45d0-9f1f-b0affda8d370/bcd22651-ccc3-466f-b7fa-9013ceff4a87_1394835931.jpeg?h=225&w=225,
311438479,Walkers Max Fiery Prawn Cocktail Crisps 140G,https://www.tesco.com/groceries/en-GB/shop/food-cupboard/all?department=Crisps%2C%20Snacks%2C%20Nuts%20%26%20Popcorn&viewAll=department&page=,£1.99,£1.43/100g,£1.50 Clubcard Price,,/groceries/en-GB/products/311438479,https://digitalcontent.api.tesco.com/v2/media/ghs/ed5e3017-88c8-453c-a821-c6386a023b31/bed5f07b-1b59-44d3-858f-63cda0fe203c_7367227.jpeg?h=225&w=225,
310119824,Jacobs Mini Cheddar Nibblies Gloucester & Chive 115G,https://www.tesco.com/groceries/en-GB/shop/food-cupboard/all?department=Crisps%2C%20Snacks%2C%20Nuts%20%26%20Popcorn&viewAll=department&page=,£2.00,£1.74/100g,£1.25 Clubcard Price,,/groceries/en-GB/products/310119824,https://digitalcontent.api.tesco.com/v2/media/ghs/0311760e-4181-472f-82f4-86d99dd53378/8056e5c8-72c4-47ee-876a-a4e10f03d166_281167173.jpeg?h=225&w=225,
311957383,Graze Chocolate Crunch Peanuts 100G,https://www.tesco.com/groceries/en-GB/shop/food-cupboard/all?department=Crisps%2C%20Snacks%2C%20Nuts%20%26%20Popcorn&viewAll=department&page=,£2.50,£25.00/kg,,,/groceries/en-GB/products/311957383,https://digitalcontent.api.tesco.com/v2/media/ghs/c0de4d63-5c40-451a-9489-e65222fd2964/9bc98939-12ed-473a-92de-955814f22100_812987655.jpeg?h=225&w=225,
305844548,Walkers Max Double Crunch Cheddar Onion 140G,https://www.tesco.com/groceries/en-GB/shop/food-cupboard/all?department=Crisps%2C%20Snacks%2C%20Nuts%20%26%20Popcorn&viewAll=department&page=,£1.99,£1.43/100g,,,/groceries/en-GB/products/305844548,https://digitalcontent.api.tesco.com/v2/media/ghs/8e328cbc-0510-4a69-8852-db35ae2e7053/408925bd-60c8-4e72-adf9-4d382b43668a_131050270.jpeg?h=225&w=225,
312099492,Popworks Sweet Chipotle Chilli Popped Crisps 85G,https://www.tesco.com/groceries/en-GB/shop/food-cupboard/all?department=Crisps%2C%20Snacks%2C%20Nuts%20%26%20Popcorn&viewAll=department&page=,£1.90,£2.24/100g,£1.25 Clubcard Price,,/groceries/en-GB/products/312099492,https://digitalcontent.api.tesco.com/v2/media/ghs/bd8a5752-4b0b-42e5-9025-bb199ecdd698/808e1738-d865-45d4-9247-9eda2463241d_776010633.jpeg?h=225&w=225,
275236507,Popchips Bbq Popped Potato Chips 23G,https://www.tesco.com/groceries/en-GB/shop/food-cupboard/all?department=Crisps%2C%20Snacks%2C%20Nuts%20%26%20Popcorn&viewAll=department&page=,£0.90,£3.92/100g,"£3.40 Meal Deal Clubcard Price £3.90 Meal Deal Regular Price - Selected Drink, Snack, Wrap, Sandwich, Roll, Pasty Or Salad",,/groceries/en-GB/products/275236507,https://digitalcontent.api.tesco.com/v2/media/ghs/b8f01d2a-53ff-4adf-963f-1dd7a022ea72/99e022ad-a2c8-46b0-9d34-6f891a0a9928_2018174184.jpeg?h=225&w=225,
305734391,Properchips Salt & Vinegar Lentil Chips 20G,https://www.tesco.com/groceries/en-GB/shop/food-cupboard/all?department=Crisps%2C%20Snacks%2C%20Nuts%20%26%20Popcorn&viewAll=department&page=,£0.90,£4.50/100g,"£3.40 Meal Deal Clubcard Price £3.90 Meal Deal Regular Price - Selected Drink, Snack, Wrap, Sandwich, Roll, Pasty Or Salad",,/groceries/en-GB/products/305734391,https://digitalcontent.api.tesco.com/v2/media/ghs/007fc112-9ac5-490f-aa99-72bed0cf9da9/751caaad-0b3e-475a-adb3-cb0cf4cda57b_1959132643.jpeg?h=225&w=225,
302316165,Properchips Barbecue Lentil Chips 20G,https://www.tesco.com/groceries/en-GB/shop/food-cupboard/all?department=Crisps%2C%20Snacks%2C%20Nuts%20%26%20Popcorn&viewAll=department&page=,£0.90,£4.50/100g,"£3.40 Meal Deal Clubcard Price £3.90 Meal Deal Regular Price - Selected Drink, Snack, Wrap, Sandwich, Roll, Pasty Or Salad",,/groceries/en-GB/products/302316165,https://digitalcontent.api.tesco.com/v2/media/ghs/c124cd5f-df55-49af-93b6-2f9e38ef3330/73da671a-2819-4f71-a384-56932e9306c1_1016335490.jpeg?h=225&w=225,
311425990,Walkers Less Salt Lightly Salted Crisps 45G,https://www.tesco.com/groceries/en-GB/shop/food-cupboard/all?department=Crisps%2C%20Snacks%2C%20Nuts%20%26%20Popcorn&viewAll=department&page=,£0.90,£2.00/100g,"£3.40 Meal Deal Clubcard Price £3.90 Meal Deal Regular Price - Selected Drink, Snack, Wrap, Sandwich, Roll, Pasty Or Salad",,/groceries/en-GB/products/311425990,https://digitalcontent.api.tesco.com/v2/media/ghs/c4a2118c-dc64-4aaa-9c80-ae8276d941f5/d575502c-016e-46a5-ae6f-a4e944e32c3d_916127300.jpeg?h=225&w=225,
311445467,Walkers Less Salt Mild Cheese & Onion Crisps 45G,https://www.tesco.com/groceries/en-GB/shop/food-cupboard/all?department=Crisps%2C%20Snacks%2C%20Nuts%20%26%20Popcorn&viewAll=department&page=,£0.90,£2.00/100g,"£3.40 Meal Deal Clubcard Price £3.90 Meal Deal Regular Price - Selected Drink, Snack, Wrap, Sandwich, Roll, Pasty Or Salad",,/groceries/en-GB/products/311445467,https://digitalcontent.api.tesco.com/v2/media/ghs/c52b5b77-9a20-46ea-ae06-943bf2b2896d/332cda9d-1fb8-48aa-8113-341325bb8cb6_1368511716.jpeg?h=225&w=225,
308101980,Popworks Protein Sweet Bbq Popped Crisps 28G,https://www.tesco.com/groceries/en-GB/shop/food-cupboard/all?department=Crisps%2C%20Snacks%2C%20Nuts%20%26%20Popcorn&viewAll=department&page=,£0.90,£3.22/100g,"£3.40 Meal Deal Clubcard Price £3.90 Meal Deal Regular Price - Selected Drink, Snack, Wrap, Sandwich, Roll, Pasty Or Salad",,/groceries/en-GB/products/308101980,https://digitalcontent.api.tesco.com/v2/media/ghs/96bacb20-9b78-460b-a1b4-bc3422acae79/f16c0c4a-5a4b-4971-bbd3-34968b959869_1163843425.jpeg?h=225&w=225,
309745360,Tesco Salt & Pepper Habas Fritas 110G,https://www.tesco.com/groceries/en-GB/shop/food-cupboard/all?department=Crisps%2C%20Snacks%2C%20Nuts%20%26%20Popcorn&viewAll=department&page=,£1.00,£0.91/100g,,,/groceries/en-GB/products/309745360,https://digitalcontent.api.tesco.com/v2/media/ghs/56467070-1dff-49c6-8580-6845bf75eafb/4f73881b-2fbe-474a-b3fa-d863be69bf5f_1193499989.jpeg?h=225&w=225,
294350129,Wotsits Cheese 36G,https://www.tesco.com/groceries/en-GB/shop/food-cupboard/all?department=Crisps%2C%20Snacks%2C%20Nuts%20%26%20Popcorn&viewAll=department&page=,£0.90,£2.50/100g,"£3.40 Meal Deal Clubcard Price £3.90 Meal Deal Regular Price - Selected Drink, Snack, Wrap, Sandwich, Roll, Pasty Or Salad",,/groceries/en-GB/products/294350129,https://digitalcontent.api.tesco.com/v2/media/ghs/804305d4-ab70-40b7-9739-f3d26dfd9d27/b4d5fe1b-3722-4748-a6ad-aaa77299adf7_1108019402.jpeg?h=225&w=225,
308486834,Doritos Tangy Cheese Corn Chips 48G,https://www.tesco.com/groceries/en-GB/shop/food-cupboard/all?department=Crisps%2C%20Snacks%2C%20Nuts%20%26%20Popcorn&viewAll=department&page=,£0.90,£1.88/100g,"£3.40 Meal Deal Clubcard Price £3.90 Meal Deal Regular Price - Selected Drink, Snack, Wrap, Sandwich, Roll, Pasty Or Salad",,/groceries/en-GB/products/308486834,https://digitalcontent.api.tesco.com/v2/media/ghs/c95cd2f5-2f26-4899-9c93-b39e8754c217/6b877826-a484-4260-999d-84d023ae75a0_2121468485.jpeg?h=225&w=225,
290898835,Kettle Chips Mature Cheddar & Red Onion 40G,https://www.tesco.com/groceries/en-GB/shop/food-cupboard/all?department=Crisps%2C%20Snacks%2C%20Nuts%20%26%20Popcorn&viewAll=department&page=,£0.90,£2.25/100g,"£3.40 Meal Deal Clubcard Price £3.90 Meal Deal Regular Price - Selected Drink, Snack, Wrap, Sandwich, Roll, Pasty Or Salad",,/groceries/en-GB/products/290898835,https://digitalcontent.api.tesco.com/v2/media/ghs/17148756-383b-4e4c-b1ff-675b8a906600/f941eff2-2765-4477-b95b-90a05d06026c_1236819926.jpeg?h=225&w=225,
311211511,Skips Prawn Cocktail Grab Bag Crisps 35G,https://www.tesco.com/groceries/en-GB/shop/food-cupboard/all?department=Crisps%2C%20Snacks%2C%20Nuts%20%26%20Popcorn&viewAll=department&page=,£0.90,£2.58/100g,"£3.40 Meal Deal Clubcard Price £3.90 Meal Deal Regular Price - Selected Drink, Snack, Wrap, Sandwich, Roll, Pasty Or Salad",,/groceries/en-GB/products/311211511,https://digitalcontent.api.tesco.com/v2/media/ghs/c90d3e72-638d-4fa7-92d0-186052d8f026/cf54f9d4-4e39-4c0c-a55b-7d007fc55dbb_367020061.jpeg?h=225&w=225,
311222817,Mccoy's Sizzling King Prawn Grab Bag Crisps 45G,https://www.tesco.com/groceries/en-GB/shop/food-cupboard/all?department=Crisps%2C%20Snacks%2C%20Nuts%20%26%20Popcorn&viewAll=department&page=,£0.90,£2.00/100g,"£3.40 Meal Deal Clubcard Price £3.90 Meal Deal Regular Price - Selected Drink, Snack, Wrap, Sandwich, Roll, Pasty Or Salad",,/groceries/en-GB/products/311222817,https://digitalcontent.api.tesco.com/v2/media/ghs/6af3b627-f208-470a-83f1-ddca127c4be8/1ae6c3a9-31b9-44a4-8b4f-4cf98a9e5fe7_757380186.jpeg?h=225&w=225,
311431509,Hula Hoops Big Hopps Salt & Vinegar Grab Bag 45G,https://www.tesco.com/groceries/en-GB/shop/food-cupboard/all?department=Crisps%2C%20Snacks%2C%20Nuts%20%26%20Popcorn&viewAll=department&page=,£0.90,£2.00/100g,"£3.40 Meal Deal Clubcard Price £3.90 Meal Deal Regular Price - Selected Drink, Snack, Wrap, Sandwich, Roll, Pasty Or Salad",,/groceries/en-GB/products/311431509,https://digitalcontent.api.tesco.com/v2/media/ghs/98f23e83-a141-4c24-a647-795e2f8df734/d06989f0-28e1-4996-8d60-ab3b7982cfef_409932882.jpeg?h=225&w=225,
308460968,Doritos Chilli Heatwave Corn Chips 48G,https://www.tesco.com/groceries/en-GB/shop/food-cupboard/all?department=Crisps%2C%20Snacks%2C%20Nuts%20%26%20Popcorn&viewAll=department&page=,£0.90,£1.88/100g,"£3.40 Meal Deal Clubcard Price £3.90 Meal Deal Regular Price - Selected Drink, Snack, Wrap, Sandwich, Roll, Pasty Or Salad",,/groceries/en-GB/products/308460968,https://digitalcontent.api.tesco.com/v2/media/ghs/7cfca90f-45ea-4c9b-bf9a-fe4f46071f71/855d11f2-403b-4067-ad09-fa97debfa34e_351350071.jpeg?h=225&w=225,
311425759,Jacobs Mini Cheddars 45G,https://www.tesco.com/groceries/en-GB/shop/food-cupboard/all?department=Crisps%2C%20Snacks%2C%20Nuts%20%26%20Popcorn&viewAll=department&page=,£0.90,£2.00/100g,"£3.40 Meal Deal Clubcard Price £3.90 Meal Deal Regular Price - Selected Drink, Snack, Wrap, Sandwich, Roll, Pasty Or Salad",,/groceries/en-GB/products/311425759,https://digitalcontent.api.tesco.com/v2/media/ghs/2fc33205-9e78-40d8-bd1b-c3c1a52902a5/54eee4e2-d374-46f2-9ce1-7861954a47e0_1889852033.jpeg?h=225&w=225,
274110433,Propercorn Sweet & Salty 30G,https://www.tesco.com/groceries/en-GB/shop/food-cupboard/all?department=Crisps%2C%20Snacks%2C%20Nuts%20%26%20Popcorn&viewAll=department&page=,£0.90,£3.00/100g,"£3.40 Meal Deal Clubcard Price £3.90 Meal Deal Regular Price - Selected Drink, Snack, Wrap, Sandwich, Roll, Pasty Or Salad",,/groceries/en-GB/products/274110433,https://digitalcontent.api.tesco.com/v2/media/ghs/d1a1827d-d203-4615-ad44-5cd80c60ecb5/79791eb8-52f0-45d4-b156-c36855049c18_864884328.jpeg?h=225&w=225,
274215027,Tyrrells Mixed Root Vegetable Crisps 40G,https://www.tesco.com/groceries/en-GB/shop/food-cupboard/all?department=Crisps%2C%20Snacks%2C%20Nuts%20%26%20Popcorn&viewAll=department&page=,£0.90,£2.25/100g,"£3.40 Meal Deal Clubcard Price £3.90 Meal Deal Regular Price - Selected Drink, Snack, Wrap, Sandwich, Roll, Pasty Or Salad",,/groceries/en-GB/products/274215027,https://digitalcontent.api.tesco.com/v2/media/ghs/54104c40-ae39-431e-a618-f93a5a3831e5/d0642eb4-f0d2-460f-bbd3-0c181745e0b8_236118182.jpeg?h=225&w=225,
290572685,Walkers Max Flamin Hot Crisps 50G,https://www.tesco.com/groceries/en-GB/shop/food-cupboard/all?department=Crisps%2C%20Snacks%2C%20Nuts%20%26%20Popcorn&viewAll=department&page=,£0.90,£1.80/100g,"£3.40 Meal Deal Clubcard Price £3.90 Meal Deal Regular Price - Selected Drink, Snack, Wrap, Sandwich, Roll, Pasty Or Salad",,/groceries/en-GB/products/290572685,https://digitalcontent.api.tesco.com/v2/media/ghs/e283c414-fe9e-4a30-9dfd-0098077f2ab3/2bb6f610-3f14-4a29-9c2a-d8ec7fd025e8_1434302025.jpeg?h=225&w=225,
309782349,The Curators Original Salted Pork Puffs 25G,https://www.tesco.com/groceries/en-GB/shop/food-cupboard/all?department=Crisps%2C%20Snacks%2C%20Nuts%20%26%20Popcorn&viewAll=department&page=,£0.90,£3.60/100g,,,/groceries/en-GB/products/309782349,https://digitalcontent.api.tesco.com/v2/media/ghs/b1577ec8-e5b2-4951-8f57-43da65137c78/a834d5f1-5a1c-433c-80ed-f2661841108f_1470964398.jpeg?h=225&w=225,
309173327,Wicked Kitchen Salt & Vinegar Squares 85G,https://www.tesco.com/groceries/en-GB/shop/food-cupboard/all?department=Crisps%2C%20Snacks%2C%20Nuts%20%26%20Popcorn&viewAll=department&page=,£1.00,£1.18/100g,,,/groceries/en-GB/products/309173327,https://digitalcontent.api.tesco.com/v2/media/ghs/2112072f-2f65-41f0-b1d5-f20c6a3c6982/994d4a3d-994a-4b7a-ab7e-1df5e5e549c8_1070272545.jpeg?h=225&w=225,
297385417,Kp Original Salted Peanuts 50G,https://www.tesco.com/groceries/en-GB/shop/food-cupboard/all?department=Crisps%2C%20Snacks%2C%20Nuts%20%26%20Popcorn&viewAll=department&page=,£0.60,£1.20/100g,"£3.40 Meal Deal Clubcard Price £3.90 Meal Deal Regular Price - Selected Drink, Snack, Wrap, Sandwich, Roll, Pasty Or Salad",,/groceries/en-GB/products/297385417,https://digitalcontent.api.tesco.com/v2/media/ghs/1622d83a-6d15-4f42-b0bb-f0a0bcb358e6/a83bdf04-9b53-4983-b6ac-4d8ef20d7197_732219535.jpeg?h=225&w=225,
312339923,Wild West Original Beef Jerky 60G,https://www.tesco.com/groceries/en-GB/shop/food-cupboard/all?department=Crisps%2C%20Snacks%2C%20Nuts%20%26%20Popcorn&viewAll=department&page=,£3.00,£50.00/kg,,New,/groceries/en-GB/products/312339923,https://digitalcontent.api.tesco.com/v2/media/ghs-mktg/b0b04216-fa73-466d-a9d7-c9fcfa1ce9b3/no-image.jpeg,
310678835,Kp Salt & Vinegar Peanuts 5X30g,https://www.tesco.com/groceries/en-GB/shop/food-cupboard/all?department=Crisps%2C%20Snacks%2C%20Nuts%20%26%20Popcorn&viewAll=department&page=,£3.00,£2.00/100g,£2.00 Clubcard Price,,/groceries/en-GB/products/310678835,https://digitalcontent.api.tesco.com/v2/media/ghs/1d135451-18fa-48af-8022-e6e92c92ef6a/b895e49e-0ae3-4f16-8008-014dfd0ad53b_1466866804.jpeg?h=225&w=225,
313008231,Cruga Chilli Biltong Beef Gluten Free 60G,https://www.tesco.com/groceries/en-GB/shop/food-cupboard/all?department=Crisps%2C%20Snacks%2C%20Nuts%20%26%20Popcorn&viewAll=department&page=,£3.00,£50.00/kg,,New,/groceries/en-GB/products/313008231,https://digitalcontent.api.tesco.com/v2/media/ghs-mktg/b0b04216-fa73-466d-a9d7-c9fcfa1ce9b3/no-image.jpeg,
311437503,Kp Nut-Tastic Roastd Unsalted Nut Mix 100G,https://www.tesco.com/groceries/en-GB/shop/food-cupboard/all?department=Crisps%2C%20Snacks%2C%20Nuts%20%26%20Popcorn&viewAll=department&page=,£3.00,£30.00/kg,£2.00 Clubcard Price,,/groceries/en-GB/products/311437503,https://digitalcontent.api.tesco.com/v2/media/ghs/f266321c-b12f-4b13-92ff-a21d3e74d286/ec48dff4-18c1-42b3-9d62-4e4e33fa9a22_1509850478.jpeg?h=225&w=225,
310679483,Kp Nut-Tastic Roasted & Pinch Of Salt Nut Mix4x30g,https://www.tesco.com/groceries/en-GB/shop/food-cupboard/all?department=Crisps%2C%20Snacks%2C%20Nuts%20%26%20Popcorn&viewAll=department&page=,£3.00,£2.50/100g,,,/groceries/en-GB/products/310679483,https://digitalcontent.api.tesco.com/v2/media/ghs/5e33b179-4e79-4c13-99c3-9b5ce5f92515/a6245f1e-3436-4a36-b6a9-98e9dfb4cc73_1738400979.jpeg?h=225&w=225,
310657739,Kp Nut-Tastic Fruit & Nut Mix 4 X 30G,https://www.tesco.com/groceries/en-GB/shop/food-cupboard/all?department=Crisps%2C%20Snacks%2C%20Nuts%20%26%20Popcorn&viewAll=department&page=,£3.00,£2.50/100g,,,/groceries/en-GB/products/310657739,https://digitalcontent.api.tesco.com/v2/media/ghs/e7746317-4604-417e-975e-7c815bfa84b6/4a27d823-19c0-44a6-9d95-7648662edcd0_533941418.jpeg?h=225&w=225,
306807027,Forest Feast Slow Roasted Nut Mix 120G,https://www.tesco.com/groceries/en-GB/shop/food-cupboard/all?department=Crisps%2C%20Snacks%2C%20Nuts%20%26%20Popcorn&viewAll=department&page=,£3.20,£26.67/kg,,,/groceries/en-GB/products/306807027,https://digitalcontent.api.tesco.com/v2/media/ghs-mktg/b0b04216-fa73-466d-a9d7-c9fcfa1ce9b3/no-image.jpeg,
297348629,Tesco Pistachios Roasted Salted Kernels 100G,https://www.tesco.com/groceries/en-GB/shop/food-cupboard/all?department=Crisps%2C%20Snacks%2C%20Nuts%20%26%20Popcorn&viewAll=department&page=,£3.00,£3.00/100g,,,/groceries/en-GB/products/297348629,https://digitalcontent.api.tesco.com/v2/media/ghs/6855bd56-a6ff-433b-b15a-04bb5da26c91/714c9679-f358-4fdb-b147-01b066cde172_805168334.jpeg?h=225&w=225,
310094828,Snaffling Pig Co Chorizo Snaffle Bites 40G,https://www.tesco.com/groceries/en-GB/shop/food-cupboard/all?department=Crisps%2C%20Snacks%2C%20Nuts%20%26%20Popcorn&viewAll=department&page=,£2.10,£5.25/100g,,,/groceries/en-GB/products/310094828,https://digitalcontent.api.tesco.com/v2/media/ghs/460a63b1-35ae-432e-b7bc-fd1769b7e18f/0c08bf80-a2bf-4b7a-8f50-3de4481601cd_198296821.jpeg?h=225&w=225,
310682340,Kp Nut-Tastic Fruit & Nut Mix 100G,https://www.tesco.com/groceries/en-GB/shop/food-cupboard/all?department=Crisps%2C%20Snacks%2C%20Nuts%20%26%20Popcorn&viewAll=department&page=,£3.00,£30.00/kg,£2.00 Clubcard Price,,/groceries/en-GB/products/310682340,https://digitalcontent.api.tesco.com/v2/media/ghs/e36c1b2b-3ff7-4567-a47b-ff8b7ebeb152/e2a16144-a4f4-4602-b3ff-2aeb62190e6c_1587794300.jpeg?h=225&w=225,
312366821,Kings Wagyu Beef Jerky 45G,https://www.tesco.com/groceries/en-GB/shop/food-cupboard/all?department=Crisps%2C%20Snacks%2C%20Nuts%20%26%20Popcorn&viewAll=department&page=,£3.00,£66.67/kg,,,/groceries/en-GB/products/312366821,https://digitalcontent.api.tesco.com/v2/media/ghs-mktg/b0b04216-fa73-466d-a9d7-c9fcfa1ce9b3/no-image.jpeg,
311948244,Graze Sweet Chilli Crunch Snack Packs 3X31g,https://www.tesco.com/groceries/en-GB/shop/food-cupboard/all?department=Crisps%2C%20Snacks%2C%20Nuts%20%26%20Popcorn&viewAll=department&page=,£2.00,£2.16/100g,,,/groceries/en-GB/products/311948244,https://digitalcontent.api.tesco.com/v2/media/ghs/63691941-ca5a-479a-9bc1-8bb823cfcc36/18a50849-ed7e-4484-a0c7-c77143026457_524040101.jpeg?h=225&w=225,
311447140,Walkers Sensations Naan Chips Lime Pickle 150G,https://www.tesco.com/groceries/en-GB/shop/food-cupboard/all?department=Crisps%2C%20Snacks%2C%20Nuts%20%26%20Popcorn&viewAll=department&page=,£1.99,£1.33/100g,£1.50 Clubcard Price,,/groceries/en-GB/products/311447140,https://digitalcontent.api.tesco.com/v2/media/ghs/c40f0d79-8d9d-4b33-8d41-ba97e518a6b3/89b01a5b-d986-4d57-8057-7ed09fb9c0c0_1040201542.jpeg?h=225&w=225,
310095507,Jacob Mini Cheddar Nibblies Cheddar & Paprika 115G,https://www.tesco.com/groceries/en-GB/shop/food-cupboard/all?department=Crisps%2C%20Snacks%2C%20Nuts%20%26%20Popcorn&viewAll=department&page=,£2.00,£1.74/100g,£1.25 Clubcard Price,,/groceries/en-GB/products/310095507,https://digitalcontent.api.tesco.com/v2/media/ghs/ba0e0417-f0f4-40e3-a9af-bbd85ad2f469/67c02c42-3144-4d6e-9add-a8ef798af979_1837751916.jpeg?h=225&w=225,
312095686,Popworks Sweet & Salty Popped Crisps 28G,https://www.tesco.com/groceries/en-GB/shop/food-cupboard/all?department=Crisps%2C%20Snacks%2C%20Nuts%20%26%20Popcorn&viewAll=department&page=,£0.90,£3.22/100g,"£3.40 Meal Deal Clubcard Price £3.90 Meal Deal Regular Price - Selected Drink, Snack, Wrap, Sandwich, Roll, Pasty Or Salad",,/groceries/en-GB/products/312095686,https://digitalcontent.api.tesco.com/v2/media/ghs/639d012d-82cc-495b-828c-fd1182f7447c/201cd8dd-fae9-4c97-940c-a8e44dbbeec9_1756872098.jpeg?h=225&w=225,
312094399,Flower & White Strawberry & Banana Smoothie Bar 35G,https://www.tesco.com/groceries/en-GB/shop/food-cupboard/all?department=Crisps%2C%20Snacks%2C%20Nuts%20%26%20Popcorn&viewAll=department&page=,£1.30,£3.72/100g,,,/groceries/en-GB/products/312094399,https://digitalcontent.api.tesco.com/v2/media/ghs/0bd2b20c-7854-4a54-b728-3995d7246e69/c02fb917-c93d-4cb8-87ad-20bcc1665036_375929372.jpeg?h=225&w=225,
312838799,Walkers Max Double Coated Peanuts Chilli & Lime 175G,https://www.tesco.com/groceries/en-GB/shop/food-cupboard/all?department=Crisps%2C%20Snacks%2C%20Nuts%20%26%20Popcorn&viewAll=department&page=,£1.99,£1.14/100g,£1.25 Clubcard Price,,/groceries/en-GB/products/312838799,https://digitalcontent.api.tesco.com/v2/media/ghs/8c6bae2a-9b19-421b-9213-6f1c18f1f515/52b9bcd8-e3ad-467b-a73f-cc599ede5e41_833415110.jpeg?h=225&w=225,
306949819,Hippeas Chickpea Puffs Sweet & Smokin 22G,https://www.tesco.com/groceries/en-GB/shop/food-cupboard/all?department=Crisps%2C%20Snacks%2C%20Nuts%20%26%20Popcorn&viewAll=department&page=,£1.00,£4.55/100g,"£3.40 Meal Deal Clubcard Price £3.90 Meal Deal Regular Price - Selected Drink, Snack, Wrap, Sandwich, Roll, Pasty Or Salad",,/groceries/en-GB/products/306949819,https://digitalcontent.api.tesco.com/v2/media/ghs/e30afc29-b0f2-4232-b88a-236b3ab3dec2/cecba500-5706-40c2-8d98-6a6c6412554c_1931834545.jpeg?h=225&w=225,
301456904,Snack A Jacks Salt & Vinegar Rice Cakes 23G,https://www.tesco.com/groceries/en-GB/shop/food-cupboard/all?department=Crisps%2C%20Snacks%2C%20Nuts%20%26%20Popcorn&viewAll=department&page=,£0.90,£3.92/100g,"£3.40 Meal Deal Clubcard Price £3.90 Meal Deal Regular Price - Selected Drink, Snack, Wrap, Sandwich, Roll, Pasty Or Salad",,/groceries/en-GB/products/301456904,https://digitalcontent.api.tesco.com/v2/media/ghs/b6498b1b-7a61-4665-b67b-7cd8e71e9735/8df5e01f-1945-4895-9771-6a7ba61042f4_1326153466.jpeg?h=225&w=225,
311782099,Popworks Sour Cream & Onion Popped Crisps 85G,https://www.tesco.com/groceries/en-GB/shop/food-cupboard/all?department=Crisps%2C%20Snacks%2C%20Nuts%20%26%20Popcorn&viewAll=department&page=,£1.90,£2.24/100g,£1.25 Clubcard Price,,/groceries/en-GB/products/311782099,https://digitalcontent.api.tesco.com/v2/media/ghs/a05c2177-6146-494e-8455-de7d451a5b41/a7e78a62-6c0b-4ff0-b723-35d2abd79cc9_1527174662.jpeg?h=225&w=225,
312579984,Emily Vegetable Thins Barbecue Tortilla Chips 23G,https://www.tesco.com/groceries/en-GB/shop/food-cupboard/all?department=Crisps%2C%20Snacks%2C%20Nuts%20%26%20Popcorn&viewAll=department&page=,£0.90,£3.92/100g,"£3.40 Meal Deal Clubcard Price £3.90 Meal Deal Regular Price - Selected Drink, Snack, Wrap, Sandwich, Roll, Pasty Or Salad",,/groceries/en-GB/products/312579984,https://digitalcontent.api.tesco.com/v2/media/ghs/5fd81c8e-1886-48dd-ab16-e61578f16c65/e7c84801-2aa1-4e60-881f-1bca38ed9525_831190213.jpeg?h=225&w=225,
311794200,Walkers Max Strong Prawn Cocktail Crisps 50G,https://www.tesco.com/groceries/en-GB/shop/food-cupboard/all?department=Crisps%2C%20Snacks%2C%20Nuts%20%26%20Popcorn&viewAll=department&page=,£0.90,£1.80/100g,60p Clubcard Price,,/groceries/en-GB/products/311794200,https://digitalcontent.api.tesco.com/v2/media/ghs/b5d5de3d-0046-4565-aa4c-fccd1cb33cba/217b8370-1777-4a9b-a68c-498db04fb739_1865906402.jpeg?h=225&w=225,
312107196,Walkers Max Strong Hot Sauce Blaze Crisps 50G,https://www.tesco.com/groceries/en-GB/shop/food-cupboard/all?department=Crisps%2C%20Snacks%2C%20Nuts%20%26%20Popcorn&viewAll=department&page=,£0.90,£1.80/100g,"£3.40 Meal Deal Clubcard Price £3.90 Meal Deal Regular Price - Selected Drink, Snack, Wrap, Sandwich, Roll, Pasty Or Salad",,/groceries/en-GB/products/312107196,https://digitalcontent.api.tesco.com/v2/media/ghs/a9a29a8e-ec52-46b1-84f3-7e73c2b88f59/dd32f8e6-1be8-4e78-ace6-71c76e75996a_650751436.jpeg?h=225&w=225,
308099221,Walkers Quavers Prawn Cocktail 34G,https://www.tesco.com/groceries/en-GB/shop/food-cupboard/all?department=Crisps%2C%20Snacks%2C%20Nuts%20%26%20Popcorn&viewAll=department&page=,£0.90,£2.65/100g,"£3.40 Meal Deal Clubcard Price £3.90 Meal Deal Regular Price - Selected Drink, Snack, Wrap, Sandwich, Roll, Pasty Or Salad",,/groceries/en-GB/products/308099221,https://digitalcontent.api.tesco.com/v2/media/ghs/f4952b79-7ca3-4d62-92a8-50a7a8f5b899/2ea35795-5a41-469d-984f-ae6ab0ca6a45_1090707488.jpeg?h=225&w=225,
312234799,Jacob's Mini Cheddars Sticks Bbq & Cheddar 150G,https://www.tesco.com/groceries/en-GB/shop/food-cupboard/all?department=Crisps%2C%20Snacks%2C%20Nuts%20%26%20Popcorn&viewAll=department&page=,£1.50,£1.00/100g,£1.25 Clubcard Price,,/groceries/en-GB/products/312234799,https://digitalcontent.api.tesco.com/v2/media/ghs/f997c422-d8fa-4890-8e56-8c151521190e/90f395d6-3118-4227-9c7e-d38061c8ad40_94433112.jpeg?h=225&w=225,
275236334,Popchips Sour Cream & Onion Potato Chips 23G,https://www.tesco.com/groceries/en-GB/shop/food-cupboard/all?department=Crisps%2C%20Snacks%2C%20Nuts%20%26%20Popcorn&viewAll=department&page=,£0.90,£3.92/100g,"£3.40 Meal Deal Clubcard Price £3.90 Meal Deal Regular Price - Selected Drink, Snack, Wrap, Sandwich, Roll, Pasty Or Salad",,/groceries/en-GB/products/275236334,https://digitalcontent.api.tesco.com/v2/media/ghs/a26394e9-0e72-4cf1-8054-6a837363d5c3/28b92514-d04d-4b0c-b2db-d6b4664904a5_1116570209.jpeg?h=225&w=225,
297348802,Itsu Prawn Crackers Peking Duck 19G,https://www.tesco.com/groceries/en-GB/shop/food-cupboard/all?department=Crisps%2C%20Snacks%2C%20Nuts%20%26%20Popcorn&viewAll=department&page=,£0.85,£4.48/100g,"£3.40 Meal Deal Clubcard Price £3.90 Meal Deal Regular Price - Selected Drink, Snack, Wrap, Sandwich, Roll, Pasty Or Salad",,/groceries/en-GB/products/297348802,https://digitalcontent.api.tesco.com/v2/media/ghs/6dad087b-2f34-47ca-a66e-4b78fddb2e88/45b6ac42-2925-4dec-9798-5cc34ae519cf_38182405.jpeg?h=225&w=225,
264443123,Walkers Monster Munch Mega Roast Beef Snack 40G,https://www.tesco.com/groceries/en-GB/shop/food-cupboard/all?department=Crisps%2C%20Snacks%2C%20Nuts%20%26%20Popcorn&viewAll=department&page=,£0.90,£2.25/100g,"£3.40 Meal Deal Clubcard Price £3.90 Meal Deal Regular Price - Selected Drink, Snack, Wrap, Sandwich, Roll, Pasty Or Salad",,/groceries/en-GB/products/264443123,https://digitalcontent.api.tesco.com/v2/media/ghs/b7e87816-6038-4285-90bf-e288bce7df78/ec614c58-af1e-48f7-8fc7-bab3070df54d_1030683249.jpeg?h=225&w=225,
310658266,Graze Marmite Crunch 28G,https://www.tesco.com/groceries/en-GB/shop/food-cupboard/all?department=Crisps%2C%20Snacks%2C%20Nuts%20%26%20Popcorn&viewAll=department&page=,£1.00,£3.58/100g,"£3.40 Meal Deal Clubcard Price £3.90 Meal Deal Regular Price - Selected Drink, Snack, Wrap, Sandwich, Roll, Pasty Or Salad",,/groceries/en-GB/products/310658266,https://digitalcontent.api.tesco.com/v2/media/ghs/9e5a5577-85ec-4f00-b7d1-75bf6d6317d7/90dee98e-0126-47db-b37e-c54594a258eb_989309113.jpeg?h=225&w=225,
312106525,Walkers Sensation Thai Sweet Chilli Nuts 45G,https://www.tesco.com/groceries/en-GB/shop/food-cupboard/all?department=Crisps%2C%20Snacks%2C%20Nuts%20%26%20Popcorn&viewAll=department&page=,£1.00,£2.23/100g,"£3.40 Meal Deal Clubcard Price £3.90 Meal Deal Regular Price - Selected Drink, Snack, Wrap, Sandwich, Roll, Pasty Or Salad",,/groceries/en-GB/products/312106525,https://digitalcontent.api.tesco.com/v2/media/ghs/0fe69362-513c-46df-9134-12e99995c5f3/90aa6e2a-f190-49c5-8075-9522e347fcaf_60667018.jpeg?h=225&w=225,
312232147,Emily Vegetable Thins Sour Cream & Onion Tortilla Chips 23G,https://www.tesco.com/groceries/en-GB/shop/food-cupboard/all?department=Crisps%2C%20Snacks%2C%20Nuts%20%26%20Popcorn&viewAll=department&page=,£0.90,£3.92/100g,"£3.40 Meal Deal Clubcard Price £3.90 Meal Deal Regular Price - Selected Drink, Snack, Wrap, Sandwich, Roll, Pasty Or Salad",,/groceries/en-GB/products/312232147,https://digitalcontent.api.tesco.com/v2/media/ghs/4cde1fea-dbfd-46c4-9597-85b1f485287e/8deaa87d-0499-463c-9b37-82f233afcb3a_1021087926.jpeg?h=225&w=225,
297385475,Kp Dry Roasted Peanuts 50G,https://www.tesco.com/groceries/en-GB/shop/food-cupboard/all?department=Crisps%2C%20Snacks%2C%20Nuts%20%26%20Popcorn&viewAll=department&page=,£0.60,£12.00/kg,"£3.40 Meal Deal Clubcard Price £3.90 Meal Deal Regular Price - Selected Drink, Snack, Wrap, Sandwich, Roll, Pasty Or Salad",,/groceries/en-GB/products/297385475,https://digitalcontent.api.tesco.com/v2/media/ghs/f65e5ecb-cb5e-4863-8c10-3a6258bbeced/d0b78cda-8f3c-4af2-a917-6dec8d36dd10_1465740986.jpeg?h=225&w=225,
309194291,Wicked Kitchen Cool Triangles 85G,https://www.tesco.com/groceries/en-GB/shop/food-cupboard/all?department=Crisps%2C%20Snacks%2C%20Nuts%20%26%20Popcorn&viewAll=department&page=,£1.00,£1.18/100g,,,/groceries/en-GB/products/309194291,https://digitalcontent.api.tesco.com/v2/media/ghs/dedac563-7a5b-42d2-bf25-36d92a87ee03/59db9162-5f2d-46be-97d1-7abd323b61b7_1248706063.jpeg?h=225&w=225,
280447962,Nature Valley Crunchy Granola Oats & Honey 5X42g,https://www.tesco.com/groceries/en-GB/shop/food-cupboard/all?department=Biscuits%20%26%20Cereal%20Bars&viewAll=department&page=,£2.40,£1.15/100g,,,/groceries/en-GB/products/280447962,https://digitalcontent.api.tesco.com/v2/media/ghs/1655ea91-f9f1-43a3-a310-a947c01f89ab/64ec2a06-3765-48b4-b6a7-f1070b94e50c_1749716357.jpeg?h=225&w=225,
312101824,Graze Lively Lemon Flapjack 3X53g,https://www.tesco.com/groceries/en-GB/shop/food-cupboard/all?department=Biscuits%20%26%20Cereal%20Bars&viewAll=department&page=,£2.00,£1.26/100g,,New,/groceries/en-GB/products/312101824,https://digitalcontent.api.tesco.com/v2/media/ghs/7b4b8463-0619-458b-9483-9964324c0198/1064c9ce-555e-4e3b-9b1d-66bcacb1ae27_1883519731.jpeg?h=225&w=225,
250202649,Kellogg's Rice Krispie Squares Marshmallow 4 X 28G,https://www.tesco.com/groceries/en-GB/shop/food-cupboard/all?department=Biscuits%20%26%20Cereal%20Bars&viewAll=department&page=,£2.00,£1.79/100g,,,/groceries/en-GB/products/250202649,https://digitalcontent.api.tesco.com/v2/media/ghs/68391c98-985e-442c-8965-3eeaa7e5e3f7/ff824e8a-efae-48f7-ae22-4ec57525d9a3_866484055.jpeg?h=225&w=225,
289878662,Mcvities Milk Chocolate Digestives 400G,https://www.tesco.com/groceries/en-GB/shop/food-cupboard/all?department=Biscuits%20%26%20Cereal%20Bars&viewAll=department&page=,£1.95,£0.49/100g,,,/groceries/en-GB/products/289878662,https://digitalcontent.api.tesco.com/v2/media/ghs/720c2ad4-421e-4418-8492-f16af0d0772f/0fcf3b9f-a999-4f74-a4d1-2ffb08c40780_1662557754.jpeg?h=225&w=225,
264525476,Kellogg's Rice Krispie Squares Chocolate 4X36g,https://www.tesco.com/groceries/en-GB/shop/food-cupboard/all?department=Biscuits%20%26%20Cereal%20Bars&viewAll=department&page=,£2.00,£1.39/100g,,,/groceries/en-GB/products/264525476,https://digitalcontent.api.tesco.com/v2/media/ghs/faf3db3f-48b9-4ab9-96ae-6aade40fef42/17cdde29-8056-462f-bc43-49006314b3f3_1793236205.jpeg?h=225&w=225,
284384444,Cadbury Fingers Milk Chocolate 114G,https://www.tesco.com/groceries/en-GB/shop/food-cupboard/all?department=Biscuits%20%26%20Cereal%20Bars&viewAll=department&page=,£1.70,£1.50/100g,,,/groceries/en-GB/products/284384444,https://digitalcontent.api.tesco.com/v2/media/ghs/a38cf0c9-6f06-4e78-aebe-dd5a4098c4aa/c075fed2-ea5b-4d14-8495-f5be435b550e_1464021611.jpeg?h=225&w=225,
313008974,Mcvitie's Milk Chocolate Digestive Biscuit 2 X 266G,https://www.tesco.com/groceries/en-GB/shop/food-cupboard/all?department=Biscuits%20%26%20Cereal%20Bars&viewAll=department&page=,£1.99,£0.37/100g,Aldi Price Match,,/groceries/en-GB/products/313008974,https://digitalcontent.api.tesco.com/v2/media/ghs/68801f18-eef4-4461-9f9c-a3e8fa0cbf90/82179a28-2211-4d6b-8d5c-4a059128e7ba_1028031998.jpeg?h=225&w=225,
307166184,Kit Kat 2 Finger Milk Chocolate 14 Bar Pack 289.8G,https://www.tesco.com/groceries/en-GB/shop/food-cupboard/all?department=Biscuits%20%26%20Cereal%20Bars&viewAll=department&page=,£2.00,£0.69/100g,,,/groceries/en-GB/products/307166184,https://digitalcontent.api.tesco.com/v2/media/ghs/46f0e582-cd58-4dd4-9ef6-dd82d9092bd6/24c30aae-7c0e-4909-9cca-f9bec8c48117_1077148933.jpeg?h=225&w=225,
264375347,Oreo Vanilla 154G,https://www.tesco.com/groceries/en-GB/shop/food-cupboard/all?department=Biscuits%20%26%20Cereal%20Bars&viewAll=department&page=,£1.10,£0.72/100g,,,/groceries/en-GB/products/264375347,https://digitalcontent.api.tesco.com/v2/media/ghs/e6b2e65a-cd7d-41cc-87a5-1c4108950f6b/3603d539-4f25-4273-930f-f790d22b9195_1014455455.jpeg?h=225&w=225,
308830829,Buttermilk Plant Caramel Nougat Dairy Free Bar 50G,https://www.tesco.com/groceries/en-GB/shop/food-cupboard/all?department=Biscuits%20%26%20Cereal%20Bars&viewAll=department&page=,£1.50,£3.00/100g,,New,/groceries/en-GB/products/308830829,https://digitalcontent.api.tesco.com/v2/media/ghs/309c2971-ae11-419d-9acd-326088ba2148/b40efc76-bd27-4327-ad5d-a7e2bd341ab3_68442055.jpeg?h=225&w=225,
289205552,Mcvities Penguin Milk Chocolate Biscuit 8 Pack 196.8G,https://www.tesco.com/groceries/en-GB/shop/food-cupboard/all?department=Biscuits%20%26%20Cereal%20Bars&viewAll=department&page=,£1.50,£0.77/100g,,,/groceries/en-GB/products/289205552,https://digitalcontent.api.tesco.com/v2/media/ghs/f2733ba0-1831-47e9-908c-f2606b0166b5/33c8abc4-6b14-404e-a60f-54f8136c3a10_1369822551.jpeg?h=225&w=225,
297556924,Kit Kat 2 Finger Milk Chocolate Biscuits 9 Pack 186.3G,https://www.tesco.com/groceries/en-GB/shop/food-cupboard/all?department=Biscuits%20%26%20Cereal%20Bars&viewAll=department&page=,£1.50,£0.81/100g,,,/groceries/en-GB/products/297556924,https://digitalcontent.api.tesco.com/v2/media/ghs/d5374f37-1f33-4c1c-a654-6aecb965e145/55b31cdf-bb91-466e-92bd-635587a8ec41_492375124.jpeg?h=225&w=225,
295065609,Fox's Mini Party Rings 120G,https://www.tesco.com/groceries/en-GB/shop/food-cupboard/all?department=Biscuits%20%26%20Cereal%20Bars&viewAll=department&page=,£1.15,£0.96/100g,,,/groceries/en-GB/products/295065609,https://digitalcontent.api.tesco.com/v2/media/ghs/e5e91b13-7611-4d49-8df7-cc2f6800cc47/3df78e4a-f572-495c-8047-4e2f19b5dd97_439427686.jpeg?h=225&w=225,
310700320,Fox's Golden Crunch Creams Biscuit 200G,https://www.tesco.com/groceries/en-GB/shop/food-cupboard/all?department=Biscuits%20%26%20Cereal%20Bars&viewAll=department&page=,£1.20,£0.60/100g,,,/groceries/en-GB/products/310700320,https://digitalcontent.api.tesco.com/v2/media/ghs/87ad1f3a-4394-4b65-a93c-64bcce1ca27c/3a00acfc-6eec-4441-b024-4b4a0b4b93c2_1762428529.jpeg?h=225&w=225,
296688337,Jammie Dodger Minis 6 X 20G,https://www.tesco.com/groceries/en-GB/shop/food-cupboard/all?department=Biscuits%20%26%20Cereal%20Bars&viewAll=department&page=,£1.20,£1.00/100g,,,/groceries/en-GB/products/296688337,https://digitalcontent.api.tesco.com/v2/media/ghs/5d9c7099-b11d-4785-817b-bf4d5592d91f/70253a56-afb4-4d5f-805d-801033c74895_1369349928.jpeg?h=225&w=225,
295065546,Fox's Rocky Chocolate 8Pk 168G,https://www.tesco.com/groceries/en-GB/shop/food-cupboard/all?department=Biscuits%20%26%20Cereal%20Bars&viewAll=department&page=,£1.10,£0.66/100g,,,/groceries/en-GB/products/295065546,https://digitalcontent.api.tesco.com/v2/media/ghs/c5235308-fe8a-4fb3-ae01-6881d3c2e389/e1cccffd-5d42-43c0-906e-3a8a7b202106_342048902.jpeg?h=225&w=225,
255526609,Tunnocks Milk Chocolate Caramel Wafer 240G,https://www.tesco.com/groceries/en-GB/shop/food-cupboard/all?department=Biscuits%20%26%20Cereal%20Bars&viewAll=department&page=,£1.60,£0.67/100g,Aldi Price Match,,/groceries/en-GB/products/255526609,https://digitalcontent.api.tesco.com/v2/media/ghs/01ceecfe-5959-43e8-a36e-dd4187c6088e/e0f250e5-0d7c-4c66-97b5-39dbb976231c_1467412629.jpeg?h=225&w=225,
295065569,Fox's Rocky Caramel 8Pk 168G,https://www.tesco.com/groceries/en-GB/shop/food-cupboard/all?department=Biscuits%20%26%20Cereal%20Bars&viewAll=department&page=,£1.10,£0.66/100g,,,/groceries/en-GB/products/295065569,https://digitalcontent.api.tesco.com/v2/media/ghs/7dd25694-b416-4f80-9326-fd106731ea81/713d8bb1-38e5-42a4-9806-46522b2ab9ef_1592034504.jpeg?h=225&w=225,
304391537,Maryland Cookies Chocolate Chip Minis 6 Bags 118.8G,https://www.tesco.com/groceries/en-GB/shop/food-cupboard/all?department=Biscuits%20%26%20Cereal%20Bars&viewAll=department&page=,£1.20,£1.02/100g,,,/groceries/en-GB/products/304391537,https://digitalcontent.api.tesco.com/v2/media/ghs/b12b24c2-e1d0-4886-a0d7-910548c9083c/65f32cbb-fe1b-46d4-b402-6bf7697f3de5_82793125.jpeg?h=225&w=225,
309470281,Cadbury Brunch Bar Chocolate Chip 5X32g,https://www.tesco.com/groceries/en-GB/shop/food-cupboard/all?department=Biscuits%20%26%20Cereal%20Bars&viewAll=department&page=,£1.00,£0.62/100g,,,/groceries/en-GB/products/309470281,https://digitalcontent.api.tesco.com/v2/media/ghs/1fdd7e7c-a8e4-4330-b11b-629f3eb98236/84326be7-ef80-4960-8c13-a6e938e03f20_1752401981.jpeg?h=225&w=225,
313001244,Pink Panther Wafers 154G,https://www.tesco.com/groceries/en-GB/shop/food-cupboard/all?department=Biscuits%20%26%20Cereal%20Bars&viewAll=department&page=,£0.70,£0.46/100g,,New,/groceries/en-GB/products/313001244,https://digitalcontent.api.tesco.com/v2/media/ghs/a097ab4b-d50b-4358-bf14-0c47f86bc3e6/3b81adf1-1640-4216-8371-8fce3424ea67_1569047809.jpeg?h=225&w=225,
308083130,Tesco Variety Pack Biscuits 700G,https://www.tesco.com/groceries/en-GB/shop/food-cupboard/all?department=Biscuits%20%26%20Cereal%20Bars&viewAll=department&page=,,,,,/groceries/en-GB/products/308083130,https://digitalcontent.api.tesco.com/v2/media/ghs/a8a59fa9-a942-46de-af62-0ddfcb07398b/d7ea009c-e7a7-48e3-af53-99486b80fe1f_380954051.jpeg?h=225&w=225,This product's currently out of stock
251576968,Fox's Jam Sandwich Cream Biscuit 150G,https://www.tesco.com/groceries/en-GB/shop/food-cupboard/all?department=Biscuits%20%26%20Cereal%20Bars&viewAll=department&page=,£0.60,£0.40/100g,50p Clubcard Price,,/groceries/en-GB/products/251576968,https://digitalcontent.api.tesco.com/v2/media/ghs/99176959-c639-4cbc-9977-30dce923d1a7/4d8e256c-43c4-479a-80bb-e357de4bb390_1528475591.jpeg?h=225&w=225,
278003053,Jammie Dodgers Jam 140 G,https://www.tesco.com/groceries/en-GB/shop/food-cupboard/all?department=Biscuits%20%26%20Cereal%20Bars&viewAll=department&page=,£0.75,£0.54/100g,,,/groceries/en-GB/products/278003053,,
277587802,Bahlsen Pick Up! Biscuit 5 Pack 140G,https://www.tesco.com/groceries/en-GB/shop/food-cupboard/all?department=Biscuits%20%26%20Cereal%20Bars&viewAll=department&page=,£1.10,£0.79/100g,£1.00 Clubcard Price,,/groceries/en-GB/products/277587802,https://digitalcontent.api.tesco.com/v2/media/ghs/715ca41b-7b4e-4516-aa34-90426bb5c630/2d021117-4c8f-4e65-858e-48231260152f_392721764.jpeg?h=225&w=225,
304403652,Cadbury Mini Fingers Snack Pack 6X19.3G,https://www.tesco.com/groceries/en-GB/shop/food-cupboard/all?department=Biscuits%20%26%20Cereal%20Bars&viewAll=department&page=,£0.95,£0.82/100g,,,/groceries/en-GB/products/304403652,https://digitalcontent.api.tesco.com/v2/media/ghs/553a5282-8657-4447-9184-922653d7c828/aeda7cb1-9a8e-4d57-930e-1ff192745272_1331689734.jpeg?h=225&w=225,
254923832,Tunnocks Milk Chocolate Teacakes 6X24g,https://www.tesco.com/groceries/en-GB/shop/food-cupboard/all?department=Biscuits%20%26%20Cereal%20Bars&viewAll=department&page=,£1.08,£0.75/100g,Aldi Price Match,,/groceries/en-GB/products/254923832,https://digitalcontent.api.tesco.com/v2/media/ghs/db4dd70f-20dc-4a87-bfb6-19dcdd5f8006/2dedff60-2158-444e-a950-7b06f54d2903_509655266.jpeg?h=225&w=225,
273331841,Tesco Digestive Biscuits 400G,https://www.tesco.com/groceries/en-GB/shop/food-cupboard/all?department=Biscuits%20%26%20Cereal%20Bars&viewAll=department&page=,£0.60,£0.15/100g,,,/groceries/en-GB/products/273331841,https://digitalcontent.api.tesco.com/v2/media/ghs/21941cd0-cb1b-4aed-aae9-a862be934227/b949b5bc-80db-4b19-b43b-0d979b17a3bb_355426815.jpeg?h=225&w=225,
254581348,Tesco Snappy Milk Chocolate Finger Biscuit 8Pk 172G,https://www.tesco.com/groceries/en-GB/shop/food-cupboard/all?department=Biscuits%20%26%20Cereal%20Bars&viewAll=department&page=,£1.10,£0.64/100g,,,/groceries/en-GB/products/254581348,https://digitalcontent.api.tesco.com/v2/media/ghs/cf8fc67e-fe89-4dbc-bc70-543b6c65f465/d619e55c-0eaa-4ace-9801-d8397f91facb_385205240.jpeg?h=225&w=225,
300877217,Tesco Salted Caramel Munch Bars 192G,https://www.tesco.com/groceries/en-GB/shop/food-cupboard/all?department=Biscuits%20%26%20Cereal%20Bars&viewAll=department&page=,£1.00,£0.52/100g,,,/groceries/en-GB/products/300877217,https://digitalcontent.api.tesco.com/v2/media/ghs/f1f666bb-533d-41ee-b899-fdbc1f3c448d/d0895d1e-3f04-4d4c-889c-c8a2768a229e_2131888395.jpeg?h=225&w=225,
254922142,Tesco Shortcake Biscuits 200G,https://www.tesco.com/groceries/en-GB/shop/food-cupboard/all?department=Biscuits%20%26%20Cereal%20Bars&viewAll=department&page=,,,,,/groceries/en-GB/products/254922142,https://digitalcontent.api.tesco.com/v2/media/ghs/b6a432ea-d67b-4342-b880-4e6d5529689c/8445d178-aa21-4ad7-a9f0-d7ea7abd80c6_1749256383.jpeg?h=225&w=225,This product's currently out of stock
254922545,Tesco Rich Tea Finger Biscuits 250G,https://www.tesco.com/groceries/en-GB/shop/food-cupboard/all?department=Biscuits%20%26%20Cereal%20Bars&viewAll=department&page=,£0.65,£0.26/100g,,,/groceries/en-GB/products/254922545,https://digitalcontent.api.tesco.com/v2/media/ghs/a5c11f99-2881-4e2e-bec9-00978aa59b16/e9cac6ac-4e45-479c-b8f8-b99fd5c5d865_907409051.jpeg?h=225&w=225,
254922228,Tesco Nice Biscuits 200G,https://www.tesco.com/groceries/en-GB/shop/food-cupboard/all?department=Biscuits%20%26%20Cereal%20Bars&viewAll=department&page=,£0.49,£0.24/100g,,,/groceries/en-GB/products/254922228,https://digitalcontent.api.tesco.com/v2/media/ghs/6b88222c-b47d-4116-96bd-0ed96a03f88f/aa85a36c-3006-4f85-866f-f35d4bf936c9_905257206.jpeg?h=225&w=225,
255220251,Tesco Malted Milk Biscuits 200G,https://www.tesco.com/groceries/en-GB/shop/food-cupboard/all?department=Biscuits%20%26%20Cereal%20Bars&viewAll=department&page=,,,,,/groceries/en-GB/products/255220251,https://digitalcontent.api.tesco.com/v2/media/ghs/eb7edd32-8fcf-4747-9a4d-35c602184a0d/4f28898e-1874-4485-94d4-9ace01d86b3a_1486529192.jpeg?h=225&w=225,This product's currently out of stock
265201408,Tesco Jam Sandwich Creams Biscuit 150G,https://www.tesco.com/groceries/en-GB/shop/food-cupboard/all?department=Biscuits%20%26%20Cereal%20Bars&viewAll=department&page=,£0.49,£0.33/100g,,,/groceries/en-GB/products/265201408,https://digitalcontent.api.tesco.com/v2/media/ghs/db4cbbc2-e744-4cc5-a097-fe025b3d7de1/feb292f1-03e1-4c8d-ba9e-07eb2366383d_1578652072.jpeg?h=225&w=225,
290329082,Tesco Ginger Nuts 300G,https://www.tesco.com/groceries/en-GB/shop/food-cupboard/all?department=Biscuits%20%26%20Cereal%20Bars&viewAll=department&page=,£0.49,£0.16/100g,,,/groceries/en-GB/products/290329082,https://digitalcontent.api.tesco.com/v2/media/ghs/48c9ade5-0e7e-4f45-befe-66805a810554/8256dbb0-919e-46e3-b646-46c98147a868_1567360913.jpeg?h=225&w=225,
261856250,Tesco Oaty Rounds Biscuits 300G,https://www.tesco.com/groceries/en-GB/shop/food-cupboard/all?department=Biscuits%20%26%20Cereal%20Bars&viewAll=department&page=,£0.49,£0.16/100g,,,/groceries/en-GB/products/261856250,https://digitalcontent.api.tesco.com/v2/media/ghs/52478779-19b1-4186-b21f-554f4387a6a6/e11ea0e8-edac-4b69-8da8-f86e42c7f69a_209021892.jpeg?h=225&w=225,
307342027,Tesco All Butter Shortbread Fingers 250G,https://www.tesco.com/groceries/en-GB/shop/food-cupboard/all?department=Biscuits%20%26%20Cereal%20Bars&viewAll=department&page=,£1.00,£0.40/100g,,,/groceries/en-GB/products/307342027,https://digitalcontent.api.tesco.com/v2/media/ghs/6e6f24e8-6dc2-4dc2-8562-445c6e3eb21a/390ce612-39d7-4421-9c24-bf7be9731238_2143288232.jpeg?h=225&w=225,
295229307,Tesco Rich Tea Biscuit 300G,https://www.tesco.com/groceries/en-GB/shop/food-cupboard/all?department=Biscuits%20%26%20Cereal%20Bars&viewAll=department&page=,£0.40,£0.13/100g,,,/groceries/en-GB/products/295229307,https://digitalcontent.api.tesco.com/v2/media/ghs/72045c07-1a68-4d93-b092-0d9437cdc0a7/a9ddfce3-92d7-4a54-a36b-c42e3c8dba20_1385872581.jpeg?h=225&w=225,
299599000,Ms Molly's Chocolate Chip Cookies 250G,https://www.tesco.com/groceries/en-GB/shop/food-cupboard/all?department=Biscuits%20%26%20Cereal%20Bars&viewAll=department&page=,£0.55,£0.22/100g,Aldi Price Match,,/groceries/en-GB/products/299599000,https://digitalcontent.api.tesco.com/v2/media/ghs/39206b4a-2927-4bac-b145-800417a45449/19512cda-d9c2-41b3-8656-02a6262fb49e_1828643191.jpeg?h=225&w=225,
254921258,Tesco Custard Cream Biscuits 400G,https://www.tesco.com/groceries/en-GB/shop/food-cupboard/all?department=Biscuits%20%26%20Cereal%20Bars&viewAll=department&page=,,,,,/groceries/en-GB/products/254921258,https://digitalcontent.api.tesco.com/v2/media/ghs/c0805847-bcee-4fd7-8b5a-23a98209c6b9/8f262cf6-0d55-40f8-adfc-a9248fe3e557_2042987711.jpeg?h=225&w=225,This product's currently out of stock
300410563,Ms Molly's Digestive 400G,https://www.tesco.com/groceries/en-GB/shop/food-cupboard/all?department=Biscuits%20%26%20Cereal%20Bars&viewAll=department&page=,£0.45,£0.11/100g,Aldi Price Match,,/groceries/en-GB/products/300410563,https://digitalcontent.api.tesco.com/v2/media/ghs/2c062244-5641-47f8-b5c9-63a4d6a97d38/1f7da5d3-7972-4526-9fdd-2f8fdeb2b6cf_2074588744.jpeg?h=225&w=225,
290329100,Tesco Bourbon Creams Biscuits 296G,https://www.tesco.com/groceries/en-GB/shop/food-cupboard/all?department=Biscuits%20%26%20Cereal%20Bars&viewAll=department&page=,£0.49,£0.17/100g,,,/groceries/en-GB/products/290329100,https://digitalcontent.api.tesco.com/v2/media/ghs/134b9032-f16a-49ce-a291-c8b709d3fe8f/959b48fa-3328-4eb5-8d40-d7a21e1d6468_1481081826.jpeg?h=225&w=225,
254924572,Tesco Milk Chocolate Digestive 300G,https://www.tesco.com/groceries/en-GB/shop/food-cupboard/all?department=Biscuits%20%26%20Cereal%20Bars&viewAll=department&page=,£0.60,£0.20/100g,,,/groceries/en-GB/products/254924572,https://digitalcontent.api.tesco.com/v2/media/ghs/021c81cb-ff67-4a0e-9cc2-8094ccfbc729/46f0b925-ef8f-45fb-86df-7f2e30445447_2070791825.jpeg?h=225&w=225,
260169385,Tesco Fig Rolls 200G,https://www.tesco.com/groceries/en-GB/shop/food-cupboard/all?department=Biscuits%20%26%20Cereal%20Bars&viewAll=department&page=,£0.49,£0.24/100g,Aldi Price Match,,/groceries/en-GB/products/260169385,https://digitalcontent.api.tesco.com/v2/media/ghs/71f761ce-740d-4a93-be55-b07e5effa5a2/a479c88a-a35b-426e-a97f-edaa657d1427_1387654352.jpeg?h=225&w=225,
299598986,Ms Molly's Chocolate Digestives Biscuits 300G,https://www.tesco.com/groceries/en-GB/shop/food-cupboard/all?department=Biscuits%20%26%20Cereal%20Bars&viewAll=department&page=,£0.55,£0.18/100g,Aldi Price Match,,/groceries/en-GB/products/299598986,,
283724459,Tesco Shortbread Assortment Tin 500G,https://www.tesco.com/groceries/en-GB/shop/food-cupboard/all?department=Biscuits%20%26%20Cereal%20Bars&viewAll=department&page=,£5.00,£1.00/100g,,,/groceries/en-GB/products/283724459,,
305829826,Fibre One Chocolate Fudge Brownie Reduced Sugar 5 X 24G,https://www.tesco.com/groceries/en-GB/shop/food-cupboard/all?department=Biscuits%20%26%20Cereal%20Bars&viewAll=department&page=,£2.60,£2.17/100g,,,/groceries/en-GB/products/305829826,,
312217993,Graze Fibre Oat Boosts Cherry Bakewell 4 X 30G,https://www.tesco.com/groceries/en-GB/shop/food-cupboard/all?department=Biscuits%20%26%20Cereal%20Bars&viewAll=department&page=,£2.50,£2.09/100g,,New,/groceries/en-GB/products/312217993,https://digitalcontent.api.tesco.com/v2/media/ghs/8bc2ae8f-dba1-4f0d-be66-e806d19a688b/ec3a9974-1ee9-4338-b4ee-a14f4bb91cda_1521850969.jpeg?h=225&w=225,
312367434,Graze Protein Oat Boosts Lemon Blueberry 4X 30G,https://www.tesco.com/groceries/en-GB/shop/food-cupboard/all?department=Biscuits%20%26%20Cereal%20Bars&viewAll=department&page=,£2.50,£2.09/100g,,New,/groceries/en-GB/products/312367434,https://digitalcontent.api.tesco.com/v2/media/ghs/c08939d0-a059-4748-9151-0d298ad25763/69e4593e-e81b-44b2-8946-1a1c32299e47_785293023.jpeg?h=225&w=225,
312084250,Graze Protein Oat Boosts Peanut Butter Flapjacks 4X 30G,https://www.tesco.com/groceries/en-GB/shop/food-cupboard/all?department=Biscuits%20%26%20Cereal%20Bars&viewAll=department&page=,£2.50,£2.09/100g,,New,/groceries/en-GB/products/312084250,https://digitalcontent.api.tesco.com/v2/media/ghs/f3dfc20a-6512-407b-8b04-f70850d0eb20/2d83b8d3-52b5-449a-9bb5-778ab8cc4c62_522683511.jpeg?h=225&w=225,
293379247,Nature Valley Crunchy Granola Variety Cereal Bars 5 X 42G,https://www.tesco.com/groceries/en-GB/shop/food-cupboard/all?department=Biscuits%20%26%20Cereal%20Bars&viewAll=department&page=,£2.40,£1.15/100g,,,/groceries/en-GB/products/293379247,https://digitalcontent.api.tesco.com/v2/media/ghs/0c16046d-a98d-4c69-aecc-37229e195c81/c0280bde-9db1-4ffc-9d73-bf043cdf820d_1503711228.jpeg?h=225&w=225,
290483888,Mcvities Digestive Twin Pack 2X400g,https://www.tesco.com/groceries/en-GB/shop/food-cupboard/all?department=Biscuits%20%26%20Cereal%20Bars&viewAll=department&page=,£2.30,£0.29/100g,,,/groceries/en-GB/products/290483888,https://digitalcontent.api.tesco.com/v2/media/ghs/799a60d0-80fe-4df7-8566-3f52ec495262/a8657a8f-9b42-4b96-b50c-ce8e8575f9cf_1834336159.jpeg?h=225&w=225,
255352138,Mcvities Rich Tea Twin Pack 2 X 300G,https://www.tesco.com/groceries/en-GB/shop/food-cupboard/all?department=Biscuits%20%26%20Cereal%20Bars&viewAll=department&page=,£2.50,£0.42/100g,,,/groceries/en-GB/products/255352138,https://digitalcontent.api.tesco.com/v2/media/ghs/4b51195d-5c06-48cd-9065-2c4d5ceb58ef/2020136d-8147-4bb2-b358-c51905830b18_359798969.jpeg?h=225&w=225,
311445997,Belvita Soft Bakes Apricot Filled 5 Pack 250G,https://www.tesco.com/groceries/en-GB/shop/food-cupboard/all?department=Biscuits%20%26%20Cereal%20Bars&viewAll=department&page=,£2.70,£1.08/100g,£1.75 Clubcard Price,,/groceries/en-GB/products/311445997,https://digitalcontent.api.tesco.com/v2/media/ghs/7e93707a-2dee-45c5-b1b4-4a5faa73592f/2a1efc84-e8a9-44fc-bc38-ea39a7529b39_2012762740.jpeg?h=225&w=225,
312344254,Belvita Fruit Crunch Raisin & Currant 225G,https://www.tesco.com/groceries/en-GB/shop/food-cupboard/all?department=Biscuits%20%26%20Cereal%20Bars&viewAll=department&page=,£2.70,£1.20/100g,,New,/groceries/en-GB/products/312344254,https://digitalcontent.api.tesco.com/v2/media/ghs/21b5fd2d-5888-433e-9d6d-d6ae59cd718b/1bd504ab-c83c-4544-b898-758a3eb3c5bc_999714877.jpeg?h=225&w=225,
312231785,Belvita Fruit Crunch Apple & Pear Multigrain 225G,https://www.tesco.com/groceries/en-GB/shop/food-cupboard/all?department=Biscuits%20%26%20Cereal%20Bars&viewAll=department&page=,£2.70,£1.20/100g,,New,/groceries/en-GB/products/312231785,https://digitalcontent.api.tesco.com/v2/media/ghs/6a628ff1-2f4d-4bf6-b104-f341624f1509/5bbe5f3d-f43c-4e82-8b71-942c045208e7_136320182.jpeg?h=225&w=225,
286519272,Foxs Chocolate Chocolate Viennese 120G,https://www.tesco.com/groceries/en-GB/shop/food-cupboard/all?department=Biscuits%20%26%20Cereal%20Bars&viewAll=department&page=,£1.50,£1.25/100g,,,/groceries/en-GB/products/286519272,https://digitalcontent.api.tesco.com/v2/media/ghs/318b9048-df9e-482d-b563-c507b1c50a79/e9881f31-66f5-4f40-b5e0-2bce3e1979a3_285590371.jpeg?h=225&w=225,
250202816,Kellogg's Rice Krispie Squares Caramel 4 X 36G,https://www.tesco.com/groceries/en-GB/shop/food-cupboard/all?department=Biscuits%20%26%20Cereal%20Bars&viewAll=department&page=,£2.00,£1.39/100g,,,/groceries/en-GB/products/250202816,https://digitalcontent.api.tesco.com/v2/media/ghs/4fc22981-b4d4-46c6-8fa4-7f855b82012b/4e21cc2d-e1ca-45cd-9698-0fa623188a1d_1481040598.jpeg?h=225&w=225,
289878702,Mcvities Dark Chocolate Digestives 400G,https://www.tesco.com/groceries/en-GB/shop/food-cupboard/all?department=Biscuits%20%26%20Cereal%20Bars&viewAll=department&page=,£1.95,£0.49/100g,,,/groceries/en-GB/products/289878702,https://digitalcontent.api.tesco.com/v2/media/ghs/c5213dc0-7ae3-40cb-bb7c-9fb1e37d40f2/149d9e83-7bdc-46bd-abf3-695869be7527_903758164.jpeg?h=225&w=225,
278371514,Mcvities Chocolate Hobnobs 262G,https://www.tesco.com/groceries/en-GB/shop/food-cupboard/all?department=Biscuits%20%26%20Cereal%20Bars&viewAll=department&page=,£1.69,£0.64/100g,,,/groceries/en-GB/products/278371514,https://digitalcontent.api.tesco.com/v2/media/ghs/34a5752e-ee95-44f8-bd08-073746b0fcd3/52930e52-d965-40ee-8714-9ec60a88f01c_1262696179.jpeg?h=225&w=225,
272616604,Oreo Vanilla 2 X 154G,https://www.tesco.com/groceries/en-GB/shop/food-cupboard/all?department=Biscuits%20%26%20Cereal%20Bars&viewAll=department&page=,£1.50,£0.49/100g,,,/groceries/en-GB/products/272616604,https://digitalcontent.api.tesco.com/v2/media/ghs/af856826-da44-4d0a-a6dd-2c3eaf763b59/42ce2891-8b28-4341-8e21-41466c0d2909_955261339.jpeg?h=225&w=225,
286541584,Foxs Chocolatey Milk Chocolate Rounds 130G,https://www.tesco.com/groceries/en-GB/shop/food-cupboard/all?department=Biscuits%20%26%20Cereal%20Bars&viewAll=department&page=,£1.50,£1.16/100g,,,/groceries/en-GB/products/286541584,https://digitalcontent.api.tesco.com/v2/media/ghs/e16af852-2351-462f-8ef6-ec4463b1bd1b/ec4cb66b-2da2-4342-8281-9dea88b23afb_841959590.jpeg?h=225&w=225,
301516189,Mcvitie's Jaffa Cakes Triple Pack 30 Cakes,https://www.tesco.com/groceries/en-GB/shop/food-cupboard/all?department=Biscuits%20%26%20Cereal%20Bars&viewAll=department&page=,£2.50,£0.08/each,£1.50 Clubcard Price,,/groceries/en-GB/products/301516189,https://digitalcontent.api.tesco.com/v2/media/ghs/c15627b9-96fc-42b2-8ca2-59e2498145db/fd52e89f-f083-4124-89ce-8d44fa95eeb8_1027477709.jpeg?h=225&w=225,
306665038,Barny Chocolate Sponge Bears 5 Pack 125G,https://www.tesco.com/groceries/en-GB/shop/food-cupboard/all?department=Biscuits%20%26%20Cereal%20Bars&viewAll=department&page=,£1.80,£1.44/100g,£1.00 Clubcard Price,,/groceries/en-GB/products/306665038,https://digitalcontent.api.tesco.com/v2/media/ghs/dbc8c1a3-df5f-4e3f-9ef4-3e38dee4248e/155e43ec-5044-4368-b749-56f273748944_2055836653.jpeg?h=225&w=225,
254922666,Mcvitie Digestive 250G,https://www.tesco.com/groceries/en-GB/shop/food-cupboard/all?department=Biscuits%20%26%20Cereal%20Bars&viewAll=department&page=,£1.19,£0.48/100g,,,/groceries/en-GB/products/254922666,https://digitalcontent.api.tesco.com/v2/media/ghs/662aa3d1-0542-47df-89c4-d60277e53e62/9dad0617-6114-4fa2-bc92-ce3f0b23d90a_228302011.jpeg?h=225&w=225,
301420722,Oreo Lunchbox Vanilla 132G,https://www.tesco.com/groceries/en-GB/shop/food-cupboard/all?department=Biscuits%20%26%20Cereal%20Bars&viewAll=department&page=,£1.00,£0.76/100g,,,/groceries/en-GB/products/301420722,https://digitalcontent.api.tesco.com/v2/media/ghs/c5f2d4a8-be46-4fdd-9189-acaf9b22334b/764e394c-fc41-41b1-b905-f5254a12e172_1611503158.jpeg?h=225&w=225,
260876688,Mcvities Club Orange Chocolate Biscuit 8 Pack 176G,https://www.tesco.com/groceries/en-GB/shop/food-cupboard/all?department=Biscuits%20%26%20Cereal%20Bars&viewAll=department&page=,£1.25,£0.71/100g,,,/groceries/en-GB/products/260876688,https://digitalcontent.api.tesco.com/v2/media/ghs/55b41fcc-fbb8-4145-8ccc-8bbcc4e3fbf8/41674f81-0402-43e1-a8a9-b4a3c40fa30f_1963954481.jpeg?h=225&w=225,
278790657,Oreo Double Stuff 157G,https://www.tesco.com/groceries/en-GB/shop/food-cupboard/all?department=Biscuits%20%26%20Cereal%20Bars&viewAll=department&page=,£1.10,£0.70/100g,,,/groceries/en-GB/products/278790657,https://digitalcontent.api.tesco.com/v2/media/ghs/d221b0de-4eb3-4f34-98c3-32fef4d25510/abd5d3d3-aa91-47b3-9400-a818ad94dc17_2101565675.jpeg?h=225&w=225,
312984803,Graze Cocoa Vanilla & Protein Flapjack 50G,https://www.tesco.com/groceries/en-GB/shop/food-cupboard/all?department=Biscuits%20%26%20Cereal%20Bars&viewAll=department&page=,£1.00,£2.00/100g,"£3.40 Meal Deal Clubcard Price £3.90 Meal Deal Regular Price - Selected Drink, Snack, Wrap, Sandwich, Roll, Pasty Or Salad",,/groceries/en-GB/products/312984803,https://digitalcontent.api.tesco.com/v2/media/ghs/92a51435-d03c-438a-a231-f4f9e988cc93/5fe0112a-7b14-4714-939a-19914e89f275_1493628609.jpeg?h=225&w=225,
312353257,Graze Peanut Butter Flapjack 50G,https://www.tesco.com/groceries/en-GB/shop/food-cupboard/all?department=Biscuits%20%26%20Cereal%20Bars&viewAll=department&page=,£1.00,£2.00/100g,"£3.40 Meal Deal Clubcard Price £3.90 Meal Deal Regular Price - Selected Drink, Snack, Wrap, Sandwich, Roll, Pasty Or Salad",,/groceries/en-GB/products/312353257,https://digitalcontent.api.tesco.com/v2/media/ghs/810ced07-6b0a-4a18-b899-f77dd58bddd2/a98a56b8-e6d9-4fba-b1b2-ea6e3ce0c6a4_1312473012.jpeg?h=225&w=225,
304402653,Mcvitie's Family Circle Biscuits 620G,https://www.tesco.com/groceries/en-GB/shop/food-cupboard/all?department=Biscuits%20%26%20Cereal%20Bars&viewAll=department&page=,£2.95,£0.48/100g,£2.00 Clubcard Price,,/groceries/en-GB/products/304402653,https://digitalcontent.api.tesco.com/v2/media/ghs/b5d497b5-4dab-46f3-bd82-54bc28e7ede1/ff0c66d6-d653-4422-b1d2-5aa891132341_1877995264.jpeg?h=225&w=225,
309464219,Cadbury Brunch Bar Raisin 5X32g,https://www.tesco.com/groceries/en-GB/shop/food-cupboard/all?department=Biscuits%20%26%20Cereal%20Bars&viewAll=department&page=,£1.00,£0.62/100g,,,/groceries/en-GB/products/309464219,https://digitalcontent.api.tesco.com/v2/media/ghs/d87d5257-f525-4d12-a7db-185ddefbf8c0/1be2bed5-189f-493b-8dca-e7f4ed2c4b7a_58800538.jpeg?h=225&w=225,
309484057,Cadbury Timeout Wafer Biscuits 6 X 20.2G,https://www.tesco.com/groceries/en-GB/shop/food-cupboard/all?department=Biscuits%20%26%20Cereal%20Bars&viewAll=department&page=,£1.00,£0.82/100g,,,/groceries/en-GB/products/309484057,https://digitalcontent.api.tesco.com/v2/media/ghs/7164f5ea-dccb-420a-994b-58f8c00a6c24/45cd796f-fa35-4e9f-b8ca-de08f830c668_1018343944.jpeg?h=225&w=225,
252861844,Kellogg's Coco Pops Cereal Bar 6 X 20G,https://www.tesco.com/groceries/en-GB/shop/food-cupboard/all?department=Biscuits%20%26%20Cereal%20Bars&viewAll=department&page=,£1.00,£0.83/100g,,,/groceries/en-GB/products/252861844,https://digitalcontent.api.tesco.com/v2/media/ghs/d5477313-613c-483e-ae48-f84ab8dd9341/626e53e3-2464-4cf2-8fa3-2db9fe0cf023_1780325028.jpeg?h=225&w=225,
252882312,Kellogg's Frosties Cereal Bars 6 X 25G,https://www.tesco.com/groceries/en-GB/shop/food-cupboard/all?department=Biscuits%20%26%20Cereal%20Bars&viewAll=department&page=,£1.00,£0.67/100g,,,/groceries/en-GB/products/252882312,https://digitalcontent.api.tesco.com/v2/media/ghs/e270378b-c521-4e5e-9853-dba0a794284c/863db704-bc48-4d5f-86bd-a76b83f864a6_1480356190.jpeg?h=225&w=225,
278044885,Jammie Dodgers Twin Pack 280 G,https://www.tesco.com/groceries/en-GB/shop/food-cupboard/all?department=Biscuits%20%26%20Cereal%20Bars&viewAll=department&page=,£1.20,£0.43/100g,,,/groceries/en-GB/products/278044885,https://digitalcontent.api.tesco.com/v2/media/ghs/924d69d8-38e9-45ec-96b6-185b1a4e138d/752b14af-56eb-4b35-888c-478cfd1400b0_880904351.jpeg?h=225&w=225,
311937317,Graze Lively Lemon Flapjack 53G,https://www.tesco.com/groceries/en-GB/shop/food-cupboard/all?department=Biscuits%20%26%20Cereal%20Bars&viewAll=department&page=,£1.00,£1.89/100g,"£3.40 Meal Deal Clubcard Price £3.90 Meal Deal Regular Price - Selected Drink, Snack, Wrap, Sandwich, Roll, Pasty Or Salad",,/groceries/en-GB/products/311937317,https://digitalcontent.api.tesco.com/v2/media/ghs/f971da6d-2697-4f7b-b92e-54b7f5c8c037/5da2c0e3-6e1c-4269-896e-23c45ea0c3aa_1107176956.jpeg?h=225&w=225,
304783949,Cadbury Animals With Freddo 7 Pack 139.3G,https://www.tesco.com/groceries/en-GB/shop/food-cupboard/all?department=Biscuits%20%26%20Cereal%20Bars&viewAll=department&page=,,,,,/groceries/en-GB/products/304783949,https://digitalcontent.api.tesco.com/v2/media/ghs/16017c85-917e-4a39-a4d8-67b821afc7c8/01d31ce7-75ae-4235-a5fa-687991aa2cd6_50924442.jpeg?h=225&w=225,This product's currently out of stock
293418761,Maryland Chocolate Chip Cookies 200G,https://www.tesco.com/groceries/en-GB/shop/food-cupboard/all?department=Biscuits%20%26%20Cereal%20Bars&viewAll=department&page=,£1.35,£0.68/100g,65p Clubcard Price,,/groceries/en-GB/products/293418761,https://digitalcontent.api.tesco.com/v2/media/ghs/91f2ed96-6f30-4a56-b060-f32efb423642/0264231f-029a-41ac-a808-603598c8acc3_43157864.jpeg?h=225&w=225,
254921644,Fox's Party Rings Biscuits 125G,https://www.tesco.com/groceries/en-GB/shop/food-cupboard/all?department=Biscuits%20%26%20Cereal%20Bars&viewAll=department&page=,£0.70,£0.56/100g,,,/groceries/en-GB/products/254921644,https://digitalcontent.api.tesco.com/v2/media/ghs/a9c1e805-baf7-406c-907b-d7849db0c798/bdf8258b-7f49-4114-832f-ee60ab48faae_298737507.jpeg?h=225&w=225,
267708169,Nature Valley Crunchy Canadian Maple Syrup Bar 42G,https://www.tesco.com/groceries/en-GB/shop/food-cupboard/all?department=Biscuits%20%26%20Cereal%20Bars&viewAll=department&page=,£0.65,£1.55/100g,"£3.40 Meal Deal Clubcard Price £3.90 Meal Deal Regular Price - Selected Drink, Snack, Wrap, Sandwich, Roll, Pasty Or Salad",,/groceries/en-GB/products/267708169,https://digitalcontent.api.tesco.com/v2/media/ghs/13e5f7b6-07f0-4cdc-a0c0-a29b8d730495/a3fb8fe0-92b2-4fbb-ad60-a94512cacad4_152504738.jpeg?h=225&w=225,
300795325,Tesco Jaffa Cakes Twin Pack 282G,https://www.tesco.com/groceries/en-GB/shop/food-cupboard/all?department=Biscuits%20%26%20Cereal%20Bars&viewAll=department&page=,£1.10,£0.39/100g,,,/groceries/en-GB/products/300795325,https://digitalcontent.api.tesco.com/v2/media/ghs/8538a700-fec9-4a6e-8147-28759e24b5c6/5ef9abef-9b70-4ac0-bfd6-41921e6c6d20_1700309187.jpeg?h=225&w=225,
305433522,Ms Molly's 8 Chewy Caramel Wafer Biscuits 224G,https://www.tesco.com/groceries/en-GB/shop/food-cupboard/all?department=Biscuits%20%26%20Cereal%20Bars&viewAll=department&page=,£1.25,£0.56/100g,Aldi Price Match,,/groceries/en-GB/products/305433522,https://digitalcontent.api.tesco.com/v2/media/ghs/e874f548-5054-4a73-8e9d-9069c0d21fbd/9ccdc18a-bcda-4423-8cc1-caac2896ef69.jpeg?h=225&w=225,
250139776,Caxton Pink & White Wafers 6 Pack 85G,https://www.tesco.com/groceries/en-GB/shop/food-cupboard/all?department=Biscuits%20%26%20Cereal%20Bars&viewAll=department&page=,£0.50,£0.59/100g,,,/groceries/en-GB/products/250139776,https://digitalcontent.api.tesco.com/v2/media/ghs/50916374-e107-4513-a9d5-f3eeb9bb182a/48f3b6de-7f9f-49bd-91a0-9303e484979d_2091224779.jpeg?h=225&w=225,
301516229,Cadbury Snack Cake 6 Pack 120G,https://www.tesco.com/groceries/en-GB/shop/food-cupboard/all?department=Biscuits%20%26%20Cereal%20Bars&viewAll=department&page=,,,,,/groceries/en-GB/products/301516229,https://digitalcontent.api.tesco.com/v2/media/ghs/46962a29-f9f2-4bb4-805f-c6d19ec2d571/33ae2568-5cac-439a-94a1-03471dabf729_1795164895.jpeg?h=225&w=225,This product's currently out of stock
290329053,Tesco Fruit Shortcake Biscuits 200G,https://www.tesco.com/groceries/en-GB/shop/food-cupboard/all?department=Biscuits%20%26%20Cereal%20Bars&viewAll=department&page=,£0.49,£0.24/100g,,,/groceries/en-GB/products/290329053,https://digitalcontent.api.tesco.com/v2/media/ghs/064f8bc6-e4e5-46b0-9d2d-db7d81245af7/f0a6d69b-49ac-4e3a-a919-04e8cf72878b_861304002.jpeg?h=225&w=225,
293369461,Tesco Chocolatey Biscuit Selection 450G,https://www.tesco.com/groceries/en-GB/shop/food-cupboard/all?department=Biscuits%20%26%20Cereal%20Bars&viewAll=department&page=,£4.00,£0.89/100g,,,/groceries/en-GB/products/293369461,https://digitalcontent.api.tesco.com/v2/media/ghs/d1a066fc-f8c4-4977-9edc-47ab139eeed9/5bac7c5c-6555-4da9-883e-3af7d137e564_1825791748.jpeg?h=225&w=225,
297549518,Tesco Milk Chocolate Biscuit Selection 450G,https://www.tesco.com/groceries/en-GB/shop/food-cupboard/all?department=Biscuits%20%26%20Cereal%20Bars&viewAll=department&page=,£4.00,£0.89/100g,,,/groceries/en-GB/products/297549518,https://digitalcontent.api.tesco.com/v2/media/ghs/023efc04-9e5b-4291-9848-4dc8fdfdeddb/6e774bda-2dca-4ede-987d-fa7699cb3bb1_1619491964.jpeg?h=225&w=225,
296445631,Graze Cocoa & Vanilla Bar 4 X 30G,https://www.tesco.com/groceries/en-GB/shop/food-cupboard/all?department=Biscuits%20%26%20Cereal%20Bars&viewAll=department&page=,£2.50,£2.09/100g,,,/groceries/en-GB/products/296445631,https://digitalcontent.api.tesco.com/v2/media/ghs/3a8f7c80-1a81-4b26-9001-8279b37f97dc/debf9dd9-a8d9-4658-a61c-a6e8678bda32_818957348.jpeg?h=225&w=225,
310183003,Dean's Spiced Clementine Shortbread Squares 200G,https://www.tesco.com/groceries/en-GB/shop/food-cupboard/all?department=Biscuits%20%26%20Cereal%20Bars&viewAll=department&page=,£3.00,£1.50/100g,,New,/groceries/en-GB/products/310183003,https://digitalcontent.api.tesco.com/v2/media/ghs/6c008cb2-6b11-4d9c-b8df-a52ae7b61317/93ac8f35-afcd-420a-811a-f9abd005eeec_568232610.jpeg?h=225&w=225,
268413556,Nature Valley Crunchy Granola Oats & Chocolate Bars 5X42g,https://www.tesco.com/groceries/en-GB/shop/food-cupboard/all?department=Biscuits%20%26%20Cereal%20Bars&viewAll=department&page=,£2.40,£1.15/100g,,,/groceries/en-GB/products/268413556,https://digitalcontent.api.tesco.com/v2/media/ghs/0d7829de-be6a-48d7-a079-f351257bf396/f43caf4c-aa88-4af1-ac2e-991c450a3c7d_2095956032.jpeg?h=225&w=225,
280448128,Nature Valley Granola Bars Maple Syrup 5 Pack,https://www.tesco.com/groceries/en-GB/shop/food-cupboard/all?department=Biscuits%20%26%20Cereal%20Bars&viewAll=department&page=,£2.40,£1.15/100g,,,/groceries/en-GB/products/280448128,https://digitalcontent.api.tesco.com/v2/media/ghs/86577de5-d292-403b-80a4-fac3014e9b2a/9d6f71bd-8fce-436c-9537-0a9bc1796502_343210486.jpeg?h=225&w=225,
302314259,Fox's Classic Biscuit Selection 550G,https://www.tesco.com/groceries/en-GB/shop/food-cupboard/all?department=Biscuits%20%26%20Cereal%20Bars&viewAll=department&page=,£4.00,£0.73/100g,£3.00 Clubcard Price,,/groceries/en-GB/products/302314259,,
254926040,Tesco Biscuits For Cheese 500G,https://www.tesco.com/groceries/en-GB/shop/food-cupboard/all?department=Biscuits%20%26%20Cereal%20Bars&viewAll=department&page=,£3.00,£0.60/100g,,,/groceries/en-GB/products/254926040,,
289954626,Belvita Soft Bakes Chocolate Chip 250G,https://www.tesco.com/groceries/en-GB/shop/food-cupboard/all?department=Biscuits%20%26%20Cereal%20Bars&viewAll=department&page=,£2.50,£1.00/100g,,,/groceries/en-GB/products/289954626,https://digitalcontent.api.tesco.com/v2/media/ghs/8c60c871-d744-475a-b5de-a6475705c77e/35762679-e0e4-4da0-9587-43fb70b66ecc_568945776.jpeg?h=225&w=225,
284256556,Eat Natural Protein Bar 3 X 45G,https://www.tesco.com/groceries/en-GB/shop/food-cupboard/all?department=Biscuits%20%26%20Cereal%20Bars&viewAll=department&page=,£2.20,£1.63/100g,,,/groceries/en-GB/products/284256556,https://digitalcontent.api.tesco.com/v2/media/ghs/c03439d1-8b6e-402c-83e3-cef8a654fee2/3fc9ad94-a1dd-4e7e-82c9-ebec677b8e3b_775643892.jpeg?h=225&w=225,
255126023,Organix 12 Month Apple & Raspberry Fruit & Cereal Bar 6X30g,https://www.tesco.com/groceries/en-GB/shop/food-cupboard/all?department=Biscuits%20%26%20Cereal%20Bars&viewAll=department&page=,£2.50,£1.39/100g,£2.00 Clubcard Price,,/groceries/en-GB/products/255126023,https://digitalcontent.api.tesco.com/v2/media/ghs/2906b2c6-8be7-4122-8ff6-ae0d281dac2d/d33318e5-8626-4225-bd2a-fef6cc128501_2047432411.jpeg?h=225&w=225,
301088337,Lotus Biscoff Snack Pack 248G,https://www.tesco.com/groceries/en-GB/shop/food-cupboard/all?department=Biscuits%20%26%20Cereal%20Bars&viewAll=department&page=,£1.60,£0.65/100g,,,/groceries/en-GB/products/301088337,https://digitalcontent.api.tesco.com/v2/media/ghs/26442f39-49f7-40e9-8774-325a4be520b8/83446c14-80aa-4b92-a429-ee50cee86820_1687034734.jpeg?h=225&w=225,
251232560,Go Ahead Apple Bakes 6X35g,https://www.tesco.com/groceries/en-GB/shop/food-cupboard/all?department=Biscuits%20%26%20Cereal%20Bars&viewAll=department&page=,£1.75,£0.83/100g,,,/groceries/en-GB/products/251232560,https://digitalcontent.api.tesco.com/v2/media/ghs/9d7fa690-5fe4-4e54-8290-fc46512151d5/bf9d9e99-b1b3-4791-8a79-25d5e82a4d64_1024526923.jpeg?h=225&w=225,
313008104,Mcvitie's Dark Chocolate Digestive Biscuit 2 X 266G,https://www.tesco.com/groceries/en-GB/shop/food-cupboard/all?department=Biscuits%20%26%20Cereal%20Bars&viewAll=department&page=,£1.99,£0.37/100g,,,/groceries/en-GB/products/313008104,https://digitalcontent.api.tesco.com/v2/media/ghs/90249e19-fee5-4b49-8237-ebd7636730f5/8765d592-ee32-4473-b851-48ac8f6a1299_1322039224.jpeg?h=225&w=225,
255018278,Mcvities Digestive 400G,https://www.tesco.com/groceries/en-GB/shop/food-cupboard/all?department=Biscuits%20%26%20Cereal%20Bars&viewAll=department&page=,£1.60,£0.40/100g,,,/groceries/en-GB/products/255018278,https://digitalcontent.api.tesco.com/v2/media/ghs/539bc5ca-e753-4646-a3cc-134e0055d800/50764f85-02a1-4cb5-835f-a53556dccf70_1934070501.jpeg?h=225&w=225,
297544938,Belvita Honey & Nut Biscuits 225G,https://www.tesco.com/groceries/en-GB/shop/food-cupboard/all?department=Biscuits%20%26%20Cereal%20Bars&viewAll=department&page=,£1.25,£0.56/100g,,,/groceries/en-GB/products/297544938,https://digitalcontent.api.tesco.com/v2/media/ghs/bdd88ac0-0cea-477c-88a1-a02017e0c193/e2bd5606-a197-468f-a58f-38cd75965067_1447977544.jpeg?h=225&w=225,
297544790,Belvita Milk & Cereal Biscuits 225G,https://www.tesco.com/groceries/en-GB/shop/food-cupboard/all?department=Biscuits%20%26%20Cereal%20Bars&viewAll=department&page=,£1.25,£0.56/100g,,,/groceries/en-GB/products/297544790,https://digitalcontent.api.tesco.com/v2/media/ghs/cbf193dd-b9f7-448e-9cec-658cdc9662e8/12c4e71c-849c-4dd9-b2e3-6a3dba871648_490457310.jpeg?h=225&w=225,
297544633,Belvita Chocolate Chip Biscuits 225G,https://www.tesco.com/groceries/en-GB/shop/food-cupboard/all?department=Biscuits%20%26%20Cereal%20Bars&viewAll=department&page=,£1.25,£0.56/100g,,,/groceries/en-GB/products/297544633,https://digitalcontent.api.tesco.com/v2/media/ghs/dd4b5652-012e-4094-a7b7-f6252a9c0b40/936cad23-972d-4973-b832-2b0694d30f7c_63031815.jpeg?h=225&w=225,
283420185,Go Ahead Yogurt Breaks Forest Fruit 5X35.5G,https://www.tesco.com/groceries/en-GB/shop/food-cupboard/all?department=Biscuits%20%26%20Cereal%20Bars&viewAll=department&page=,£1.75,£0.99/100g,£1.25 Clubcard Price,,/groceries/en-GB/products/283420185,https://digitalcontent.api.tesco.com/v2/media/ghs/711fde73-ec57-42e0-a6f1-ec60bc8a6165/a0597472-fe20-4831-a5e3-bdbf24ec6200_693474551.jpeg?h=225&w=225,
311425074,Paterson's Shortbread Fingers 300G,https://www.tesco.com/groceries/en-GB/shop/food-cupboard/all?department=Biscuits%20%26%20Cereal%20Bars&viewAll=department&page=,£1.20,£0.40/100g,,,/groceries/en-GB/products/311425074,https://digitalcontent.api.tesco.com/v2/media/ghs/8bc23d3c-205a-480b-a606-bb8e623b15e2/484361b2-07ae-4a3d-9b4d-b84d0d703e0b_1137938761.jpeg?h=225&w=225,
302295234,Mcvities Iced Gems 6X23g,https://www.tesco.com/groceries/en-GB/shop/food-cupboard/all?department=Biscuits%20%26%20Cereal%20Bars&viewAll=department&page=,£1.25,£0.91/100g,,,/groceries/en-GB/products/302295234,https://digitalcontent.api.tesco.com/v2/media/ghs/293aadd0-461d-4d96-859b-56febb5f4199/81e8f150-ec09-491d-8835-50866358d398_518453449.jpeg?h=225&w=225,
277856922,Oreo White Chocolate Covered 246G,https://www.tesco.com/groceries/en-GB/shop/food-cupboard/all?department=Biscuits%20%26%20Cereal%20Bars&viewAll=department&page=,£2.50,£1.02/100g,£1.25 Clubcard Price,,/groceries/en-GB/products/277856922,https://digitalcontent.api.tesco.com/v2/media/ghs/06950300-f30f-4f7e-9ab3-e3754860b2e6/snapshotimagehandler_1806171856.jpeg?h=225&w=225,
283419585,Go Ahead Crispy Forest Fruit Slices 5 Pack,https://www.tesco.com/groceries/en-GB/shop/food-cupboard/all?department=Biscuits%20%26%20Cereal%20Bars&viewAll=department&page=,,,,,/groceries/en-GB/products/283419585,https://digitalcontent.api.tesco.com/v2/media/ghs/51390486-dd85-47a3-96d5-a26125eed9c7/2fd3b725-62b6-4c9b-b058-e12d230ce38c_1007182144.jpeg?h=225&w=225,This product's currently out of stock
297556849,Kit Kat 2 Finger Dark Chocolate Biscuits 9 Pack 186.3G,https://www.tesco.com/groceries/en-GB/shop/food-cupboard/all?department=Biscuits%20%26%20Cereal%20Bars&viewAll=department&page=,£1.50,£0.81/100g,,,/groceries/en-GB/products/297556849,https://digitalcontent.api.tesco.com/v2/media/ghs/d1175b31-b3cb-49ee-9c06-30153082cdfa/10af30eb-c505-4d00-a6cf-f56ac9cbb8ef_1825469358.jpeg?h=225&w=225,
312231301,Mcvities Caramel Digestive Biscuits 250G,https://www.tesco.com/groceries/en-GB/shop/food-cupboard/all?department=Biscuits%20%26%20Cereal%20Bars&viewAll=department&page=,£1.70,£0.68/100g,£1.35 Clubcard Price,,/groceries/en-GB/products/312231301,https://digitalcontent.api.tesco.com/v2/media/ghs/cc8120a5-1a08-4434-a54f-aca5c2bfed50/cc6a957d-6052-4027-8d33-8183ee795749_357604343.jpeg?h=225&w=225,
306650319,Fox's Half Coated Milk Chocolate Cookies 175G,https://www.tesco.com/groceries/en-GB/shop/food-cupboard/all?department=Biscuits%20%26%20Cereal%20Bars&viewAll=department&page=,£1.80,£1.03/100g,£1.25 Clubcard Price,,/groceries/en-GB/products/306650319,https://digitalcontent.api.tesco.com/v2/media/ghs/e89dcf1c-a159-4427-992b-67807da17f85/15970896-f45f-4c61-91b2-69e7b71e3411_2106548167.jpeg?h=225&w=225,
283420093,Go Ahead Apple & Sultana 5 X 43G,https://www.tesco.com/groceries/en-GB/shop/food-cupboard/all?department=Biscuits%20%26%20Cereal%20Bars&viewAll=department&page=,,,,,/groceries/en-GB/products/283420093,https://digitalcontent.api.tesco.com/v2/media/ghs/92ccc73c-1c6a-49f6-80ab-d244072812ee/f9b8d56a-09a2-4bf2-b9fd-ab9d5d196efd_592627049.jpeg?h=225&w=225,This product's currently out of stock
268313899,Mcvities Ginger Nuts 250G,https://www.tesco.com/groceries/en-GB/shop/food-cupboard/all?department=Biscuits%20%26%20Cereal%20Bars&viewAll=department&page=,£1.30,£0.52/100g,,,/groceries/en-GB/products/268313899,https://digitalcontent.api.tesco.com/v2/media/ghs/ffea73b8-0b49-4bb8-89e0-a9dcb020a7ed/d60ef971-77ee-4eed-b3ea-96b18d206b25_1880659433.jpeg?h=225&w=225,
257510953,Bahlsen Milk Choco Leibniz 125G,https://www.tesco.com/groceries/en-GB/shop/food-cupboard/all?department=Biscuits%20%26%20Cereal%20Bars&viewAll=department&page=,£1.60,£1.28/100g,£1.25 Clubcard Price,,/groceries/en-GB/products/257510953,https://digitalcontent.api.tesco.com/v2/media/ghs/9974cdc0-bab4-4474-8f8c-73de29dfd481/7de6c4f1-4ae4-40b1-91b1-62af2c31333f_956031754.jpeg?h=225&w=225,
304397295,Maryland Cookies Minis Double Chocolate Chip 6 Pack 118.8G,https://www.tesco.com/groceries/en-GB/shop/food-cupboard/all?department=Biscuits%20%26%20Cereal%20Bars&viewAll=department&page=,£1.20,£1.02/100g,,,/groceries/en-GB/products/304397295,https://digitalcontent.api.tesco.com/v2/media/ghs/22b4cce4-d621-46f8-9314-af60824ff513/a8611ba7-e1d2-4de7-99ce-102076be4404_1815736657.jpeg?h=225&w=225,
263538128,Yorkie Milk Chocolate Biscuits 7 Pack 171.5G,https://www.tesco.com/groceries/en-GB/shop/food-cupboard/all?department=Biscuits%20%26%20Cereal%20Bars&viewAll=department&page=,£1.25,£0.73/100g,Aldi Price Match,,/groceries/en-GB/products/263538128,,
258693843,Toffee Crisp Chocolate Biscuits 7 Pack 130.9G,https://www.tesco.com/groceries/en-GB/shop/food-cupboard/all?department=Biscuits%20%26%20Cereal%20Bars&viewAll=department&page=,£1.25,£0.96/100g,Aldi Price Match,,/groceries/en-GB/products/258693843,,
305974083,Alpen Light Cereal Bar Chocolate Raspberry Shortcakes 5X19g,https://www.tesco.com/groceries/en-GB/shop/food-cupboard/all?department=Biscuits%20%26%20Cereal%20Bars&viewAll=department&page=,£1.00,£1.06/100g,,,/groceries/en-GB/products/305974083,https://digitalcontent.api.tesco.com/v2/media/ghs/23649d8a-5b4f-4cc7-942b-a34ef87adc9a/b7e5e233-f9a8-4df8-8621-e2657fb2f675_850091239.jpeg?h=225&w=225,
252040802,Kellogg's Rice Krispies Cereal Milk Bars 6X20g,https://www.tesco.com/groceries/en-GB/shop/food-cupboard/all?department=Biscuits%20%26%20Cereal%20Bars&viewAll=department&page=,£1.00,£0.83/100g,,,/groceries/en-GB/products/252040802,https://digitalcontent.api.tesco.com/v2/media/ghs/bf8ef28e-cdc2-42a0-931c-457591c928e7/ffca5ee7-fd38-48ab-9fcc-501e9e6680a6_1453053149.jpeg?h=225&w=225,
272708450,Breakaway Milk Chocolate Biscuit 8 Pack 152.8G,https://www.tesco.com/groceries/en-GB/shop/food-cupboard/all?department=Biscuits%20%26%20Cereal%20Bars&viewAll=department&page=,£1.25,£0.82/100g,,,/groceries/en-GB/products/272708450,https://digitalcontent.api.tesco.com/v2/media/ghs/53d96a0f-c9a1-4274-a294-67aadc5c1cf0/fa99ac34-f960-431b-bb0f-1b92c4ea432b_713510504.jpeg?h=225&w=225,
264351180,Alpen Strawberry & Yogurt Cereal Bars 5X29g,https://www.tesco.com/groceries/en-GB/shop/food-cupboard/all?department=Biscuits%20%26%20Cereal%20Bars&viewAll=department&page=,£1.00,£0.69/100g,,,/groceries/en-GB/products/264351180,https://digitalcontent.api.tesco.com/v2/media/ghs/0704f0c6-88db-44e0-9a50-c7c899c89ce1/4ac2cd21-ceb3-4043-be3d-bc17107c0815_641457943.jpeg?h=225&w=225,
309174015,Cadbury Bournville Brunch Bar Chocolate Chip 5X32g,https://www.tesco.com/groceries/en-GB/shop/food-cupboard/all?department=Biscuits%20%26%20Cereal%20Bars&viewAll=department&page=,£1.00,£0.62/100g,,,/groceries/en-GB/products/309174015,https://digitalcontent.api.tesco.com/v2/media/ghs/190b591d-2764-4ae4-8be3-87639255a372/ce695f7a-d3f1-407e-95c6-c95d7a7c729e_1093825590.jpeg?h=225&w=225,
311783518,Twix Chocolate Fingers 9 X 20G,https://www.tesco.com/groceries/en-GB/shop/food-cupboard/all?department=Biscuits%20%26%20Cereal%20Bars&viewAll=department&page=,£1.75,£0.97/100g,£1.50 Clubcard Price,,/groceries/en-GB/products/311783518,https://digitalcontent.api.tesco.com/v2/media/ghs/32289e7b-9692-4cf3-a0e0-f949937de3dd/092c5fe5-41a4-4afd-a7d0-59cefa74da10_1115575662.jpeg?h=225&w=225,
257679200,Kinder Bueno Milk & Hazelnut 4 Pack 172G,https://www.tesco.com/groceries/en-GB/shop/food-cupboard/all?department=Biscuits%20%26%20Cereal%20Bars&viewAll=department&page=,£1.85,£1.08/100g,Aldi Price Match,,/groceries/en-GB/products/257679200,https://digitalcontent.api.tesco.com/v2/media/ghs/3b6a109c-c741-4e43-9205-9e457e5f7c0f/cf4c9ded-9acb-409f-9645-79dd9656e73d.jpeg?h=225&w=225,
258025719,Tesco Chocolate Chip Cookies 250G,https://www.tesco.com/groceries/en-GB/shop/food-cupboard/all?department=Biscuits%20%26%20Cereal%20Bars&viewAll=department&page=,£0.80,£0.32/100g,,,/groceries/en-GB/products/258025719,https://digitalcontent.api.tesco.com/v2/media/ghs/cb76daca-3f85-4d50-81bd-8d6f087e8f96/360b3d34-b2ca-4358-abd8-3e706a9f44ea_1317707248.jpeg?h=225&w=225,
311667455,Twix Chocolate Biscuits Fingers 16X20g 320G,https://www.tesco.com/groceries/en-GB/shop/food-cupboard/all?department=Biscuits%20%26%20Cereal%20Bars&viewAll=department&page=,£2.40,£0.75/100g,,,/groceries/en-GB/products/311667455,https://digitalcontent.api.tesco.com/v2/media/ghs/70e320b6-9f36-42d9-bc4d-18ee23448fd5/b5346539-e269-45de-8c7a-942f4b77e854_1928420635.jpeg?h=225&w=225,
256871244,Tesco Raisin Munch Bar 6X32g,https://www.tesco.com/groceries/en-GB/shop/food-cupboard/all?department=Biscuits%20%26%20Cereal%20Bars&viewAll=department&page=,£1.00,£0.52/100g,,,/groceries/en-GB/products/256871244,https://digitalcontent.api.tesco.com/v2/media/ghs/8df76a1a-288c-489e-8da3-1d916177d087/e6f7f166-e1be-468c-b0f1-be2d60929a8c_1958956643.jpeg?h=225&w=225,
301516241,Fox's Fabulously Biscuits 275G,https://www.tesco.com/groceries/en-GB/shop/food-cupboard/all?department=Biscuits%20%26%20Cereal%20Bars&viewAll=department&page=,£3.50,£1.28/100g,,,/groceries/en-GB/products/301516241,https://digitalcontent.api.tesco.com/v2/media/ghs/20ec9490-2ac1-4f6e-ad4c-0868a70394d8/7d534054-8f3a-43c3-a711-8bb01249eada_2027520517.jpeg?h=225&w=225,
293837253,Nature Valley Protein Peanut & Chocolate Bars 4X40g,https://www.tesco.com/groceries/en-GB/shop/food-cupboard/all?department=Biscuits%20%26%20Cereal%20Bars&viewAll=department&page=,£3.05,£1.91/100g,,,/groceries/en-GB/products/293837253,https://digitalcontent.api.tesco.com/v2/media/ghs/f2172fee-0160-473f-9d85-5800ce7549b3/16448f42-d356-4447-8d6d-6fbe706151f1_845544400.jpeg?h=225&w=225,
273686870,Belvita Biscuit Strawberry & Yogurt Crunch 253G,https://www.tesco.com/groceries/en-GB/shop/food-cupboard/all?department=Biscuits%20%26%20Cereal%20Bars&viewAll=department&page=,£2.50,£0.99/100g,£1.75 Clubcard Price,,/groceries/en-GB/products/273686870,https://digitalcontent.api.tesco.com/v2/media/ghs/59ee44fb-2d5d-4fdc-97dd-f45912680c06/ff83b1f2-fc54-4ab9-a1f3-84f0534dcfe3_391441453.jpeg?h=225&w=225,
297544898,Belvita Soft Filled Chocolate Biscuits 250G,https://www.tesco.com/groceries/en-GB/shop/food-cupboard/all?department=Biscuits%20%26%20Cereal%20Bars&viewAll=department&page=,£2.70,£1.08/100g,£1.75 Clubcard Price,,/groceries/en-GB/products/297544898,https://digitalcontent.api.tesco.com/v2/media/ghs/124e4964-524d-44ec-8b61-f5ff1f186eec/f92d9cfe-4cd3-48f4-90e1-921ba9ed8ab7_1255720901.jpeg?h=225&w=225,
253816949,Eat Natural Yogurt Almond & Apricot Bars 3X50g,https://www.tesco.com/groceries/en-GB/shop/food-cupboard/all?department=Biscuits%20%26%20Cereal%20Bars&viewAll=department&page=,£2.20,£1.47/100g,,,/groceries/en-GB/products/253816949,https://digitalcontent.api.tesco.com/v2/media/ghs/c88e3365-648c-4444-8c72-49bb88159bb8/1d3b8e37-f92b-4e1e-864d-1e1bf279734e_1481559758.jpeg?h=225&w=225,
256289352,Eat Natural Dark Chocolate Cranberry & Macadamia Bars 3X45g,https://www.tesco.com/groceries/en-GB/shop/food-cupboard/all?department=Biscuits%20%26%20Cereal%20Bars&viewAll=department&page=,£2.20,£1.63/100g,,,/groceries/en-GB/products/256289352,https://digitalcontent.api.tesco.com/v2/media/ghs/a8de1bf2-348c-4028-84fb-98c94169ca07/4b3902b6-cf00-435f-96fb-a43b77c8d9fc_1145947765.jpeg?h=225&w=225,
267952414,Kellogg's Nutrigrain Strawberry 6X37g,https://www.tesco.com/groceries/en-GB/shop/food-cupboard/all?department=Biscuits%20%26%20Cereal%20Bars&viewAll=department&page=,£2.00,£0.90/100g,,,/groceries/en-GB/products/267952414,https://digitalcontent.api.tesco.com/v2/media/ghs/c9f23b49-34b6-4b87-9740-81dcacfd755f/20743b78-3827-4f1c-9df7-d20d4db33b46_1433969408.jpeg?h=225&w=225,
309780121,Maryland Chocolate Chip Cookies 2 X 200G,https://www.tesco.com/groceries/en-GB/shop/food-cupboard/all?department=Biscuits%20%26%20Cereal%20Bars&viewAll=department&page=,£2.00,£0.50/100g,,,/groceries/en-GB/products/309780121,https://digitalcontent.api.tesco.com/v2/media/ghs/02527e2d-64e7-4dbe-a231-fb4a08fafb71/0d67479c-e3c4-414d-add1-5980c7ec1fb2_1365932495.jpeg?h=225&w=225,
307161304,Kinder Cards Biscuit Wafers 8 X 12.8G,https://www.tesco.com/groceries/en-GB/shop/food-cupboard/all?department=Biscuits%20%26%20Cereal%20Bars&viewAll=department&page=,£1.80,£1.76/100g,,,/groceries/en-GB/products/307161304,https://digitalcontent.api.tesco.com/v2/media/ghs/bb146efa-57cb-48bc-8fbf-afe982d1ccb2/7dc67d4e-eec9-48d8-a7cd-8da0cdc7d9a5_522382508.jpeg?h=225&w=225,
254922522,Mcvitie's Rich Tea Biscuits 300G,https://www.tesco.com/groceries/en-GB/shop/food-cupboard/all?department=Biscuits%20%26%20Cereal%20Bars&viewAll=department&page=,£1.50,£0.50/100g,,,/groceries/en-GB/products/254922522,https://digitalcontent.api.tesco.com/v2/media/ghs/34349e8b-717c-4c72-8cf3-de8427e020f6/80da97a2-ce9e-4857-b621-7405577f7316_1117280643.jpeg?h=225&w=225,
262103875,Kellogg's Nutri-Grain Chocolate Chip 6X45g,https://www.tesco.com/groceries/en-GB/shop/food-cupboard/all?department=Biscuits%20%26%20Cereal%20Bars&viewAll=department&page=,£2.50,£0.93/100g,£1.50 Clubcard Price,,/groceries/en-GB/products/262103875,https://digitalcontent.api.tesco.com/v2/media/ghs/8a5aff43-eaeb-4965-9224-c53ecd847b2f/debbb3c1-53cd-4070-9b51-50dd927bdf33_798651180.jpeg?h=225&w=225,
293639332,Nutella And Go Multi Pack 96G,https://www.tesco.com/groceries/en-GB/shop/food-cupboard/all?department=Biscuits%20%26%20Cereal%20Bars&viewAll=department&page=,£1.50,£1.57/100g,,,/groceries/en-GB/products/293639332,https://digitalcontent.api.tesco.com/v2/media/ghs/6c2d185f-de09-4a4b-aaa2-18a36c754f64/8ba86feb-2bc3-40b4-b123-e7766864b1f3_277965773.jpeg?h=225&w=225,
312988822,Mcvities Milk Chocolate Hobnob Biscuits 2 X 262G,https://www.tesco.com/groceries/en-GB/shop/food-cupboard/all?department=Biscuits%20%26%20Cereal%20Bars&viewAll=department&page=,£1.99,£0.38/100g,£1.75 Clubcard Price,,/groceries/en-GB/products/312988822,https://digitalcontent.api.tesco.com/v2/media/ghs/a21a0649-6e8e-48aa-9abc-a1d725221c7b/afd2f8cd-5482-47eb-af6b-167f064a187b_154970012.jpeg?h=225&w=225,
310685587,Fox's Salted Caramel Crunch Cream Biscuits 200G,https://www.tesco.com/groceries/en-GB/shop/food-cupboard/all?department=Biscuits%20%26%20Cereal%20Bars&viewAll=department&page=,£1.20,£0.60/100g,,,/groceries/en-GB/products/310685587,https://digitalcontent.api.tesco.com/v2/media/ghs/aa7cdf40-7804-4c12-955b-0f4828e42a84/38d09184-a966-4912-bcdd-ebab7a2660bf_1895266172.jpeg?h=225&w=225,
302294609,Belvita Breakfast Reduced Sugar Chocolate Chips Biscuit 5 Pack 225G,https://www.tesco.com/groceries/en-GB/shop/food-cupboard/all?department=Biscuits%20%26%20Cereal%20Bars&viewAll=department&page=,£1.25,£0.56/100g,,,/groceries/en-GB/products/302294609,https://digitalcontent.api.tesco.com/v2/media/ghs/c7650018-db98-4809-9e9e-5d326e0167ad/1edee9e7-4f07-48e8-a4ee-426138a2d242_1970234507.jpeg?h=225&w=225,
300917252,Mcvities Milk Chocolate Digestive 266G,https://www.tesco.com/groceries/en-GB/shop/food-cupboard/all?department=Biscuits%20%26%20Cereal%20Bars&viewAll=department&page=,£1.69,£0.64/100g,£1.35 Clubcard Price,,/groceries/en-GB/products/300917252,https://digitalcontent.api.tesco.com/v2/media/ghs/2eb2f8ed-2eb6-4b41-93a4-4309c94d1987/65bf37b9-83db-4206-b288-fe4fca11d021_885799414.jpeg?h=225&w=225,
257722420,Jordans Frusli Blueberry Burst 6X30g,https://www.tesco.com/groceries/en-GB/shop/food-cupboard/all?department=Biscuits%20%26%20Cereal%20Bars&viewAll=department&page=,£2.00,£1.12/100g,£1.50 Clubcard Price,,/groceries/en-GB/products/257722420,https://digitalcontent.api.tesco.com/v2/media/ghs/15208a2d-c012-428c-ae66-56631a0eadd7/dcef9214-7723-4fbd-92cf-b66e5010dd3c_1371009021.jpeg?h=225&w=225,
283419775,Mcvitie Go Ahead Yogurt Breaks Strawberry 5X35.5G,https://www.tesco.com/groceries/en-GB/shop/food-cupboard/all?department=Biscuits%20%26%20Cereal%20Bars&viewAll=department&page=,£1.75,£0.99/100g,£1.25 Clubcard Price,,/groceries/en-GB/products/283419775,https://digitalcontent.api.tesco.com/v2/media/ghs/cd6fed6a-9a3a-44de-bf97-27db7435ab10/a9afb219-621a-485a-b5c1-f8c50a2228c8_1820029745.jpeg?h=225&w=225,
290351048,Tesco Chunky Chocolate 10 Cookies 200G,https://www.tesco.com/groceries/en-GB/shop/food-cupboard/all?department=Biscuits%20%26%20Cereal%20Bars&viewAll=department&page=,£1.10,£0.55/100g,,,/groceries/en-GB/products/290351048,https://digitalcontent.api.tesco.com/v2/media/ghs/36161e69-d78b-4022-8735-0c069d953c57/1f9dd8a6-5b90-4485-858c-98a90d964670_1061335078.jpeg?h=225&w=225,
311780591,Mcvitie's Mini Gingerbread Men 6X19g,https://www.tesco.com/groceries/en-GB/shop/food-cupboard/all?department=Biscuits%20%26%20Cereal%20Bars&viewAll=department&page=,£1.25,£1.10/100g,,,/groceries/en-GB/products/311780591,https://digitalcontent.api.tesco.com/v2/media/ghs/36732fd4-5b36-4258-a222-3548622576bb/149b5736-1e6d-455a-85bc-1a673c9d0402_38367454.jpeg?h=225&w=225,
290350049,Tesco Sultana & Oat Cookies 200G,https://www.tesco.com/groceries/en-GB/shop/food-cupboard/all?department=Biscuits%20%26%20Cereal%20Bars&viewAll=department&page=,£1.10,£0.55/100g,,,/groceries/en-GB/products/290350049,https://digitalcontent.api.tesco.com/v2/media/ghs/46226a5e-d86f-4395-93b8-c8eea7c577e8/b92a3d2e-6fee-4dbc-8c06-d57badc0d553_221741175.jpeg?h=225&w=225,
257595500,Burtons Wagon Wheels Original Biscuit 6 Pack,https://www.tesco.com/groceries/en-GB/shop/food-cupboard/all?department=Biscuits%20%26%20Cereal%20Bars&viewAll=department&page=,£1.15,£0.19/each,,,/groceries/en-GB/products/257595500,https://digitalcontent.api.tesco.com/v2/media/ghs/7a782d68-d2e1-4988-af14-ab4c138e459f/6a693ebb-aa5a-4d4f-9529-883ba47c9490_822144061.jpeg?h=225&w=225,
305983613,Barny Milk Kids Sponge Bear 5 Pack 125G,https://www.tesco.com/groceries/en-GB/shop/food-cupboard/all?department=Biscuits%20%26%20Cereal%20Bars&viewAll=department&page=,£1.80,£1.44/100g,£1.00 Clubcard Price,,/groceries/en-GB/products/305983613,https://digitalcontent.api.tesco.com/v2/media/ghs/a4fcf573-f2ea-46da-b767-f4f5d482b18f/05668b26-63c2-40b3-bc96-ce1e7b811954_1032174110.jpeg?h=225&w=225,
305983890,Mcvitie's Gold Bars 8 Pack 142G,https://www.tesco.com/groceries/en-GB/shop/food-cupboard/all?department=Biscuits%20%26%20Cereal%20Bars&viewAll=department&page=,£1.25,£0.88/100g,,,/groceries/en-GB/products/305983890,https://digitalcontent.api.tesco.com/v2/media/ghs/6d19a22e-015d-43b0-a404-74409e8dd922/bf3c48d9-0c91-4235-9f97-b00175157305_1886189101.jpeg?h=225&w=225,
302460851,Blue Riband Original 16X18g,https://www.tesco.com/groceries/en-GB/shop/food-cupboard/all?department=Biscuits%20%26%20Cereal%20Bars&viewAll=department&page=,£1.95,£0.68/100g,,,/groceries/en-GB/products/302460851,https://digitalcontent.api.tesco.com/v2/media/ghs/ffa955c3-493a-47fb-bb0c-bf0e8e565314/4f4df204-0946-4925-828b-acad020c30a8_1162874383.jpeg?h=225&w=225,
266183110,Kinder Bueno White Chocolate 4 Pack 156G,https://www.tesco.com/groceries/en-GB/shop/food-cupboard/all?department=Biscuits%20%26%20Cereal%20Bars&viewAll=department&page=,£1.85,£1.19/100g,,,/groceries/en-GB/products/266183110,https://digitalcontent.api.tesco.com/v2/media/ghs/c4675166-1c8e-4563-aada-68fccf3d4672/d7b0d806-d67a-4e72-b1d9-ab212ce78bdb.jpeg?h=225&w=225,
299623888,Mcvities 3 Jaffa Cakes Pocket Pack 183G,https://www.tesco.com/groceries/en-GB/shop/food-cupboard/all?department=Biscuits%20%26%20Cereal%20Bars&viewAll=department&page=,£2.00,£1.10/100g,£1.25 Clubcard Price,,/groceries/en-GB/products/299623888,https://digitalcontent.api.tesco.com/v2/media/ghs/7dd207df-091c-43ea-92ea-1ed0c641513f/9f233d37-2ae1-4e58-bc4a-4ab2128db2de_866736816.jpeg?h=225&w=225,
259012969,Alpen Light Summer Fruits Bars 5 Pack 95G,https://www.tesco.com/groceries/en-GB/shop/food-cupboard/all?department=Biscuits%20%26%20Cereal%20Bars&viewAll=department&page=,£1.00,£1.06/100g,,,/groceries/en-GB/products/259012969,https://digitalcontent.api.tesco.com/v2/media/ghs/dd58521c-4665-4289-938f-1224ea5f88d0/eca0a853-fb70-4b19-b290-e8645bf21d63_1518895238.jpeg?h=225&w=225,
266045712,Tesco Chocolate Malted Milk Biscuits 250G,https://www.tesco.com/groceries/en-GB/shop/food-cupboard/all?department=Biscuits%20%26%20Cereal%20Bars&viewAll=department&page=,,,,,/groceries/en-GB/products/266045712,https://digitalcontent.api.tesco.com/v2/media/ghs/28d78e3f-619a-4eb5-a529-78d19cacc60f/b8034bd9-fab2-48b8-94ba-1c1420afb38e_681990551.jpeg?h=225&w=225,This product's currently out of stock
254921673,Tesco Garibaldi Biscuits 200G,https://www.tesco.com/groceries/en-GB/shop/food-cupboard/all?department=Biscuits%20%26%20Cereal%20Bars&viewAll=department&page=,£1.10,£0.55/100g,,,/groceries/en-GB/products/254921673,https://digitalcontent.api.tesco.com/v2/media/ghs/a9ee58a2-2947-4864-8ed1-cd5cfa030a19/87262da1-17c0-47bb-b378-b1acf3fad4ff_911017304.jpeg?h=225&w=225,
302460809,Blue Riband Original 8X18g,https://www.tesco.com/groceries/en-GB/shop/food-cupboard/all?department=Biscuits%20%26%20Cereal%20Bars&viewAll=department&page=,£1.25,£0.87/100g,,,/groceries/en-GB/products/302460809,https://digitalcontent.api.tesco.com/v2/media/ghs/ae018cf0-1368-4d4e-badc-f8c41b630d57/cf4aa9e2-e40c-48b0-aced-790436c913be_583516651.jpeg?h=225&w=225,
312702695,Skinny Crunch Light Salted Caramel 5X19g,https://www.tesco.com/groceries/en-GB/shop/food-cupboard/all?department=Biscuits%20%26%20Cereal%20Bars&viewAll=department&page=,£1.00,£1.06/100g,,,/groceries/en-GB/products/312702695,https://digitalcontent.api.tesco.com/v2/media/ghs/f1ac3879-ffb4-4a48-82ea-923019fe360b/f50483f0-3296-49b4-b5d7-dc89c08f37d1_1744369823.jpeg?h=225&w=225,
301466921,Tesco 6 Coconut & Chocolate Bars 180G,https://www.tesco.com/groceries/en-GB/shop/food-cupboard/all?department=Biscuits%20%26%20Cereal%20Bars&viewAll=department&page=,£1.00,£0.56/100g,,,/groceries/en-GB/products/301466921,https://digitalcontent.api.tesco.com/v2/media/ghs/3f319846-2676-4361-9a05-96b11509884c/e7444470-2866-4bce-814d-10374a126afe_2014615468.jpeg?h=225&w=225,
310186144,Kellogg's Special K Juicy Red Berry Bars 6X21.5G,https://www.tesco.com/groceries/en-GB/shop/food-cupboard/all?department=Biscuits%20%26%20Cereal%20Bars&viewAll=department&page=,£1.00,£0.78/100g,,,/groceries/en-GB/products/310186144,https://digitalcontent.api.tesco.com/v2/media/ghs/63f80e23-08cf-4de4-b9c4-2c32e3385557/380f4dae-1f81-4a9e-a125-c9d01956b8ca.jpeg?h=225&w=225,
255526391,Tesco Peanut Munch Bar 6 Pack 192G,https://www.tesco.com/groceries/en-GB/shop/food-cupboard/all?department=Biscuits%20%26%20Cereal%20Bars&viewAll=department&page=,£1.00,£0.52/100g,,,/groceries/en-GB/products/255526391,https://digitalcontent.api.tesco.com/v2/media/ghs/031bb68a-2e2f-426b-900d-7bb4e9a78b63/snapshotimagehandler_285826606.jpeg?h=225&w=225,
254766453,Tesco Reduced Fat Rich Tea Biscuits 300G,https://www.tesco.com/groceries/en-GB/shop/food-cupboard/all?department=Biscuits%20%26%20Cereal%20Bars&viewAll=department&page=,£0.60,£0.20/100g,,,/groceries/en-GB/products/254766453,https://digitalcontent.api.tesco.com/v2/media/ghs/811702e3-24eb-4e55-a250-9ee8615334f4/3f121ed8-9a4a-472a-8e27-6393b620e7c8_1041486467.jpeg?h=225&w=225,
259312326,Tesco Chocolate Oaties Biscuits 300G,https://www.tesco.com/groceries/en-GB/shop/food-cupboard/all?department=Biscuits%20%26%20Cereal%20Bars&viewAll=department&page=,£0.85,£0.28/100g,,,/groceries/en-GB/products/259312326,https://digitalcontent.api.tesco.com/v2/media/ghs/376350cc-c929-451c-8e40-02457c304597/b869d14a-410d-42e8-b292-cfb554822f5b_592860932.jpeg?h=225&w=225,
309167479,Tesco Milk Chocolate Butter Biscuits 125G,https://www.tesco.com/groceries/en-GB/shop/food-cupboard/all?department=Biscuits%20%26%20Cereal%20Bars&viewAll=department&page=,£0.85,£0.68/100g,,,/groceries/en-GB/products/309167479,,
290359230,Tesco Chocolate Chip Cookie 2 X 250G,https://www.tesco.com/groceries/en-GB/shop/food-cupboard/all?department=Biscuits%20%26%20Cereal%20Bars&viewAll=department&page=,£1.05,£0.21/100g,,,/groceries/en-GB/products/290359230,https://digitalcontent.api.tesco.com/v2/media/ghs/e092af82-e4d9-4b48-8b3a-cdf98db21dd0/da8f94c1-c384-4ff8-b377-160793c8ff54_1845327714.jpeg?h=225&w=225,
305916683,Fibre One Birthday Cake 5X24g Pack 120G,https://www.tesco.com/groceries/en-GB/shop/food-cupboard/all?department=Biscuits%20%26%20Cereal%20Bars&viewAll=department&page=,£2.60,£2.17/100g,,,/groceries/en-GB/products/305916683,https://digitalcontent.api.tesco.com/v2/media/ghs/0d8d90ed-732a-4288-8bc3-c30ce81d0f17/30b2702d-c772-47d7-b687-90fd1f35d75c_875383944.jpeg?h=225&w=225,
305966997,Fibre One Lemon Drizzle Reduced Sugar Squares 5 X 24G,https://www.tesco.com/groceries/en-GB/shop/food-cupboard/all?department=Biscuits%20%26%20Cereal%20Bars&viewAll=department&page=,£2.60,£2.17/100g,,,/groceries/en-GB/products/305966997,https://digitalcontent.api.tesco.com/v2/media/ghs/7a7f491d-b7d7-4901-a076-1ce5994f71e3/14cd5b74-b31d-4f6d-86f3-71194578bd11_465598449.jpeg?h=225&w=225,
297544535,Belvita Milk & Cereal Biscuits 12 Pack 540G,https://www.tesco.com/groceries/en-GB/shop/food-cupboard/all?department=Biscuits%20%26%20Cereal%20Bars&viewAll=department&page=,£3.00,£0.56/100g,,,/groceries/en-GB/products/297544535,https://digitalcontent.api.tesco.com/v2/media/ghs/42c905df-2037-41db-b0d7-3a3b23129a80/55783dc7-55a2-4726-8f58-150a28bc2fa9_1201247210.jpeg?h=225&w=225,
296425298,Graze Honey And Oat Bar 4 X 30G,https://www.tesco.com/groceries/en-GB/shop/food-cupboard/all?department=Biscuits%20%26%20Cereal%20Bars&viewAll=department&page=,£2.50,£2.09/100g,,,/groceries/en-GB/products/296425298,https://digitalcontent.api.tesco.com/v2/media/ghs/983fa438-2b25-4a26-9c71-0a2ae8cecbab/b94f52cd-53f9-47d7-aed4-ea7dc539f25f_968857372.jpeg?h=225&w=225,
304792132,Nature Valley Sweet & Salty Dark Chocolate With Nuts 120G,https://www.tesco.com/groceries/en-GB/shop/food-cupboard/all?department=Biscuits%20%26%20Cereal%20Bars&viewAll=department&page=,£1.75,£1.46/100g,,,/groceries/en-GB/products/304792132,https://digitalcontent.api.tesco.com/v2/media/ghs/fa17c18a-4ba5-402f-9d91-189ce2b880ed/0adcb2fe-5fbf-43eb-b635-65972cd9fa53_440708463.jpeg?h=225&w=225,
304374230,Nature Valley Sweet & Salty Nut Peanut Bars 4X30g,https://www.tesco.com/groceries/en-GB/shop/food-cupboard/all?department=Biscuits%20%26%20Cereal%20Bars&viewAll=department&page=,£1.75,£1.46/100g,,,/groceries/en-GB/products/304374230,https://digitalcontent.api.tesco.com/v2/media/ghs/f6cdcf52-d390-4d1b-9ae9-bb59a939c039/4637c99a-043d-416e-b294-160cdffb1aa8_70351478.jpeg?h=225&w=225,
308862677,Mcvitie's Jaffa Cake Jonuts Biscuits 4 Pack,https://www.tesco.com/groceries/en-GB/shop/food-cupboard/all?department=Biscuits%20%26%20Cereal%20Bars&viewAll=department&page=,£2.00,£0.50/each,,,/groceries/en-GB/products/308862677,https://digitalcontent.api.tesco.com/v2/media/ghs/5465c538-13e8-497b-8383-2aa648598b9e/c103ea27-f4d4-4ca2-90d7-5c85ff0ba0ab_1244787348.jpeg?h=225&w=225,
297543012,Nutella B-Ready 6 X 22G,https://www.tesco.com/groceries/en-GB/shop/food-cupboard/all?department=Biscuits%20%26%20Cereal%20Bars&viewAll=department&page=,£2.30,£1.75/100g,,,/groceries/en-GB/products/297543012,https://digitalcontent.api.tesco.com/v2/media/ghs/86373a23-9cd3-48d3-9cd2-c036d6f592f8/21eb7378-1b10-45dd-95a2-4e72f72c6eca_1089774570.jpeg?h=225&w=225,
305980841,Eat Natural Protein Packed With Salted Caramel 3X45g,https://www.tesco.com/groceries/en-GB/shop/food-cupboard/all?department=Biscuits%20%26%20Cereal%20Bars&viewAll=department&page=,£2.20,£1.63/100g,,,/groceries/en-GB/products/305980841,https://digitalcontent.api.tesco.com/v2/media/ghs/99e7e9a3-73cf-4d04-b41e-263debe94ecc/6141c18c-311a-458e-bdd6-ec6e63c565ea_1891095528.jpeg?h=225&w=225,
301013012,Belvita Breakfast Soft Bakes Blueberry 250G,https://www.tesco.com/groceries/en-GB/shop/food-cupboard/all?department=Biscuits%20%26%20Cereal%20Bars&viewAll=department&page=,£2.50,£1.00/100g,,,/groceries/en-GB/products/301013012,https://digitalcontent.api.tesco.com/v2/media/ghs/192e17c7-a49f-498f-a39b-a1f89ff73241/a557a115-7702-4e98-b30d-e316e4d5ad88_1832671368.jpeg?h=225&w=225,
310152403,Kellogg's Rice Krispies Squares Chocolate Orange 4X36g,https://www.tesco.com/groceries/en-GB/shop/food-cupboard/all?department=Biscuits%20%26%20Cereal%20Bars&viewAll=department&page=,£2.00,£1.39/100g,,,/groceries/en-GB/products/310152403,https://digitalcontent.api.tesco.com/v2/media/ghs/d2fb14de-a191-4067-bf18-723fa56e64f4/a84bb7fd-ab1e-490c-8804-7412cce42ecf_800736691.jpeg?h=225&w=225,
267953350,Kellogg's Nutrigrain Blueberry 6X37g,https://www.tesco.com/groceries/en-GB/shop/food-cupboard/all?department=Biscuits%20%26%20Cereal%20Bars&viewAll=department&page=,£2.00,£0.90/100g,,,/groceries/en-GB/products/267953350,https://digitalcontent.api.tesco.com/v2/media/ghs/2de2ad70-1ddb-4fc1-8019-2158cea58476/499a9ae3-219b-4cb1-8054-7d1abcdabdb6_969999167.jpeg?h=225&w=225,
257859333,Nairns Stem Ginger Oat Biscuits 200G,https://www.tesco.com/groceries/en-GB/shop/food-cupboard/all?department=Biscuits%20%26%20Cereal%20Bars&viewAll=department&page=,£1.45,£0.72/100g,,,/groceries/en-GB/products/257859333,https://digitalcontent.api.tesco.com/v2/media/ghs/bdf34494-7bc8-4cc8-93b2-9280ed89e109/4927687f-20c4-4ab3-b15a-7267b3758c68_841853358.jpeg?h=225&w=225,
289446836,Mcvities Chocolate Hobnobs 431G,https://www.tesco.com/groceries/en-GB/shop/food-cupboard/all?department=Biscuits%20%26%20Cereal%20Bars&viewAll=department&page=,£2.40,£0.56/100g,,,/groceries/en-GB/products/289446836,https://digitalcontent.api.tesco.com/v2/media/ghs/37fcb514-f942-4fa5-83cf-a979b45426b2/372b0b27-b5fc-4d23-96c4-b33b16c726ff_59222387.jpeg?h=225&w=225,
304416699,Border Biscuits Dark Chocolate Ginger 150G,https://www.tesco.com/groceries/en-GB/shop/food-cupboard/all?department=Biscuits%20%26%20Cereal%20Bars&viewAll=department&page=,£1.75,£1.17/100g,,,/groceries/en-GB/products/304416699,https://digitalcontent.api.tesco.com/v2/media/ghs/b5727e3c-4f9c-4917-8115-94c3c4dd9c59/aae7161f-db10-4d7b-bbd2-23efcb7842c2_1242550102.jpeg?h=225&w=225,
261582803,Mcvitie Go Ahead Strawberry Bakes 6X35g,https://www.tesco.com/groceries/en-GB/shop/food-cupboard/all?department=Biscuits%20%26%20Cereal%20Bars&viewAll=department&page=,£1.75,£0.83/100g,,,/groceries/en-GB/products/261582803,https://digitalcontent.api.tesco.com/v2/media/ghs/fbaee03f-6a51-40b8-b048-71c56430a36e/81fddbee-99f5-41a2-940c-61dafe3f83f9_1137848345.jpeg?h=225&w=225,
305974221,Weight Watchers Chewy Caramel Wafers 5 X 16G,https://www.tesco.com/groceries/en-GB/shop/food-cupboard/all?department=Biscuits%20%26%20Cereal%20Bars&viewAll=department&page=,£1.50,£1.88/100g,,,/groceries/en-GB/products/305974221,https://digitalcontent.api.tesco.com/v2/media/ghs/a983c682-7ede-4bda-9ed0-bf82b362db59/e37049a2-5c50-4f30-9b66-19a2a9b60acb_378669133.jpeg?h=225&w=225,
261476025,Organix 12 Month Goodies Carrot Cake Bar 6X30g,https://www.tesco.com/groceries/en-GB/shop/food-cupboard/all?department=Biscuits%20%26%20Cereal%20Bars&viewAll=department&page=,£2.50,£1.39/100g,£2.00 Clubcard Price,,/groceries/en-GB/products/261476025,https://digitalcontent.api.tesco.com/v2/media/ghs/4eb79384-a74d-4888-9b17-ba8d18a6c593/9de2ac30-fa5b-40ba-8198-c6f7531b9182_1742787562.jpeg?h=225&w=225,
278233874,Organix 12 Month Strawberry Cereal Bar 6X30g,https://www.tesco.com/groceries/en-GB/shop/food-cupboard/all?department=Biscuits%20%26%20Cereal%20Bars&viewAll=department&page=,£2.50,£1.39/100g,£2.00 Clubcard Price,,/groceries/en-GB/products/278233874,https://digitalcontent.api.tesco.com/v2/media/ghs/162e01c7-c4bd-4544-87a1-af24beb1e5d6/4c9f13bd-4f55-4c81-b691-f66198ec852f_1130408122.jpeg?h=225&w=225,
306928569,Cadbury White Chocolate Fingers Biscuits 114G,https://www.tesco.com/groceries/en-GB/shop/food-cupboard/all?department=Biscuits%20%26%20Cereal%20Bars&viewAll=department&page=,£1.70,£1.50/100g,,,/groceries/en-GB/products/306928569,https://digitalcontent.api.tesco.com/v2/media/ghs/a72f1982-f7e3-4b56-86cb-1a1c1f6cd20b/eb3e8b9c-bac7-42fe-9b2c-a470d20575ab_305956205.jpeg?h=225&w=225,
262103796,Kellogg's Nutri-Grain Raisin 6 X 45G,https://www.tesco.com/groceries/en-GB/shop/food-cupboard/all?department=Biscuits%20%26%20Cereal%20Bars&viewAll=department&page=,£2.50,£0.93/100g,£1.50 Clubcard Price,,/groceries/en-GB/products/262103796,https://digitalcontent.api.tesco.com/v2/media/ghs/ad3f84fa-0a85-4107-9202-e008a2a757e4/d35c6a17-e62a-42d8-8ccc-83e38b6d07cf_1015128702.jpeg?h=225&w=225,
300917275,Mcvities Dark Chocolate Digestive 266G,https://www.tesco.com/groceries/en-GB/shop/food-cupboard/all?department=Biscuits%20%26%20Cereal%20Bars&viewAll=department&page=,£1.69,£0.64/100g,£1.35 Clubcard Price,,/groceries/en-GB/products/300917275,https://digitalcontent.api.tesco.com/v2/media/ghs/c1591936-805c-4d3c-9ebc-3c378c30d186/94c7ba09-774d-4c5b-a012-674c656f7614_1728232441.jpeg?h=225&w=225,
309197155,Lu Petit Beurre Salted Butter Biscuit 167G,https://www.tesco.com/groceries/en-GB/shop/food-cupboard/all?department=Biscuits%20%26%20Cereal%20Bars&viewAll=department&page=,£1.50,£0.90/100g,£1.00 Clubcard Price,,/groceries/en-GB/products/309197155,https://digitalcontent.api.tesco.com/v2/media/ghs/06684933-d0b6-4f47-a3b9-e9fcc4c3e93e/18fcd90a-a1be-4b74-89b7-98c1c8bfdaa8_506574036.jpeg?h=225&w=225,
257722339,Jordans Frusli Wild Berry 6X30g,https://www.tesco.com/groceries/en-GB/shop/food-cupboard/all?department=Biscuits%20%26%20Cereal%20Bars&viewAll=department&page=,£2.00,£1.12/100g,£1.50 Clubcard Price,,/groceries/en-GB/products/257722339,https://digitalcontent.api.tesco.com/v2/media/ghs/110067ce-50a7-4981-9500-37a4c315e6f0/3ec28754-f1f2-440d-ada1-aa20603c7823_749685580.jpeg?h=225&w=225,
297551584,Kit Kat 2 Finger Orange Chocolate Biscuit 9 Pack 186.3G,https://www.tesco.com/groceries/en-GB/shop/food-cupboard/all?department=Biscuits%20%26%20Cereal%20Bars&viewAll=department&page=,£1.50,£0.81/100g,,,/groceries/en-GB/products/297551584,https://digitalcontent.api.tesco.com/v2/media/ghs/356426e3-7b2f-4bb3-aa74-655b861ccfca/9fde4903-c22f-46b2-8c84-374bae1eed21_448110593.jpeg?h=225&w=225,
310163701,Fox's Ginger Crunch Creams Biscuits 200G,https://www.tesco.com/groceries/en-GB/shop/food-cupboard/all?department=Biscuits%20%26%20Cereal%20Bars&viewAll=department&page=,£1.20,£0.60/100g,,,/groceries/en-GB/products/310163701,https://digitalcontent.api.tesco.com/v2/media/ghs/92107e6b-1836-4370-ba9d-f950900f0925/ec31ed11-48e8-4b16-849c-ee73cd2c766f_205662771.jpeg?h=225&w=225,
311423370,Mcvitie's Chocolate Gems 5 X 19G,https://www.tesco.com/groceries/en-GB/shop/food-cupboard/all?department=Biscuits%20%26%20Cereal%20Bars&viewAll=department&page=,£1.25,£1.32/100g,,,/groceries/en-GB/products/311423370,https://digitalcontent.api.tesco.com/v2/media/ghs/e2e95fac-b2a1-496b-b3b3-ead944fe48d8/66252edf-50bd-41fc-b8ac-dd078a94c40d_1359467762.jpeg?h=225&w=225,
311796083,Fox's Party Rings Chocolate Minis Biscuits 5 X 21G,https://www.tesco.com/groceries/en-GB/shop/food-cupboard/all?department=Biscuits%20%26%20Cereal%20Bars&viewAll=department&page=,£1.15,£1.10/100g,,,/groceries/en-GB/products/311796083,https://digitalcontent.api.tesco.com/v2/media/ghs/146016eb-40bd-448d-8636-2749ca0f16f1/7129c7b0-0860-4d40-b446-4539bf9f915c_285271896.jpeg?h=225&w=225,
293226763,Bahlsen Pick Up! Minis Milk Chocolate 10.6Gx10,https://www.tesco.com/groceries/en-GB/shop/food-cupboard/all?department=Biscuits%20%26%20Cereal%20Bars&viewAll=department&page=,£1.00,£0.94/100g,,,/groceries/en-GB/products/293226763,https://digitalcontent.api.tesco.com/v2/media/ghs/ae231553-ed74-4134-8b33-48193b0c6c92/e9f48745-9d36-45c7-b636-64ac97b9b34d_287039197.jpeg?h=225&w=225,
310681859,Mcvities Club Salted Caramel Milk Chocolate Biscuit Bars 8X22g,https://www.tesco.com/groceries/en-GB/shop/food-cupboard/all?department=Biscuits%20%26%20Cereal%20Bars&viewAll=department&page=,£1.25,£0.71/100g,,,/groceries/en-GB/products/310681859,https://digitalcontent.api.tesco.com/v2/media/ghs/fe15fdc9-70e1-46b6-900d-fcf5eda60163/5b4133f8-68f4-43f9-8f94-876acc9dab8a_1599304257.jpeg?h=225&w=225,
263229863,Tesco Standard Raisin Crispy Slices 5 Pack 218G,https://www.tesco.com/groceries/en-GB/shop/food-cupboard/all?department=Biscuits%20%26%20Cereal%20Bars&viewAll=department&page=,£0.95,£0.44/100g,,,/groceries/en-GB/products/263229863,https://digitalcontent.api.tesco.com/v2/media/ghs/653928d4-4f92-4858-8b29-ed3920e7abd5/2e85b410-0139-407a-9513-aade7d920713_1980023544.jpeg?h=225&w=225,
275712998,Tesco 6 Apple Fruity Bakes 222G,https://www.tesco.com/groceries/en-GB/shop/food-cupboard/all?department=Biscuits%20%26%20Cereal%20Bars&viewAll=department&page=,£1.20,£0.54/100g,,,/groceries/en-GB/products/275712998,https://digitalcontent.api.tesco.com/v2/media/ghs/3c3ac1b7-308d-4517-981b-a02868232973/0345ae3c-0041-45ce-9f77-a6d9b38ab5de_1832435348.jpeg?h=225&w=225,
275713219,Tesco 6 Strawberry Fruity Bakes 222G,https://www.tesco.com/groceries/en-GB/shop/food-cupboard/all?department=Biscuits%20%26%20Cereal%20Bars&viewAll=department&page=,£1.20,£0.54/100g,,,/groceries/en-GB/products/275713219,https://digitalcontent.api.tesco.com/v2/media/ghs/81aa94b4-d7c1-4737-8aeb-6edde3940278/d0610a57-0ac1-4f80-8721-8344b7379b57_2098740585.jpeg?h=225&w=225,
302219390,Cadbury Festive Friends Chocolate Biscuits 150G,https://www.tesco.com/groceries/en-GB/shop/food-cupboard/all?department=Biscuits%20%26%20Cereal%20Bars&viewAll=department&page=,£1.00,£0.67/100g,,,/groceries/en-GB/products/302219390,https://digitalcontent.api.tesco.com/v2/media/ghs/95925250-49cd-412f-a08f-18d2a6ee0833/7ffe8c0a-1372-44c8-b797-1f9ceaff0eae_842168074.jpeg?h=225&w=225,
297544495,Mcvitie's Jaffa Cakes 10 Pack,https://www.tesco.com/groceries/en-GB/shop/food-cupboard/all?department=Biscuits%20%26%20Cereal%20Bars&viewAll=department&page=,£1.20,£0.12/each,80p Clubcard Price,,/groceries/en-GB/products/297544495,https://digitalcontent.api.tesco.com/v2/media/ghs/68ed2854-db9b-4b72-963f-5de92cecb025/a1328912-5c0e-42f6-a202-ebba8706c057_1018754573.jpeg?h=225&w=225,
273581164,Lees 6 Snowballs 110G,https://www.tesco.com/groceries/en-GB/shop/food-cupboard/all?department=Biscuits%20%26%20Cereal%20Bars&viewAll=department&page=,£0.70,£0.64/100g,,,/groceries/en-GB/products/273581164,https://digitalcontent.api.tesco.com/v2/media/ghs/1d3054bd-2ba9-4607-a8de-0bc163e4a1ae/32bce877-50e0-4d70-8b85-d4d5f762763f_639844712.jpeg?h=225&w=225,
291368610,Tesco Free From Chocolate Chip Cookie Dairy Free 145G,https://www.tesco.com/groceries/en-GB/shop/food-cupboard/all?department=Biscuits%20%26%20Cereal%20Bars&viewAll=department&page=,£1.30,£0.90/100g,,,/groceries/en-GB/products/291368610,https://digitalcontent.api.tesco.com/v2/media/ghs/c7bd4d61-668d-44ac-97fb-ee1d7ef7c057/ca43ae6c-0fae-4420-a224-6cd05e5a9ef7_321559130.jpeg?h=225&w=225,
312696551,Skinny Crunch Light Raspberry & White Chocolate 5X19g,https://www.tesco.com/groceries/en-GB/shop/food-cupboard/all?department=Biscuits%20%26%20Cereal%20Bars&viewAll=department&page=,£1.00,£1.06/100g,,,/groceries/en-GB/products/312696551,https://digitalcontent.api.tesco.com/v2/media/ghs/9752653e-9c99-48ee-b5cf-198656f4ea71/38940071-a0cb-416b-9ad3-cba4c6f1ec4f_2062725042.jpeg?h=225&w=225,
309175953,Tesco Dark Chocolate Butter Biscuits 125G,https://www.tesco.com/groceries/en-GB/shop/food-cupboard/all?department=Biscuits%20%26%20Cereal%20Bars&viewAll=department&page=,£0.85,£0.68/100g,,,/groceries/en-GB/products/309175953,https://digitalcontent.api.tesco.com/v2/media/ghs/fb32a019-9af1-46f6-bcad-948a826b7ca7/0393ce0c-82dc-4b7f-8635-d954e4706fae_536676468.jpeg?h=225&w=225,
309202185,Fibre One Cookies & Cream Drizzle Squares 5X24g,https://www.tesco.com/groceries/en-GB/shop/food-cupboard/all?department=Biscuits%20%26%20Cereal%20Bars&viewAll=department&page=,£2.60,£2.17/100g,,,/groceries/en-GB/products/309202185,https://digitalcontent.api.tesco.com/v2/media/ghs/688a9e86-96d5-46b4-97ac-b4f9ff50a916/bca8636d-b8a6-4c3d-b32c-b2f483b3535f_1050258226.jpeg?h=225&w=225,
310163989,Tesco Sweet Biscuits 400G,https://www.tesco.com/groceries/en-GB/shop/food-cupboard/all?department=Biscuits%20%26%20Cereal%20Bars&viewAll=department&page=,£2.40,£0.60/100g,,,/groceries/en-GB/products/310163989,https://digitalcontent.api.tesco.com/v2/media/ghs/8c5d725d-c38d-4f1e-a4fa-306c1d6c1492/ebdfcbae-ffd4-4c07-8dc6-76df490e7a43_1996047774.jpeg?h=225&w=225,
305833884,Fibre One Reduced Sugar Salted Caramel Squares 5X24g,https://www.tesco.com/groceries/en-GB/shop/food-cupboard/all?department=Biscuits%20%26%20Cereal%20Bars&viewAll=department&page=,£2.60,£2.17/100g,,,/groceries/en-GB/products/305833884,https://digitalcontent.api.tesco.com/v2/media/ghs/6be608d2-40f6-468d-81be-836bd83e7d6e/9812adef-093e-4934-81d7-aac7627f5ab9_378146514.jpeg?h=225&w=225,
293837316,Nature Valley Protein Salted Caramel Nut Bars 4X40g,https://www.tesco.com/groceries/en-GB/shop/food-cupboard/all?department=Biscuits%20%26%20Cereal%20Bars&viewAll=department&page=,£3.05,£1.91/100g,,,/groceries/en-GB/products/293837316,https://digitalcontent.api.tesco.com/v2/media/ghs/6838f118-bb34-4aef-bcfd-06abaca6f597/cfb531ca-a75b-413c-b8ca-cc90c2782180_858208513.jpeg?h=225&w=225,
306495423,Fox's Fabulous Viennese Biscuit Selection 350G,https://www.tesco.com/groceries/en-GB/shop/food-cupboard/all?department=Biscuits%20%26%20Cereal%20Bars&viewAll=department&page=,£4.00,£1.15/100g,,,/groceries/en-GB/products/306495423,https://digitalcontent.api.tesco.com/v2/media/ghs/4d54b9d4-c744-467b-8a81-8ebdcbefc3f8/f3e1fcfb-65d4-49ae-807a-58e02b7e0fa0_1234117806.jpeg?h=225&w=225,
308098775,Nutella Biscuits 20 Pieces 276G,https://www.tesco.com/groceries/en-GB/shop/food-cupboard/all?department=Biscuits%20%26%20Cereal%20Bars&viewAll=department&page=,£2.80,£10.15/kg,,,/groceries/en-GB/products/308098775,https://digitalcontent.api.tesco.com/v2/media/ghs/2176764e-50c6-4d22-b9c4-1bc98d0e07a5/fb73b7a6-356e-43de-85ca-d88dae32b9f3_462828012.jpeg?h=225&w=225,
308109009,Kind Dark Chocolate Nuts & Sea Salt Bars 3 X 30G,https://www.tesco.com/groceries/en-GB/shop/food-cupboard/all?department=Biscuits%20%26%20Cereal%20Bars&viewAll=department&page=,£3.00,£3.34/100g,,,/groceries/en-GB/products/308109009,https://digitalcontent.api.tesco.com/v2/media/ghs/a342273e-1a00-4cfe-aa6a-348d7812f11b/e3120ef2-b564-4b96-9606-9aca984ba2eb_2060030066.jpeg?h=225&w=225,
264932512,Jacobs Biscuits For Cheese 450G,https://www.tesco.com/groceries/en-GB/shop/food-cupboard/all?department=Biscuits%20%26%20Cereal%20Bars&viewAll=department&page=,£3.50,£0.78/100g,,,/groceries/en-GB/products/264932512,https://digitalcontent.api.tesco.com/v2/media/ghs/87097a73-f123-4eea-a5d8-f18834486cd9/cb890987-779a-40da-913f-66210f9e3f3e_2041002430.jpeg?h=225&w=225,
306943602,Fibre One Protein Caramel Bars 3 X 24G,https://www.tesco.com/groceries/en-GB/shop/food-cupboard/all?department=Biscuits%20%26%20Cereal%20Bars&viewAll=department&page=,£3.00,£4.17/100g,,,/groceries/en-GB/products/306943602,https://digitalcontent.api.tesco.com/v2/media/ghs/b97c2787-76fa-44f4-a227-c0f45ec68494/6b717341-8399-44f8-b6ca-149a98172105_996100964.jpeg?h=225&w=225,
310109180,Fibre One 90 Chocolate Mint Brownie 5X24g,https://www.tesco.com/groceries/en-GB/shop/food-cupboard/all?department=Biscuits%20%26%20Cereal%20Bars&viewAll=department&page=,£2.60,£2.17/100g,,,/groceries/en-GB/products/310109180,https://digitalcontent.api.tesco.com/v2/media/ghs/766db449-c346-4c1b-92ee-3119d32345f8/fabed8f9-9bca-4b09-9657-de36855d6a28_1056523330.jpeg?h=225&w=225,
266197791,Organix Mini Gingerbread Men 5 X 25G,https://www.tesco.com/groceries/en-GB/shop/food-cupboard/all?department=Biscuits%20%26%20Cereal%20Bars&viewAll=department&page=,£2.50,£2.00/100g,,,/groceries/en-GB/products/266197791,https://digitalcontent.api.tesco.com/v2/media/ghs/77c853a5-3d3b-4a31-a4ce-35efdb2691f2/56e6012f-e58e-49b9-aadd-d18ed8877387_1527503986.jpeg?h=225&w=225,
256089410,Tesco Finest Scottish Shortbread Fingers 165G,https://www.tesco.com/groceries/en-GB/shop/food-cupboard/all?department=Biscuits%20%26%20Cereal%20Bars&viewAll=department&page=,£2.00,£1.22/100g,,,/groceries/en-GB/products/256089410,https://digitalcontent.api.tesco.com/v2/media/ghs/c8fec002-be41-47c8-aa40-bd11177ca892/f3b9a47f-8cfe-46c1-bec7-fa872296cb0e_1352001632.jpeg?h=225&w=225,
301045279,Fibre One Milk Chocolate Popcorn Bars 4 X 21G,https://www.tesco.com/groceries/en-GB/shop/food-cupboard/all?department=Biscuits%20%26%20Cereal%20Bars&viewAll=department&page=,£2.00,£2.39/100g,,,/groceries/en-GB/products/301045279,https://digitalcontent.api.tesco.com/v2/media/ghs/54b4a399-9b56-4724-90a1-fe55bb67f980/08a211e5-ff73-4de0-b939-7ce466cbd871_607451325.jpeg?h=225&w=225,
255945384,Organix 12 Month Apple & Orange Fruit & Cereal Bar 6X30g,https://www.tesco.com/groceries/en-GB/shop/food-cupboard/all?department=Biscuits%20%26%20Cereal%20Bars&viewAll=department&page=,£2.50,£1.39/100g,£2.00 Clubcard Price,,/groceries/en-GB/products/255945384,https://digitalcontent.api.tesco.com/v2/media/ghs/8a6c3ce5-5133-46cd-913f-abfe0ceb4427/425721f2-6074-4284-a91f-f3f94cdc05d7_874601266.jpeg?h=225&w=225,
278370924,Mcvities Dark Chocolate Hobnob 262G,https://www.tesco.com/groceries/en-GB/shop/food-cupboard/all?department=Biscuits%20%26%20Cereal%20Bars&viewAll=department&page=,£1.69,£0.64/100g,,,/groceries/en-GB/products/278370924,https://digitalcontent.api.tesco.com/v2/media/ghs/facaf338-01ab-4d95-9bda-0c2978b5d2dc/snapshotimagehandler_126161819.jpeg?h=225&w=225,
306497283,Flipz Milk Chocolate Coated Pretzels 90G,https://www.tesco.com/groceries/en-GB/shop/food-cupboard/all?department=Biscuits%20%26%20Cereal%20Bars&viewAll=department&page=,£1.50,£1.67/100g,,,/groceries/en-GB/products/306497283,https://digitalcontent.api.tesco.com/v2/media/ghs/3cc00030-2fb7-4863-ae69-f13791003103/63d18853-6eee-406e-983a-4c324f4b0709_1737700101.jpeg?h=225&w=225,
301692219,Fibre One Cake Bar Triple Chocolate 4 X 25G,https://www.tesco.com/groceries/en-GB/shop/food-cupboard/all?department=Biscuits%20%26%20Cereal%20Bars&viewAll=department&page=,£2.50,£2.50/100g,£1.50 Clubcard Price,,/groceries/en-GB/products/301692219,https://digitalcontent.api.tesco.com/v2/media/ghs/7d93daaf-fcac-487c-9e16-2230352943b4/332d4a1a-8b6d-4e9a-b9b4-686733d567b2_1017061707.jpeg?h=225&w=225,
306660176,Cadbury Roundie Milk Chocolate Biscuit 180G,https://www.tesco.com/groceries/en-GB/shop/food-cupboard/all?department=Biscuits%20%26%20Cereal%20Bars&viewAll=department&page=,£2.00,£1.12/100g,£1.50 Clubcard Price,,/groceries/en-GB/products/306660176,https://digitalcontent.api.tesco.com/v2/media/ghs/ffac1509-59ad-4f74-8f85-1dad9c2b20d4/ce1d8cc2-3208-4a2b-af6c-aef8dc66eff3_1912228331.jpeg?h=225&w=225,
312831392,Mcvitie's Hobnobs 255G,https://www.tesco.com/groceries/en-GB/shop/food-cupboard/all?department=Biscuits%20%26%20Cereal%20Bars&viewAll=department&page=,£1.70,£0.67/100g,,,/groceries/en-GB/products/312831392,https://digitalcontent.api.tesco.com/v2/media/ghs/018bcf9e-342f-49f2-917b-34863330548e/580041d4-04be-4023-98ea-3c964dbed951_1534617413.jpeg?h=225&w=225,
305835156,Lotus Biscoff Sandwich Original Cream 150G,https://www.tesco.com/groceries/en-GB/shop/food-cupboard/all?department=Biscuits%20%26%20Cereal%20Bars&viewAll=department&page=,£1.50,£1.00/100g,,,/groceries/en-GB/products/305835156,https://digitalcontent.api.tesco.com/v2/media/ghs/feae4a99-035e-42ad-a999-3d26208a136e/b34ad8de-6f1e-48cb-9cc3-cf99c7e5a4b8_527258703.jpeg?h=225&w=225,
283608321,Organix Goodies Banana Oaty Bars 6 X 30G,https://www.tesco.com/groceries/en-GB/shop/food-cupboard/all?department=Biscuits%20%26%20Cereal%20Bars&viewAll=department&page=,£2.50,£1.39/100g,£2.00 Clubcard Price,,/groceries/en-GB/products/283608321,https://digitalcontent.api.tesco.com/v2/media/ghs/e82e16e9-c4f3-419e-bb02-a6c6a2ea28ff/267b7f74-e44a-41b1-aed1-a85b7d838642_453252990.jpeg?h=225&w=225,
309192759,Fox's Salted Caramel Chocolatey Rounds 130G,https://www.tesco.com/groceries/en-GB/shop/food-cupboard/all?department=Biscuits%20%26%20Cereal%20Bars&viewAll=department&page=,£1.50,£1.16/100g,,,/groceries/en-GB/products/309192759,https://digitalcontent.api.tesco.com/v2/media/ghs/73552f26-db84-408a-8c5c-f078631ff144/0125464c-83ed-4b2a-b116-d20a43ff98e1_791452985.jpeg?h=225&w=225,
255404777,Mcvities Light Rich Tea 300G,https://www.tesco.com/groceries/en-GB/shop/food-cupboard/all?department=Biscuits%20%26%20Cereal%20Bars&viewAll=department&page=,£1.50,£0.50/100g,,,/groceries/en-GB/products/255404777,https://digitalcontent.api.tesco.com/v2/media/ghs/5b49a857-4a03-476a-b75d-203f985c4dd9/1ed60bc6-c351-421d-b260-9b5d08b73c0d_1702764379.jpeg?h=225&w=225,
306656562,Fox's Milk Chocolate Cookies 180G,https://www.tesco.com/groceries/en-GB/shop/food-cupboard/all?department=Biscuits%20%26%20Cereal%20Bars&viewAll=department&page=,£1.80,£1.00/100g,£1.25 Clubcard Price,,/groceries/en-GB/products/306656562,https://digitalcontent.api.tesco.com/v2/media/ghs/209ee4e1-8760-4869-a471-2a0d42dab381/4aaffc95-3827-4f96-ba3f-095e29e6f7a1_1725223149.jpeg?h=225&w=225,
290351590,Tesco Spiced Stem Ginger 10 Cookies 200G,https://www.tesco.com/groceries/en-GB/shop/food-cupboard/all?department=Biscuits%20%26%20Cereal%20Bars&viewAll=department&page=,£1.10,£0.55/100g,,,/groceries/en-GB/products/290351590,https://digitalcontent.api.tesco.com/v2/media/ghs/36601b6d-7587-4e83-9855-33004400c37d/f68a9748-fc04-4d51-a6b6-8082c693ed08_4994437.jpeg?h=225&w=225,
297544092,Galaxy Cookies 180G,https://www.tesco.com/groceries/en-GB/shop/food-cupboard/all?department=Biscuits%20%26%20Cereal%20Bars&viewAll=department&page=,£1.50,£0.83/100g,,,/groceries/en-GB/products/297544092,https://digitalcontent.api.tesco.com/v2/media/ghs/d50638e3-873a-4828-b33e-b6af16b07f68/aa2c9e48-b332-4edf-bfc9-42062fa07c83_12077892.jpeg?h=225&w=225,
310111504,Fox's Golden Crunch Cream Biscuit Twin Pack 2X200g,https://www.tesco.com/groceries/en-GB/shop/food-cupboard/all?department=Biscuits%20%26%20Cereal%20Bars&viewAll=department&page=,£1.85,£0.46/100g,£1.20 Clubcard Price,,/groceries/en-GB/products/310111504,https://digitalcontent.api.tesco.com/v2/media/ghs/44524f21-4be3-4e4c-b3f0-36707200a0d8/c29b9f5c-acda-4e3d-beec-3386ebad5c94_466285080.jpeg?h=225&w=225,
254922107,Tesco Shorties Biscuits 300G,https://www.tesco.com/groceries/en-GB/shop/food-cupboard/all?department=Biscuits%20%26%20Cereal%20Bars&viewAll=department&page=,,,,,/groceries/en-GB/products/254922107,https://digitalcontent.api.tesco.com/v2/media/ghs/d2b35230-2042-441e-b377-836b5696af0e/926e11a9-821f-46cc-b09a-1c743b469257_2044615749.jpeg?h=225&w=225,This product's currently out of stock
297551682,Kit Kat 2 Finger Dark Mint Biscuits 9 Pack 186.3G,https://www.tesco.com/groceries/en-GB/shop/food-cupboard/all?department=Biscuits%20%26%20Cereal%20Bars&viewAll=department&page=,£1.50,£0.81/100g,,,/groceries/en-GB/products/297551682,https://digitalcontent.api.tesco.com/v2/media/ghs/f7b0635e-950b-40b6-bd08-d461ef494dc2/66571948-ec60-441c-8b1b-b0e92cccac66_19624054.jpeg?h=225&w=225,
309180301,Lu Petit Biscotte Cinnamon Biscuit 200G,https://www.tesco.com/groceries/en-GB/shop/food-cupboard/all?department=Biscuits%20%26%20Cereal%20Bars&viewAll=department&page=,£1.50,£0.75/100g,£1.00 Clubcard Price,,/groceries/en-GB/products/309180301,https://digitalcontent.api.tesco.com/v2/media/ghs/aa87e4bb-ac3b-47fb-9142-5b86a21ea51c/8bda3452-74c3-4b9e-942b-3eb7ff2e7c06_1208422468.jpeg?h=225&w=225,
297544691,Oreo Choco Brownie Flavour Cookies 154G,https://www.tesco.com/groceries/en-GB/shop/food-cupboard/all?department=Biscuits%20%26%20Cereal%20Bars&viewAll=department&page=,£1.10,£0.72/100g,,,/groceries/en-GB/products/297544691,https://digitalcontent.api.tesco.com/v2/media/ghs/f64ae0d4-f82d-419e-baa2-979b4d2095a9/432a1d1b-2adf-4b2f-9d45-3afe057cf3de_1743764671.jpeg?h=225&w=225,
310655972,Kit Kat 2 Finger White Chocolate Wafer Bars 9 X 20.7G,https://www.tesco.com/groceries/en-GB/shop/food-cupboard/all?department=Biscuits%20%26%20Cereal%20Bars&viewAll=department&page=,£1.50,£0.81/100g,,,/groceries/en-GB/products/310655972,,
311801429,Oreo Twists Vanilla & Caramel Flavoured Biscuit 157G,https://www.tesco.com/groceries/en-GB/shop/food-cupboard/all?department=Biscuits%20%26%20Cereal%20Bars&viewAll=department&page=,£1.10,£0.70/100g,,,/groceries/en-GB/products/311801429,https://digitalcontent.api.tesco.com/v2/media/ghs/a9905d51-a681-4dcb-86da-8fbb7dd08c32/acd4070a-fdfe-4bf6-afec-ae44b5ceb9a5_1441366715.jpeg?h=225&w=225,
254920979,Bahlsen Dark Choco Leibniz 125G,https://www.tesco.com/groceries/en-GB/shop/food-cupboard/all?department=Biscuits%20%26%20Cereal%20Bars&viewAll=department&page=,£1.60,£1.28/100g,£1.25 Clubcard Price,,/groceries/en-GB/products/254920979,https://digitalcontent.api.tesco.com/v2/media/ghs/cfb9bd77-a3ac-4f4a-9f7c-635a3e2ee353/f15ac235-5825-478a-b400-222679604345_821572562.jpeg?h=225&w=225,
300877177,Tesco 5 Chocolate & Raspberry Bars 115G,https://www.tesco.com/groceries/en-GB/shop/food-cupboard/all?department=Biscuits%20%26%20Cereal%20Bars&viewAll=department&page=,£1.05,£0.91/100g,,,/groceries/en-GB/products/300877177,https://digitalcontent.api.tesco.com/v2/media/ghs/1c3243b6-69c7-4924-935d-4740c79d7914/848dc73a-68b0-4e93-a61a-d5ca1ad31735_1938113760.jpeg?h=225&w=225,
301970462,Alpen Light Cereal Bars Salted Caramel 5X19g,https://www.tesco.com/groceries/en-GB/shop/food-cupboard/all?department=Biscuits%20%26%20Cereal%20Bars&viewAll=department&page=,£1.00,£1.06/100g,,,/groceries/en-GB/products/301970462,https://digitalcontent.api.tesco.com/v2/media/ghs/9694596d-6170-4f0b-9518-ecc8ecb57139/d1f3c0c2-f281-4f93-80ed-4aa66d25f568_138277117.jpeg?h=225&w=225,
272052372,Bolands Fig Rolls 200G,https://www.tesco.com/groceries/en-GB/shop/food-cupboard/all?department=Biscuits%20%26%20Cereal%20Bars&viewAll=department&page=,£1.10,£0.55/100g,,,/groceries/en-GB/products/272052372,https://digitalcontent.api.tesco.com/v2/media/ghs/8ce2e645-2c50-4619-9636-08cb965301e6/bdd8237f-3d3f-4f98-bc40-6451177b7c80_1671652304.jpeg?h=225&w=225,
310672127,Jammie Dodgers Blue Berry 140G,https://www.tesco.com/groceries/en-GB/shop/food-cupboard/all?department=Biscuits%20%26%20Cereal%20Bars&viewAll=department&page=,£0.75,£0.54/100g,,,/groceries/en-GB/products/310672127,https://digitalcontent.api.tesco.com/v2/media/ghs/1a4a8c78-5798-41d3-8ecd-03c9b6fcce91/29d80753-ef97-4a76-9b49-44f1738506b6_1270334097.jpeg?h=225&w=225,
265273276,Tesco Chocolate Chip Digestive Biscuits 400G,https://www.tesco.com/groceries/en-GB/shop/food-cupboard/all?department=Biscuits%20%26%20Cereal%20Bars&viewAll=department&page=,,,,,/groceries/en-GB/products/265273276,https://digitalcontent.api.tesco.com/v2/media/ghs/fc80822d-5d81-4218-9748-195518b54f90/142ad127-e805-4558-bdfd-09d04fffefda_1170617452.jpeg?h=225&w=225,This product's currently out of stock
307737200,Tesco Milk Chocolate Viennese Fingers 130G,https://www.tesco.com/groceries/en-GB/shop/food-cupboard/all?department=Biscuits%20%26%20Cereal%20Bars&viewAll=department&page=,£1.10,£0.85/100g,,,/groceries/en-GB/products/307737200,https://digitalcontent.api.tesco.com/v2/media/ghs/7ad6a4dc-83e1-4312-80f6-04b8ef3d6d79/72c62355-db33-4c16-9fbb-21807dcd4268_752372063.jpeg?h=225&w=225,
309746693,Fox's Favourites Biscuit Selection 350G,https://www.tesco.com/groceries/en-GB/shop/food-cupboard/all?department=Biscuits%20%26%20Cereal%20Bars&viewAll=department&page=,£3.00,£0.86/100g,,,/groceries/en-GB/products/309746693,https://digitalcontent.api.tesco.com/v2/media/ghs/058d1029-5de9-4a51-9a61-f87b9349c9ff/d3ea9eb2-be1d-4583-a3bf-25f84055127a_378312585.jpeg?h=225&w=225,
290392552,Border Biscuits Sharing Pack 400G,https://www.tesco.com/groceries/en-GB/shop/food-cupboard/all?department=Biscuits%20%26%20Cereal%20Bars&viewAll=department&page=,£3.75,£0.94/100g,,,/groceries/en-GB/products/290392552,https://digitalcontent.api.tesco.com/v2/media/ghs/75594b87-ad28-41ca-9862-f31b34003033/80cb3662-b555-4299-a30b-feed70c59c4d_1826321173.jpeg?h=225&w=225,
310145124,Nature Valley Crunchy Variety Cereal Bars Family Pack 10 X 42G,https://www.tesco.com/groceries/en-GB/shop/food-cupboard/all?department=Biscuits%20%26%20Cereal%20Bars&viewAll=department&page=,£3.00,£0.72/100g,,,/groceries/en-GB/products/310145124,https://digitalcontent.api.tesco.com/v2/media/ghs/b22e5ce6-2457-43f3-8c27-b45e61538715/2971c502-ebcf-4de9-b7f8-7e0b42c781ef_252428604.jpeg?h=225&w=225,
308103494,Kind Caramel Almond & Sea Salt Nut Bars 3X30g,https://www.tesco.com/groceries/en-GB/shop/food-cupboard/all?department=Biscuits%20%26%20Cereal%20Bars&viewAll=department&page=,£3.00,£3.34/100g,,,/groceries/en-GB/products/308103494,https://digitalcontent.api.tesco.com/v2/media/ghs/622d728d-b5d9-43f8-acb8-e07cff3045c9/edbd2eea-4c43-4623-b45e-0cab34d00126_586074383.jpeg?h=225&w=225,
306955876,Kinder Bueno Chocolate Wafer Bars 10 X 43G,https://www.tesco.com/groceries/en-GB/shop/food-cupboard/all?department=Biscuits%20%26%20Cereal%20Bars&viewAll=department&page=,£4.20,£0.98/100g,,,/groceries/en-GB/products/306955876,https://digitalcontent.api.tesco.com/v2/media/ghs/2914954a-3174-44c1-ba30-4db6235bcc8f/3f6bbd47-e209-4d7b-a367-1d0ca8911db8_1199377125.jpeg?h=225&w=225,
308116029,Kind Peanut Butter & Dark Chocolate Nut Bars 3 X 30G,https://www.tesco.com/groceries/en-GB/shop/food-cupboard/all?department=Biscuits%20%26%20Cereal%20Bars&viewAll=department&page=,£3.00,£3.34/100g,,,/groceries/en-GB/products/308116029,https://digitalcontent.api.tesco.com/v2/media/ghs/bf665f00-9801-4853-aa0b-fa0da358c9e8/35d55788-d161-4aea-9d63-f9bb112e1bcf_809178951.jpeg?h=225&w=225,
306928984,Fibre One Protein Cookies & Cream Bars 3 X 24G,https://www.tesco.com/groceries/en-GB/shop/food-cupboard/all?department=Biscuits%20%26%20Cereal%20Bars&viewAll=department&page=,£3.00,£4.17/100g,,,/groceries/en-GB/products/306928984,https://digitalcontent.api.tesco.com/v2/media/ghs/c3f7bbc5-b654-4d9c-a683-6150a3d969c1/e4370e68-0053-4674-bb2c-930d205d8871_12333483.jpeg?h=225&w=225,
311665517,Graze Chocolate Cookie Oat Boosts 4 X 30G,https://www.tesco.com/groceries/en-GB/shop/food-cupboard/all?department=Biscuits%20%26%20Cereal%20Bars&viewAll=department&page=,£2.50,£2.09/100g,,,/groceries/en-GB/products/311665517,https://digitalcontent.api.tesco.com/v2/media/ghs/446d52fe-a401-4457-a37d-6fde0715c5f3/068cc3cd-27b7-4352-aadd-97dea695f599_1579803706.jpeg?h=225&w=225,
289954085,Belvita Soft Bakes Red Berries 250G,https://www.tesco.com/groceries/en-GB/shop/food-cupboard/all?department=Biscuits%20%26%20Cereal%20Bars&viewAll=department&page=,£2.50,£1.00/100g,,,/groceries/en-GB/products/289954085,https://digitalcontent.api.tesco.com/v2/media/ghs/4a0adf4f-b8d0-464a-bb97-af79d1a1fa75/570133ca-4a84-4c27-bb2f-a2332a18d2dd_687855816.jpeg?h=225&w=225,
306497605,Belvita Dark Chocolate & Hazelnut Baked Bar 4X 40G,https://www.tesco.com/groceries/en-GB/shop/food-cupboard/all?department=Biscuits%20%26%20Cereal%20Bars&viewAll=department&page=,£1.75,£1.10/100g,,,/groceries/en-GB/products/306497605,https://digitalcontent.api.tesco.com/v2/media/ghs/55a8b066-67cc-4837-b04e-c8be14470203/3c218c82-7c77-4600-ab33-208a142a3cf5_1359803675.jpeg?h=225&w=225,
257911663,Tesco Finest Scottish Shortbread Assortment 400G,https://www.tesco.com/groceries/en-GB/shop/food-cupboard/all?department=Biscuits%20%26%20Cereal%20Bars&viewAll=department&page=,£3.45,£0.86/100g,,,/groceries/en-GB/products/257911663,https://digitalcontent.api.tesco.com/v2/media/ghs/561a2a70-5159-46cf-be0c-1607043a2140/d0289934-29c8-4c77-adc4-2cc1bd1b5692_2133527408.jpeg?h=225&w=225,
271099738,Belvita Sandwich Plain Yogurt Crunch 253G,https://www.tesco.com/groceries/en-GB/shop/food-cupboard/all?department=Biscuits%20%26%20Cereal%20Bars&viewAll=department&page=,£2.50,£0.99/100g,£1.75 Clubcard Price,,/groceries/en-GB/products/271099738,https://digitalcontent.api.tesco.com/v2/media/ghs/3d88ec40-a13b-40e7-a1ba-8cd86b3829f9/523c386f-e5dd-4f1e-94ce-70cabbe71bfe_355715816.jpeg?h=225&w=225,
300917217,Mcvities Digestives Lights 300G,https://www.tesco.com/groceries/en-GB/shop/food-cupboard/all?department=Biscuits%20%26%20Cereal%20Bars&viewAll=department&page=,£1.50,£0.50/100g,,,/groceries/en-GB/products/300917217,https://digitalcontent.api.tesco.com/v2/media/ghs/6905d203-1a69-4d9e-8370-0bd4b1e79c34/snapshotimagehandler_1075824144.jpeg?h=225&w=225,
304372445,Cadbury Oreo Cadbury Coated Biscuit 164G,https://www.tesco.com/groceries/en-GB/shop/food-cupboard/all?department=Biscuits%20%26%20Cereal%20Bars&viewAll=department&page=,£2.20,£1.35/100g,£1.50 Clubcard Price,,/groceries/en-GB/products/304372445,https://digitalcontent.api.tesco.com/v2/media/ghs/f2baa516-220b-447f-84ec-ade20fa0b0f6/df602db4-0671-413e-a92a-72531ba666f4_859584525.jpeg?h=225&w=225,
306947857,Cadbury Bournville Dark Chocolate Fingers Biscuits 114G,https://www.tesco.com/groceries/en-GB/shop/food-cupboard/all?department=Biscuits%20%26%20Cereal%20Bars&viewAll=department&page=,£1.70,£1.50/100g,,,/groceries/en-GB/products/306947857,https://digitalcontent.api.tesco.com/v2/media/ghs/11c6ce46-6521-4794-b36a-00dba48bfdc5/c75a4311-a1fa-4922-8376-ec59b3112950_1307975639.jpeg?h=225&w=225,
293559144,Tesco Mini Gingerbread Men 100G,https://www.tesco.com/groceries/en-GB/shop/food-cupboard/all?department=Biscuits%20%26%20Cereal%20Bars&viewAll=department&page=,£1.15,£1.15/100g,,,/groceries/en-GB/products/293559144,,
308083896,Tesco Free From Custard Creams 125G,https://www.tesco.com/groceries/en-GB/shop/food-cupboard/all?department=Biscuits%20%26%20Cereal%20Bars&viewAll=department&page=,£1.30,£1.04/100g,,,/groceries/en-GB/products/308083896,https://digitalcontent.api.tesco.com/v2/media/ghs/94ead5f3-ecf8-46ee-bd43-59ba16135cf5/33c213d9-6585-4942-a792-0a0a16c77d4d_1618468615.jpeg?h=225&w=225,
281318333,Cadbury Snack Sandwich 6 Pack 132G,https://www.tesco.com/groceries/en-GB/shop/food-cupboard/all?department=Biscuits%20%26%20Cereal%20Bars&viewAll=department&page=,£2.00,£1.52/100g,£1.50 Clubcard Price,,/groceries/en-GB/products/281318333,https://digitalcontent.api.tesco.com/v2/media/ghs/18b3923d-6490-47c5-8772-ce82a28ad954/snapshotimagehandler_1857292744.jpeg?h=225&w=225,
307745242,Tesco Free From Bourbon Creams 150G,https://www.tesco.com/groceries/en-GB/shop/food-cupboard/all?department=Biscuits%20%26%20Cereal%20Bars&viewAll=department&page=,£1.30,£0.87/100g,,,/groceries/en-GB/products/307745242,https://digitalcontent.api.tesco.com/v2/media/ghs/d9e9342e-e8a2-4d91-90fe-3a144d37ef45/2b257d45-7402-4f12-8118-924123d6535f_155095909.jpeg?h=225&w=225,
300832806,Tesco Chocolate Brownie Soft Cookies 200G,https://www.tesco.com/groceries/en-GB/shop/food-cupboard/all?department=Biscuits%20%26%20Cereal%20Bars&viewAll=department&page=,£1.10,£0.55/100g,,,/groceries/en-GB/products/300832806,https://digitalcontent.api.tesco.com/v2/media/ghs/f2f9fb64-9a37-4b41-99d8-d8e63cc7e1bc/snapshotimagehandler_249723332.jpeg?h=225&w=225,
307510007,Kit Kat 2 Fingers Wafer Milk Chocolate Honeycomb 9X20.7G,https://www.tesco.com/groceries/en-GB/shop/food-cupboard/all?department=Biscuits%20%26%20Cereal%20Bars&viewAll=department&page=,£1.50,£0.81/100g,,,/groceries/en-GB/products/307510007,https://digitalcontent.api.tesco.com/v2/media/ghs/65e1ba71-f3de-4bb7-b646-75f93904b585/bf65b038-5109-44b7-a454-a45af41852ca_473520262.jpeg?h=225&w=225,
276846141,Tesco Peanut Cookies 200G,https://www.tesco.com/groceries/en-GB/shop/food-cupboard/all?department=Biscuits%20%26%20Cereal%20Bars&viewAll=department&page=,£1.10,£0.55/100g,,,/groceries/en-GB/products/276846141,https://digitalcontent.api.tesco.com/v2/media/ghs-mktg/b0b04216-fa73-466d-a9d7-c9fcfa1ce9b3/no-image.jpeg,
307337996,Cadbury Dairy Milk Fingers Biscuits 189G,https://www.tesco.com/groceries/en-GB/shop/food-cupboard/all?department=Biscuits%20%26%20Cereal%20Bars&viewAll=department&page=,£1.99,£1.06/100g,,,/groceries/en-GB/products/307337996,https://digitalcontent.api.tesco.com/v2/media/ghs/476fd9f3-1816-42e7-83a5-fa92d11a3010/fb1b0f47-c27b-492b-ad0a-2b7faa54b3dd_1846793415.jpeg?h=225&w=225,
293574661,Tesco Shortbread Petticoat Tails 450G,https://www.tesco.com/groceries/en-GB/shop/food-cupboard/all?department=Biscuits%20%26%20Cereal%20Bars&viewAll=department&page=,£2.20,£0.49/100g,,,/groceries/en-GB/products/293574661,https://digitalcontent.api.tesco.com/v2/media/ghs/e9335bc1-38be-4bd9-b810-2499bd225b1c/a8641c0c-ba72-4eb8-8465-fab440e64681_1362608406.jpeg?h=225&w=225,
311684814,Oreo Twists Vanilla & Raspberry Flavoured Biscuit 157G,https://www.tesco.com/groceries/en-GB/shop/food-cupboard/all?department=Biscuits%20%26%20Cereal%20Bars&viewAll=department&page=,£1.10,£0.70/100g,,,/groceries/en-GB/products/311684814,https://digitalcontent.api.tesco.com/v2/media/ghs/ddda5d2d-0265-4e04-a104-04b5143baca9/26e16d5b-d4ec-4f0c-bd73-621e1db5b645_325490581.jpeg?h=225&w=225,
295065644,Bahlsen Leibniz Orange 125G,https://www.tesco.com/groceries/en-GB/shop/food-cupboard/all?department=Biscuits%20%26%20Cereal%20Bars&viewAll=department&page=,£1.60,£1.28/100g,£1.25 Clubcard Price,,/groceries/en-GB/products/295065644,https://digitalcontent.api.tesco.com/v2/media/ghs/5812bcfe-c06f-45ee-96bb-d4d3a4a93ded/595a810e-2f57-4722-bb0d-a15c0746c991_2029107726.jpeg?h=225&w=225,
304377434,Mrs Crimbles 6 Gluten Free Vegan Chocolate Macaroon 195G,https://www.tesco.com/groceries/en-GB/shop/food-cupboard/all?department=Biscuits%20%26%20Cereal%20Bars&viewAll=department&page=,£1.40,£0.72/100g,,,/groceries/en-GB/products/304377434,https://digitalcontent.api.tesco.com/v2/media/ghs/fb54a44a-a9a5-44e8-bb1a-0bfc49d751ff/c9e2ad66-9010-44c3-b714-b9c935054e10_1270116340.jpeg?h=225&w=225,
311252180,Twix Salted Caramel Multipack 9X20g,https://www.tesco.com/groceries/en-GB/shop/food-cupboard/all?department=Biscuits%20%26%20Cereal%20Bars&viewAll=department&page=,£1.75,£0.97/100g,£1.50 Clubcard Price,,/groceries/en-GB/products/311252180,https://digitalcontent.api.tesco.com/v2/media/ghs/6eee94dd-6f37-4574-930e-060c9dabc62a/94eeb30e-65fc-445f-9afd-b06ad17ffa6e_682784565.jpeg?h=225&w=225,
310099512,Tesco 6 Chocolate & Milk Crispy Bars 126G,https://www.tesco.com/groceries/en-GB/shop/food-cupboard/all?department=Biscuits%20%26%20Cereal%20Bars&viewAll=department&page=,£1.05,£0.83/100g,,,/groceries/en-GB/products/310099512,https://digitalcontent.api.tesco.com/v2/media/ghs/91bf02ea-c9e3-4426-9b73-8f0831985300/4d2927d4-f6e1-477e-afb5-9ef0a278b42b_154612081.jpeg?h=225&w=225,
307353826,Tesco All Butter Chocolate Chip Shortbread 180G,https://www.tesco.com/groceries/en-GB/shop/food-cupboard/all?department=Biscuits%20%26%20Cereal%20Bars&viewAll=department&page=,£1.05,£0.58/100g,,,/groceries/en-GB/products/307353826,https://digitalcontent.api.tesco.com/v2/media/ghs/667739ea-515f-426f-b8b3-08db3c514256/0137f28b-f3ce-4117-8ddb-611591b29a1b_367112658.jpeg?h=225&w=225,
300877131,Tesco Pumpkin Seeds Almond & Dark Chocolate Bars 140G,https://www.tesco.com/groceries/en-GB/shop/food-cupboard/all?department=Biscuits%20%26%20Cereal%20Bars&viewAll=department&page=,£1.30,£0.93/100g,,,/groceries/en-GB/products/300877131,https://digitalcontent.api.tesco.com/v2/media/ghs/468e86a9-e334-42cb-a5dc-dfcc88896d21/565e54a0-bf9a-4596-8e39-153a5f7976f5_1691318369.jpeg?h=225&w=225,
311670986,Twix White Chocolate Biscuit Fingers 9X20g 180G,https://www.tesco.com/groceries/en-GB/shop/food-cupboard/all?department=Biscuits%20%26%20Cereal%20Bars&viewAll=department&page=,£1.75,£0.97/100g,£1.50 Clubcard Price,,/groceries/en-GB/products/311670986,https://digitalcontent.api.tesco.com/v2/media/ghs/22a899d1-300a-4d71-b3cb-975f97a8271b/e08a72c4-5ca1-47c0-b112-ab3aba3c3f21_549094966.jpeg?h=225&w=225,
308451115,Kind Protein Crunchy Peanut Butter Bars 3X42g,https://www.tesco.com/groceries/en-GB/shop/food-cupboard/all?department=Biscuits%20%26%20Cereal%20Bars&viewAll=department&page=,£3.00,£2.39/100g,,,/groceries/en-GB/products/308451115,https://digitalcontent.api.tesco.com/v2/media/ghs/7bd0485a-bd97-4ec2-b459-bc9a32cb81c3/e8938525-1cd0-4419-b585-e1a44ae84063_948380005.jpeg?h=225&w=225,
311221643,Fibre One 90 Calorie Doughnut Chocolate Flavour 4X23g,https://www.tesco.com/groceries/en-GB/shop/food-cupboard/all?department=Biscuits%20%26%20Cereal%20Bars&viewAll=department&page=,£2.50,£2.72/100g,,,/groceries/en-GB/products/311221643,https://digitalcontent.api.tesco.com/v2/media/ghs/4b8e75da-674f-4a64-89d7-eed5aaf363ee/8d0992fb-a2b0-4f8f-a635-e55f5bbf51ef_1927414416.jpeg?h=225&w=225,
311425765,Fibre One 90 Calorie Doughnut Strawberry 4X23g,https://www.tesco.com/groceries/en-GB/shop/food-cupboard/all?department=Biscuits%20%26%20Cereal%20Bars&viewAll=department&page=,£2.50,£2.72/100g,,,/groceries/en-GB/products/311425765,https://digitalcontent.api.tesco.com/v2/media/ghs/f284fd27-0be3-48b5-af89-8b2ef38861fd/5389a076-865e-4078-8879-fec102aaa2ab_1810293699.jpeg?h=225&w=225,
306945652,Nutella B-Ready Chocolate Wafers 15 X 22G,https://www.tesco.com/groceries/en-GB/shop/food-cupboard/all?department=Biscuits%20%26%20Cereal%20Bars&viewAll=department&page=,£4.50,£1.37/100g,,,/groceries/en-GB/products/306945652,https://digitalcontent.api.tesco.com/v2/media/ghs/dd301728-09fe-498b-bc7e-fe66b8329842/81040964-e592-4163-9a49-05e5bc3e66c4_297670314.jpeg?h=225&w=225,
310113067,Tesco Finest Intensely Dark Chocolate Cookie 200G,https://www.tesco.com/groceries/en-GB/shop/food-cupboard/all?department=Biscuits%20%26%20Cereal%20Bars&viewAll=department&page=,£1.80,£0.90/100g,,,/groceries/en-GB/products/310113067,https://digitalcontent.api.tesco.com/v2/media/ghs/fe49e9ab-f515-47d2-a21a-32458fca7d89/1b413f3b-7ad3-4ad9-9a0c-c77c55c71152_1306427687.jpeg?h=225&w=225,
306500919,Belvita Baked Bar Cranberry & Hazelnut 4X40g,https://www.tesco.com/groceries/en-GB/shop/food-cupboard/all?department=Biscuits%20%26%20Cereal%20Bars&viewAll=department&page=,£1.75,£1.10/100g,,,/groceries/en-GB/products/306500919,https://digitalcontent.api.tesco.com/v2/media/ghs/63b41491-61a9-4f7f-a460-67da7d9e7a78/a050383a-9541-4205-9fa4-1fd0288ed343_1022792070.jpeg?h=225&w=225,
311686484,Fibre One Strawberry Cheesecake Bar 4X25g,https://www.tesco.com/groceries/en-GB/shop/food-cupboard/all?department=Biscuits%20%26%20Cereal%20Bars&viewAll=department&page=,£2.50,£25.00/kg,£1.50 Clubcard Price,,/groceries/en-GB/products/311686484,https://digitalcontent.api.tesco.com/v2/media/ghs/becec5cd-fe3f-4a6e-b45c-27378e34bbf4/bef56787-419a-4de5-b817-9551ef1e2738_2186561.jpeg?h=225&w=225,
289954275,Belvita Soft Bakes Golden Grain 250G,https://www.tesco.com/groceries/en-GB/shop/food-cupboard/all?department=Biscuits%20%26%20Cereal%20Bars&viewAll=department&page=,£2.50,£1.00/100g,,,/groceries/en-GB/products/289954275,https://digitalcontent.api.tesco.com/v2/media/ghs/c6d31b41-e18b-42ea-9533-525472ccd12e/412aa7b1-620e-423f-bf30-5c6890d0af34_49316068.jpeg?h=225&w=225,
284603630,Nutella & Go 48G,https://www.tesco.com/groceries/en-GB/shop/food-cupboard/all?department=Biscuits%20%26%20Cereal%20Bars&viewAll=department&page=,£1.00,£2.09/100g,"£3.40 Meal Deal Clubcard Price £3.90 Meal Deal Regular Price - Selected Drink, Snack, Wrap, Sandwich, Roll, Pasty Or Salad",,/groceries/en-GB/products/284603630,https://digitalcontent.api.tesco.com/v2/media/ghs/f5dbddd0-1f4f-40e7-b644-c429f65a1cbd/ccf2a3e8-925a-4085-bb5f-faa5c4531076_1057879727.jpeg?h=225&w=225,
311782341,Fru Crew Bonkers Banana Oat Bars 5 X 20G,https://www.tesco.com/groceries/en-GB/shop/food-cupboard/all?department=Biscuits%20%26%20Cereal%20Bars&viewAll=department&page=,£2.00,£2.00/100g,,,/groceries/en-GB/products/311782341,https://digitalcontent.api.tesco.com/v2/media/ghs/9bee70c4-63b1-4491-b821-5e3708de0e28/326d0a04-43b9-40f0-9c02-eb14f3ac04a8_1140816407.jpeg?h=225&w=225,
278437236,Tesco Finest Free From Dark Chocolate Ginger Cookies 150G,https://www.tesco.com/groceries/en-GB/shop/food-cupboard/all?department=Biscuits%20%26%20Cereal%20Bars&viewAll=department&page=,£2.00,£1.34/100g,,,/groceries/en-GB/products/278437236,https://digitalcontent.api.tesco.com/v2/media/ghs/8dd93fa0-7ba1-4b78-a3b8-0d500ebcab1a/0f282c41-a900-4fc1-84a8-37554c67f385.jpeg?h=225&w=225,
310153857,Tesco Finest Dulce De Leche Caramel Filled Cookies 180G,https://www.tesco.com/groceries/en-GB/shop/food-cupboard/all?department=Biscuits%20%26%20Cereal%20Bars&viewAll=department&page=,£1.80,£1.00/100g,,,/groceries/en-GB/products/310153857,https://digitalcontent.api.tesco.com/v2/media/ghs/f148bc49-9127-4767-9e18-e151b9a0cfe9/b2bf55d9-2611-4aab-b8de-6624324a3e39_1611195390.jpeg?h=225&w=225,
310676618,Cadbury Nuttier Peanut & Almond Milk Chocolate 3 X 40G,https://www.tesco.com/groceries/en-GB/shop/food-cupboard/all?department=Biscuits%20%26%20Cereal%20Bars&viewAll=department&page=,£2.00,£1.67/100g,,,/groceries/en-GB/products/310676618,https://digitalcontent.api.tesco.com/v2/media/ghs/e827b1b3-c510-4322-8b47-06f3a0d2e5b0/d9d4217a-24f3-4276-9294-3c6285532243_1362985079.jpeg?h=225&w=225,
310160802,Mcvities Blissfuls Chocolate & Hazelnut 228G,https://www.tesco.com/groceries/en-GB/shop/food-cupboard/all?department=Biscuits%20%26%20Cereal%20Bars&viewAll=department&page=,£2.60,£1.15/100g,,,/groceries/en-GB/products/310160802,https://digitalcontent.api.tesco.com/v2/media/ghs/5353e713-6ffb-4d5e-8727-cd35f961a7c9/b7b1265d-9f65-4b17-8d1c-083e94f41e90_1453772373.jpeg?h=225&w=225,
310132934,Tesco Finest Lemon Shortbread Fingers 165G,https://www.tesco.com/groceries/en-GB/shop/food-cupboard/all?department=Biscuits%20%26%20Cereal%20Bars&viewAll=department&page=,£2.00,£1.22/100g,,,/groceries/en-GB/products/310132934,https://digitalcontent.api.tesco.com/v2/media/ghs/ab878dad-e9e0-4359-8aa4-b06faa00d48d/889d32cf-d37f-491b-a1b4-4a23453bd722_1765133186.jpeg?h=225&w=225,
311793253,Nature Valley Fruit & Nut Cereal Bars 4X30g,https://www.tesco.com/groceries/en-GB/shop/food-cupboard/all?department=Biscuits%20%26%20Cereal%20Bars&viewAll=department&page=,£2.25,£1.88/100g,£1.50 Clubcard Price,,/groceries/en-GB/products/311793253,https://digitalcontent.api.tesco.com/v2/media/ghs/e45d0681-93fc-40c6-acdb-90a6da290b37/ddba4ca1-ad01-416a-9fe4-b227db9764e0_326839800.jpeg?h=225&w=225,
304838926,Fibre One Red Velvet Cake Bar 25 G,https://www.tesco.com/groceries/en-GB/shop/food-cupboard/all?department=Biscuits%20%26%20Cereal%20Bars&viewAll=department&page=,£2.50,£10.00/100g,£1.50 Clubcard Price,,/groceries/en-GB/products/304838926,https://digitalcontent.api.tesco.com/v2/media/ghs/e0c2fc96-3a19-44db-9940-1b4d2e0e1ff0/c556f852-709d-4424-ba2f-e6b30f9e84eb_62151482.jpeg?h=225&w=225,
310164591,Mcvities Blissfuls Chocolate & Caramel 228G,https://www.tesco.com/groceries/en-GB/shop/food-cupboard/all?department=Biscuits%20%26%20Cereal%20Bars&viewAll=department&page=,£2.60,£1.15/100g,,,/groceries/en-GB/products/310164591,https://digitalcontent.api.tesco.com/v2/media/ghs/e60f626f-0e7c-41e3-ac31-44f146df2555/1606ec78-979a-4f00-abc4-14f8619c4279_1703119393.jpeg?h=225&w=225,
277552596,Loacker Napolitaner Wafer 90G,https://www.tesco.com/groceries/en-GB/shop/food-cupboard/all?department=Biscuits%20%26%20Cereal%20Bars&viewAll=department&page=,£1.15,£1.28/100g,,,/groceries/en-GB/products/277552596,https://digitalcontent.api.tesco.com/v2/media/ghs/83109a05-2ed9-4ab2-8eef-8654af11ccb1/b3f2f98f-6111-46d4-adc9-35fdc36efe2f_1709790423.jpeg?h=225&w=225,
301045256,Fibre One Peanut Butter Popcorn Bars 4 X 21G,https://www.tesco.com/groceries/en-GB/shop/food-cupboard/all?department=Biscuits%20%26%20Cereal%20Bars&viewAll=department&page=,£2.00,£2.39/100g,,,/groceries/en-GB/products/301045256,https://digitalcontent.api.tesco.com/v2/media/ghs/35f36084-32f9-4b82-8d69-c700fdcfa73f/52056ef6-1a96-4863-8d82-e5cfc11aa2f3_1787133618.jpeg?h=225&w=225,
272322934,Bolands Jam Mallows 250G,https://www.tesco.com/groceries/en-GB/shop/food-cupboard/all?department=Biscuits%20%26%20Cereal%20Bars&viewAll=department&page=,£1.90,£0.76/100g,,,/groceries/en-GB/products/272322934,https://digitalcontent.api.tesco.com/v2/media/ghs/4a83b3b0-d9a7-4378-a815-a81a142ac913/c33bcc98-2420-428c-b99e-27222ce72409_1339879748.jpeg?h=225&w=225,
311441054,Stoats Porridge Bars Blueberry & Honey Bars 4X42g,https://www.tesco.com/groceries/en-GB/shop/food-cupboard/all?department=Biscuits%20%26%20Cereal%20Bars&viewAll=department&page=,£2.10,£1.25/100g,£1.60 Clubcard Price,,/groceries/en-GB/products/311441054,https://digitalcontent.api.tesco.com/v2/media/ghs/aff40b24-be7c-40de-b251-3e668d59c247/7a8ae2fe-7287-453c-bdfd-a7feb2da6a0f_1502568342.jpeg?h=225&w=225,
310659363,Nakd Fruit & Nut Bar Raspberry Chocolish 3X30g,https://www.tesco.com/groceries/en-GB/shop/food-cupboard/all?department=Biscuits%20%26%20Cereal%20Bars&viewAll=department&page=,£2.05,£2.28/100g,£1.50 Clubcard Price,,/groceries/en-GB/products/310659363,https://digitalcontent.api.tesco.com/v2/media/ghs/9920cc84-bd76-4735-acec-0fdae62118ea/b330efdf-0f7e-45f1-86ae-6cdc302e3351_254227804.jpeg?h=225&w=225,
310133910,Nakd Fruit & Nut Bar Double Cocoa Chocolish 3X30g,https://www.tesco.com/groceries/en-GB/shop/food-cupboard/all?department=Biscuits%20%26%20Cereal%20Bars&viewAll=department&page=,£2.05,£2.28/100g,£1.50 Clubcard Price,,/groceries/en-GB/products/310133910,https://digitalcontent.api.tesco.com/v2/media/ghs/169af9ce-c7b5-4aac-b488-96be44000259/5fda35ec-52fe-4619-a920-a39ea05d5442_132189132.jpeg?h=225&w=225,
311688390,Kellogg's Rice Krispies Squares Mint Chocolate Shake Flavour 4X34g,https://www.tesco.com/groceries/en-GB/shop/food-cupboard/all?department=Biscuits%20%26%20Cereal%20Bars&viewAll=department&page=,£2.00,£1.48/100g,,,/groceries/en-GB/products/311688390,https://digitalcontent.api.tesco.com/v2/media/ghs/476f0d70-f0ff-4699-9dae-f02887b0cc72/a191ffa5-01e3-43fc-97fe-50aa5c5e3375_1246778122.jpeg?h=225&w=225,
297544950,Bahlsen Choco Leibniz White Biscuits 125G,https://www.tesco.com/groceries/en-GB/shop/food-cupboard/all?department=Biscuits%20%26%20Cereal%20Bars&viewAll=department&page=,£1.60,£1.28/100g,£1.25 Clubcard Price,,/groceries/en-GB/products/297544950,https://digitalcontent.api.tesco.com/v2/media/ghs/fb84718c-3e3d-4b2e-b423-365b0d4763ac/0872aee1-9c37-4c1e-9078-61869fce6d31_672856341.jpeg?h=225&w=225,
311792605,Lu Le Petit Ganache Choco Hazelnut 105G,https://www.tesco.com/groceries/en-GB/shop/food-cupboard/all?department=Biscuits%20%26%20Cereal%20Bars&viewAll=department&page=,£1.50,£1.43/100g,£1.00 Clubcard Price,,/groceries/en-GB/products/311792605,https://digitalcontent.api.tesco.com/v2/media/ghs/1774f4b5-f8ab-4871-b888-523502b53cdb/7fedf7b0-afac-4c2d-9b05-a5ba830226c3_1140604543.jpeg?h=225&w=225,
310162996,Tesco Finest Salted Caramel Florentines 105G,https://www.tesco.com/groceries/en-GB/shop/food-cupboard/all?department=Biscuits%20%26%20Cereal%20Bars&viewAll=department&page=,£2.50,£2.39/100g,,,/groceries/en-GB/products/310162996,https://digitalcontent.api.tesco.com/v2/media/ghs/a9e37f07-0781-40c7-a697-930203431d1d/ea41e167-9713-4a15-99fd-30af82f0cfda_1327578372.jpeg?h=225&w=225,
297544190,Bounty Cookies 180G,https://www.tesco.com/groceries/en-GB/shop/food-cupboard/all?department=Biscuits%20%26%20Cereal%20Bars&viewAll=department&page=,£1.50,£0.83/100g,,,/groceries/en-GB/products/297544190,https://digitalcontent.api.tesco.com/v2/media/ghs/2c8be382-fed1-43db-8ed4-6e9331586078/556c8cd4-dee2-4f9d-97d3-78436030c35a_1622454277.jpeg?h=225&w=225,
257721761,Jordans Frusli Bars Cranberry & Apple 6X30g,https://www.tesco.com/groceries/en-GB/shop/food-cupboard/all?department=Biscuits%20%26%20Cereal%20Bars&viewAll=department&page=,£2.00,£1.12/100g,£1.50 Clubcard Price,,/groceries/en-GB/products/257721761,https://digitalcontent.api.tesco.com/v2/media/ghs/8380b006-1eb7-48eb-a97c-da3d81ee28cd/b08bbbe5-6d1e-47b6-8893-c4d1396c83a5_1005467834.jpeg?h=225&w=225,
306927207,Cadbury Milk Chocolate Orange Fingers 114G,https://www.tesco.com/groceries/en-GB/shop/food-cupboard/all?department=Biscuits%20%26%20Cereal%20Bars&viewAll=department&page=,£1.70,£1.50/100g,,,/groceries/en-GB/products/306927207,https://digitalcontent.api.tesco.com/v2/media/ghs/db3b5044-7162-4657-a85f-8e0e43ebb511/159c18b9-efc3-463d-97f5-7a0943a0ac89_575728868.jpeg?h=225&w=225,
294779613,Tesco Viennese Swirl Carton 125G,https://www.tesco.com/groceries/en-GB/shop/food-cupboard/all?department=Biscuits%20%26%20Cereal%20Bars&viewAll=department&page=,£1.10,£0.88/100g,,,/groceries/en-GB/products/294779613,https://digitalcontent.api.tesco.com/v2/media/ghs/9dc54a3c-91b4-4c51-a9e4-572df5456193/da494cbc-b0cf-4dc4-ab93-9e7ea0f55bab_557515499.jpeg?h=225&w=225,
309198937,Lu Petit Chocolat Chocolate Biscuits 150G,https://www.tesco.com/groceries/en-GB/shop/food-cupboard/all?department=Biscuits%20%26%20Cereal%20Bars&viewAll=department&page=,£1.50,£1.00/100g,£1.00 Clubcard Price,,/groceries/en-GB/products/309198937,https://digitalcontent.api.tesco.com/v2/media/ghs/d0c00023-a7f7-4071-9a03-e89137a93fb6/9f54103d-f9dc-48f5-a06c-afb5b76adacb_1036733019.jpeg?h=225&w=225,
307750857,Mcvitie's Jaffa Cakes Cherry Flavoured Biscuits 10 Pack,https://www.tesco.com/groceries/en-GB/shop/food-cupboard/all?department=Biscuits%20%26%20Cereal%20Bars&viewAll=department&page=,£1.20,£0.12/each,80p Clubcard Price,,/groceries/en-GB/products/307750857,https://digitalcontent.api.tesco.com/v2/media/ghs/349da89a-8ba3-49e4-a695-00472eecd1aa/c3c9e5b3-bf3e-4933-899c-db2be24abe25_468022568.jpeg?h=225&w=225,
307357010,Mrs Crimble's 6 Gluten Free Coconut Macaroons 180G,https://www.tesco.com/groceries/en-GB/shop/food-cupboard/all?department=Biscuits%20%26%20Cereal%20Bars&viewAll=department&page=,£1.40,£0.78/100g,,,/groceries/en-GB/products/307357010,https://digitalcontent.api.tesco.com/v2/media/ghs/c60d746a-ac7d-4fd7-abb0-6ca7d4a3b9f9/2466f047-1e87-43fc-8c19-963afbc08dfb_1969830633.jpeg?h=225&w=225,
268296889,Kinder Bueno White 39G,https://www.tesco.com/groceries/en-GB/shop/food-cupboard/all?department=Biscuits%20%26%20Cereal%20Bars&viewAll=department&page=,£0.60,£1.54/100g,"£3.40 Meal Deal Clubcard Price £3.90 Meal Deal Regular Price - Selected Drink, Snack, Wrap, Sandwich, Roll, Pasty Or Salad",,/groceries/en-GB/products/268296889,https://digitalcontent.api.tesco.com/v2/media/ghs/274f7e7f-f234-4ba9-983a-0392015d2085/0b8d34bb-8ecb-46c9-8c33-feaa2143770b_541687696.jpeg?h=225&w=225,
254734606,Kinder Bueno Bar 43G,https://www.tesco.com/groceries/en-GB/shop/food-cupboard/all?department=Biscuits%20%26%20Cereal%20Bars&viewAll=department&page=,£0.60,£1.40/100g,"£3.40 Meal Deal Clubcard Price £3.90 Meal Deal Regular Price - Selected Drink, Snack, Wrap, Sandwich, Roll, Pasty Or Salad",,/groceries/en-GB/products/254734606,https://digitalcontent.api.tesco.com/v2/media/ghs/3141538d-149b-4601-a6d6-90fe8ec9c17b/3b5f4f52-cc8d-476e-a07a-4d3880876b97_1133591546.jpeg?h=225&w=225,
278636951,Tesco Finest Belgian Biscuit Selection 400G,https://www.tesco.com/groceries/en-GB/shop/food-cupboard/all?department=Biscuits%20%26%20Cereal%20Bars&viewAll=department&page=,£6.00,£1.50/100g,£4.50 Clubcard Price,,/groceries/en-GB/products/278636951,https://digitalcontent.api.tesco.com/v2/media/ghs/1c1f3c74-a202-4854-ab06-f05d264a622e/aa1a548e-05d4-457f-8785-d67f1df09f29_428128140.jpeg?h=225&w=225,
310687974,Tesco Finest Blood Orange Marmalade Belgian Dark Chocolate Shortbread 150G,https://www.tesco.com/groceries/en-GB/shop/food-cupboard/all?department=Biscuits%20%26%20Cereal%20Bars&viewAll=department&page=,£2.20,£1.47/100g,,,/groceries/en-GB/products/310687974,https://digitalcontent.api.tesco.com/v2/media/ghs/e1cfa2b1-eaca-4ea2-9478-4c7284d99c8f/b5fdd414-cc95-4528-9815-7df4a05e9727_1144030093.jpeg?h=225&w=225,
311789587,Fru Crew Bouncy Berry Oat Bars 5X20g,https://www.tesco.com/groceries/en-GB/shop/food-cupboard/all?department=Biscuits%20%26%20Cereal%20Bars&viewAll=department&page=,£2.00,£2.00/100g,,,/groceries/en-GB/products/311789587,https://digitalcontent.api.tesco.com/v2/media/ghs/75564eec-fc45-4188-9645-ee3d0fe6fe08/4a8070c7-867f-4bd6-b78c-e45f88d8781e_2132800289.jpeg?h=225&w=225,
311796843,Graze Honeycomb Flapjack 3X53g,https://www.tesco.com/groceries/en-GB/shop/food-cupboard/all?department=Biscuits%20%26%20Cereal%20Bars&viewAll=department&page=,£2.00,£1.26/100g,,,/groceries/en-GB/products/311796843,https://digitalcontent.api.tesco.com/v2/media/ghs/2367f19d-f4b0-4304-bd07-7699efedec32/51dce2be-6d59-4a67-bdf9-bd1b14b7ed75_1199624034.jpeg?h=225&w=225,
310666757,Cadbury Nuttier Cranberry & Almond Milk Chocolate Bar 3X40g,https://www.tesco.com/groceries/en-GB/shop/food-cupboard/all?department=Biscuits%20%26%20Cereal%20Bars&viewAll=department&page=,£2.00,£1.67/100g,,,/groceries/en-GB/products/310666757,https://digitalcontent.api.tesco.com/v2/media/ghs/ddad0166-a924-4e8f-bbc1-909d8a782574/5e090244-b01c-4904-82a4-c4edfda6d5bd_625607763.jpeg?h=225&w=225,
311933808,Fulfil Chocolate Hazelnut Whip Vitamin & Protein Bar 40G,https://www.tesco.com/groceries/en-GB/shop/food-cupboard/all?department=Biscuits%20%26%20Cereal%20Bars&viewAll=department&page=,£1.50,£3.75/100g,"£3.40 Meal Deal Clubcard Price £3.90 Meal Deal Regular Price - Selected Drink, Snack, Wrap, Sandwich, Roll, Pasty Or Salad",,/groceries/en-GB/products/311933808,https://digitalcontent.api.tesco.com/v2/media/ghs/696634eb-a378-4c6b-b994-89e145206052/41662300-734b-4954-9957-ba22286db661_228458658.jpeg?h=225&w=225,
311799477,Nature Valley Fruit & Nut Cranberry 4X30g,https://www.tesco.com/groceries/en-GB/shop/food-cupboard/all?department=Biscuits%20%26%20Cereal%20Bars&viewAll=department&page=,£2.25,£1.88/100g,£1.50 Clubcard Price,,/groceries/en-GB/products/311799477,https://digitalcontent.api.tesco.com/v2/media/ghs/c7b63df7-ffb5-40a7-afdd-ddd4c5037748/6e84e326-095f-479b-a1d4-02f9035e834f_990196937.jpeg?h=225&w=225,
311273206,Kind Maple Pecan & Almond Bars 3X30g,https://www.tesco.com/groceries/en-GB/shop/food-cupboard/all?department=Biscuits%20%26%20Cereal%20Bars&viewAll=department&page=,£3.00,£3.34/100g,£2.00 Clubcard Price,,/groceries/en-GB/products/311273206,https://digitalcontent.api.tesco.com/v2/media/ghs/4f96b629-b530-47f6-8ed1-5da6092eb765/09b63c8b-eb45-42bc-9758-8ff113ea3c19_1130470975.jpeg?h=225&w=225,
310653790,Maryland Ooh How Jammie Cookie 200G,https://www.tesco.com/groceries/en-GB/shop/food-cupboard/all?department=Biscuits%20%26%20Cereal%20Bars&viewAll=department&page=,£1.35,£0.68/100g,,,/groceries/en-GB/products/310653790,https://digitalcontent.api.tesco.com/v2/media/ghs/7d228bfa-7362-4b35-9d23-af34c9bf326e/79537a79-97ad-4638-8f67-6c1553a687f8_2133907010.jpeg?h=225&w=225,
310171887,Fox's Viennese Double Swirls Orange Biscuit 175G,https://www.tesco.com/groceries/en-GB/shop/food-cupboard/all?department=Biscuits%20%26%20Cereal%20Bars&viewAll=department&page=,£2.00,£1.15/100g,£1.50 Clubcard Price,,/groceries/en-GB/products/310171887,https://digitalcontent.api.tesco.com/v2/media/ghs/0648ae24-c3fe-4b06-843d-6086213ee6dd/cc8d680c-0261-46d4-ba94-bc81eff2e4bb_988256826.jpeg?h=225&w=225,
308081316,Tesco Free From Ginger Nuts 180G,https://www.tesco.com/groceries/en-GB/shop/food-cupboard/all?department=Biscuits%20%26%20Cereal%20Bars&viewAll=department&page=,£1.45,£0.81/100g,,,/groceries/en-GB/products/308081316,https://digitalcontent.api.tesco.com/v2/media/ghs/11f56559-268a-43b9-882b-d92ed1a75707/f10429bc-4bc0-4621-a8c1-fe5da2aa43f4_888255956.jpeg?h=225&w=225,
305830720,Kind Protein Crunchy Peanut Butter Bar 50G,https://www.tesco.com/groceries/en-GB/shop/food-cupboard/all?department=Biscuits%20%26%20Cereal%20Bars&viewAll=department&page=,£1.60,£3.20/100g,,,/groceries/en-GB/products/305830720,https://digitalcontent.api.tesco.com/v2/media/ghs/17b229d8-2114-4075-ac5c-838dfa91156b/69691095-c579-4192-a34b-fe8c2bc666fc_690638165.jpeg?h=225&w=225,
306933263,Kind Protein Dark Chocolate Nut Bar 50G,https://www.tesco.com/groceries/en-GB/shop/food-cupboard/all?department=Biscuits%20%26%20Cereal%20Bars&viewAll=department&page=,£1.60,£3.20/100g,,,/groceries/en-GB/products/306933263,https://digitalcontent.api.tesco.com/v2/media/ghs/7adbda6e-4af4-4c69-8694-8d14afb39a5a/f811c8a1-cfb3-4d43-ba6f-82af3807bec7_1621129814.jpeg?h=225&w=225,
307146127,Kind Almond & Coconut Bar 40G,https://www.tesco.com/groceries/en-GB/shop/food-cupboard/all?department=Biscuits%20%26%20Cereal%20Bars&viewAll=department&page=,£1.30,£3.25/100g,£1.00 Clubcard Price,,/groceries/en-GB/products/307146127,https://digitalcontent.api.tesco.com/v2/media/ghs/c2ba54f1-40b2-4750-959d-ea42f762f7ab/6c1fad57-5a2c-4f16-9ba5-a8a5c7c0b27a_787307950.jpeg?h=225&w=225,
311808134,Eat Natural Raw Almond Cranberry & Pomegranate Fruit & Nut Bar 45G,https://www.tesco.com/groceries/en-GB/shop/food-cupboard/all?department=Biscuits%20%26%20Cereal%20Bars&viewAll=department&page=,£1.00,£2.23/100g,,,/groceries/en-GB/products/311808134,https://digitalcontent.api.tesco.com/v2/media/ghs/424c0d05-323d-45cd-9c7c-75f6b9fd847d/9e3f77d5-6593-43ef-9aa0-8d32375e9ab3_1706981833.jpeg?h=225&w=225,
310670734,Eat Natural Raw Fruit & Nut Bar Hazelnut Dates Peanut 45G,https://www.tesco.com/groceries/en-GB/shop/food-cupboard/all?department=Biscuits%20%26%20Cereal%20Bars&viewAll=department&page=,£1.00,£2.23/100g,,,/groceries/en-GB/products/310670734,https://digitalcontent.api.tesco.com/v2/media/ghs/97d4e7f9-5a8d-4c7c-8f01-eb535177bc12/f3842913-4bd5-4f43-98d9-4b160cf36632_542148207.jpeg?h=225&w=225,
303177091,Nakd Blueberry Muffin Bar 35G,https://www.tesco.com/groceries/en-GB/shop/food-cupboard/all?department=Biscuits%20%26%20Cereal%20Bars&viewAll=department&page=,£1.00,£2.86/100g,"£3.40 Meal Deal Clubcard Price £3.90 Meal Deal Regular Price - Selected Drink, Snack, Wrap, Sandwich, Roll, Pasty Or Salad",,/groceries/en-GB/products/303177091,https://digitalcontent.api.tesco.com/v2/media/ghs/9597e1d2-06cb-4586-868f-e6ae37a52542/cf23c697-76a5-4b72-80db-ef46b08f2409_1539561592.jpeg?h=225&w=225,
305960836,Kind Peanut Butter & Dark Chocolate 40G,https://www.tesco.com/groceries/en-GB/shop/food-cupboard/all?department=Biscuits%20%26%20Cereal%20Bars&viewAll=department&page=,£1.30,£3.25/100g,£1.00 Clubcard Price,,/groceries/en-GB/products/305960836,https://digitalcontent.api.tesco.com/v2/media/ghs/4fef67b7-5f00-42b2-a8d8-5047b13d0552/a4d9b24f-339a-4b8c-bcd5-0c57153370d4_1296177018.jpeg?h=225&w=225,
287089069,Eat Natural Protein Bar 45G,https://www.tesco.com/groceries/en-GB/shop/food-cupboard/all?department=Biscuits%20%26%20Cereal%20Bars&viewAll=department&page=,£1.00,£2.23/100g,"£3.40 Meal Deal Clubcard Price £3.90 Meal Deal Regular Price - Selected Drink, Snack, Wrap, Sandwich, Roll, Pasty Or Salad",,/groceries/en-GB/products/287089069,https://digitalcontent.api.tesco.com/v2/media/ghs/b424ad40-d247-43e7-846a-1686c1281b83/52388e17-75a8-4ac1-a143-ccbb2346540d_360416765.jpeg?h=225&w=225,
310694274,Tesco Finest Chocolate & Honeycomb Shortbread 150G,https://www.tesco.com/groceries/en-GB/shop/food-cupboard/all?department=Biscuits%20%26%20Cereal%20Bars&viewAll=department&page=,£2.20,£1.47/100g,,,/groceries/en-GB/products/310694274,https://digitalcontent.api.tesco.com/v2/media/ghs/2ea51d9f-b8c2-465b-9457-7f740f18239a/44deff25-115a-40b2-b5e9-8f53cc9fa7ed_404317017.jpeg?h=225&w=225,
308104959,Kind Dark Chocolate Orange Almond Bar 40G,https://www.tesco.com/groceries/en-GB/shop/food-cupboard/all?department=Biscuits%20%26%20Cereal%20Bars&viewAll=department&page=,£1.30,£3.25/100g,£1.00 Clubcard Price,,/groceries/en-GB/products/308104959,https://digitalcontent.api.tesco.com/v2/media/ghs/715988ad-f50c-4664-830c-54888b57bec8/a1a04333-3f22-4726-a314-9dc6a62f8167_1003418610.jpeg?h=225&w=225,
254176022,Eat Natural Gold Cranberry & Macadamia Fruit Bar 45G,https://www.tesco.com/groceries/en-GB/shop/food-cupboard/all?department=Biscuits%20%26%20Cereal%20Bars&viewAll=department&page=,£1.00,£2.23/100g,"£3.40 Meal Deal Clubcard Price £3.90 Meal Deal Regular Price - Selected Drink, Snack, Wrap, Sandwich, Roll, Pasty Or Salad",,/groceries/en-GB/products/254176022,https://digitalcontent.api.tesco.com/v2/media/ghs/d31196f2-14d7-40ce-a3ee-1c96030f0bcb/ff6e3ca8-06ab-4bb1-a284-4fb050eb6c1e_834309114.jpeg?h=225&w=225,
252961461,Eat Natural Almond & Apricot Yogurt Coated Bar 50G,https://www.tesco.com/groceries/en-GB/shop/food-cupboard/all?department=Biscuits%20%26%20Cereal%20Bars&viewAll=department&page=,£1.00,£2.00/100g,"£3.40 Meal Deal Clubcard Price £3.90 Meal Deal Regular Price - Selected Drink, Snack, Wrap, Sandwich, Roll, Pasty Or Salad",,/groceries/en-GB/products/252961461,https://digitalcontent.api.tesco.com/v2/media/ghs/38ef1c63-53d1-4192-9480-711fa5a67cdf/1e5d196d-ce2f-4336-98e9-ef0e5331277c_1178859938.jpeg?h=225&w=225,
295229181,Nakd Peanut Delight 35G Bar,https://www.tesco.com/groceries/en-GB/shop/food-cupboard/all?department=Biscuits%20%26%20Cereal%20Bars&viewAll=department&page=,£1.00,£2.86/100g,"£3.40 Meal Deal Clubcard Price £3.90 Meal Deal Regular Price - Selected Drink, Snack, Wrap, Sandwich, Roll, Pasty Or Salad",,/groceries/en-GB/products/295229181,https://digitalcontent.api.tesco.com/v2/media/ghs/a0d77433-0d91-4de0-9297-b2479e94fef3/ff1897cf-0954-4f65-82d8-ebe29ebb4d70_1640629080.jpeg?h=225&w=225,
305982735,Kind Dark Chocolate Nuts & Sea Salt 40G,https://www.tesco.com/groceries/en-GB/shop/food-cupboard/all?department=Biscuits%20%26%20Cereal%20Bars&viewAll=department&page=,£1.30,£3.25/100g,£1.00 Clubcard Price,,/groceries/en-GB/products/305982735,https://digitalcontent.api.tesco.com/v2/media/ghs/86f793b3-baf4-4024-b70d-5fd847883b9d/e37292d7-1ca6-4141-bfc7-bd573ec4b10a_953036391.jpeg?h=225&w=225,
309207266,Cadbury Dairy Milk Mint Fingers 114G,https://www.tesco.com/groceries/en-GB/shop/food-cupboard/all?department=Biscuits%20%26%20Cereal%20Bars&viewAll=department&page=,£1.70,£1.50/100g,,,/groceries/en-GB/products/309207266,https://digitalcontent.api.tesco.com/v2/media/ghs/6f736a97-92f7-49af-806e-7bb2cc3c16c6/5cff3b7b-de4e-418e-879c-40efbee50a61_1364838057.jpeg?h=225&w=225,
311797107,Eat Natural Raw Protein Bar Peanuts Almond & Cocoa 45G,https://www.tesco.com/groceries/en-GB/shop/food-cupboard/all?department=Biscuits%20%26%20Cereal%20Bars&viewAll=department&page=,£1.00,£2.23/100g,,,/groceries/en-GB/products/311797107,https://digitalcontent.api.tesco.com/v2/media/ghs/89b551e2-1899-4021-b37a-5d3f74d3c0a0/3437ec02-152d-403c-bb5f-e0ed7115564d_1797124802.jpeg?h=225&w=225,
290404747,Kind Caramel Almond & Sea Salt 40G,https://www.tesco.com/groceries/en-GB/shop/food-cupboard/all?department=Biscuits%20%26%20Cereal%20Bars&viewAll=department&page=,£1.30,£3.25/100g,£1.00 Clubcard Price,,/groceries/en-GB/products/290404747,https://digitalcontent.api.tesco.com/v2/media/ghs/fb3afa90-6b15-4b48-a59a-17ea44cfb0a0/4f11832f-45e0-408b-a5d2-172189c6e1db_1996584355.jpeg?h=225&w=225,
307140341,Kind Salted Caramel Dark Chocolate Bar 40G,https://www.tesco.com/groceries/en-GB/shop/food-cupboard/all?department=Biscuits%20%26%20Cereal%20Bars&viewAll=department&page=,£1.30,£3.25/100g,£1.00 Clubcard Price,,/groceries/en-GB/products/307140341,https://digitalcontent.api.tesco.com/v2/media/ghs/6e72b5c0-0b60-462b-a2d8-eabe33fe6c53/3646d868-d76d-4a08-88b9-bbffb7d8cae9_1936720709.jpeg?h=225&w=225,
308832258,Wicked Kitchen Jazzy Jam Filled Biscuits 140G,https://www.tesco.com/groceries/en-GB/shop/food-cupboard/all?department=Biscuits%20%26%20Cereal%20Bars&viewAll=department&page=,£0.75,£0.54/100g,,,/groceries/en-GB/products/308832258,https://digitalcontent.api.tesco.com/v2/media/ghs/5afba3ab-8edd-415d-a8af-dd6b293dafb6/3027a0fa-a549-4ee0-bc09-1ff719666a74_184754419.jpeg?h=225&w=225,
252851390,Kellogg's Nutrigrain Strawberry 37G,https://www.tesco.com/groceries/en-GB/shop/food-cupboard/all?department=Biscuits%20%26%20Cereal%20Bars&viewAll=department&page=,£0.60,£1.63/100g,"£3.40 Meal Deal Clubcard Price £3.90 Meal Deal Regular Price - Selected Drink, Snack, Wrap, Sandwich, Roll, Pasty Or Salad",,/groceries/en-GB/products/252851390,https://digitalcontent.api.tesco.com/v2/media/ghs/6d1dda1e-5e55-4304-ab67-ecdbddb9c4eb/7d1021ad-6d42-46a9-9603-00867f41c311_577143114.jpeg?h=225&w=225,
294459128,Nature Valley Protein Chocolate & Peanut Bar 40G,https://www.tesco.com/groceries/en-GB/shop/food-cupboard/all?department=Biscuits%20%26%20Cereal%20Bars&viewAll=department&page=,£1.00,£2.50/100g,"£3.40 Meal Deal Clubcard Price £3.90 Meal Deal Regular Price - Selected Drink, Snack, Wrap, Sandwich, Roll, Pasty Or Salad",,/groceries/en-GB/products/294459128,https://digitalcontent.api.tesco.com/v2/media/ghs/518ff4ac-38c2-427b-9ee0-5f2cdd45d9e0/eb69b027-f18e-47e7-83ae-7d4a3d6ae300_882077384.jpeg?h=225&w=225,
307735317,Cadbury Nuttier Peanut & Almond Bar 40G,https://www.tesco.com/groceries/en-GB/shop/food-cupboard/all?department=Biscuits%20%26%20Cereal%20Bars&viewAll=department&page=,£1.20,£3.00/100g,"£3.40 Meal Deal Clubcard Price £3.90 Meal Deal Regular Price - Selected Drink, Snack, Wrap, Sandwich, Roll, Pasty Or Salad",,/groceries/en-GB/products/307735317,https://digitalcontent.api.tesco.com/v2/media/ghs/db276389-c43a-43a8-9e7f-fd2668ecac81/5605f51f-eca5-4c99-a00e-aabe4da6cf77_1424473987.jpeg?h=225&w=225,
278942260,Nakd Cocoa Delight 35G,https://www.tesco.com/groceries/en-GB/shop/food-cupboard/all?department=Biscuits%20%26%20Cereal%20Bars&viewAll=department&page=,£1.00,£2.86/100g,"£3.40 Meal Deal Clubcard Price £3.90 Meal Deal Regular Price - Selected Drink, Snack, Wrap, Sandwich, Roll, Pasty Or Salad",,/groceries/en-GB/products/278942260,https://digitalcontent.api.tesco.com/v2/media/ghs/77e444b2-6839-4df8-b362-9cbbd8cb927c/a966aac9-543c-4e4b-aabb-1d45bebe759b_996697166.jpeg?h=225&w=225,
250073150,Nature Valley Crunchy Granola Oats & Honey Bar 42G,https://www.tesco.com/groceries/en-GB/shop/food-cupboard/all?department=Biscuits%20%26%20Cereal%20Bars&viewAll=department&page=,£0.65,£1.55/100g,"£3.40 Meal Deal Clubcard Price £3.90 Meal Deal Regular Price - Selected Drink, Snack, Wrap, Sandwich, Roll, Pasty Or Salad",,/groceries/en-GB/products/250073150,https://digitalcontent.api.tesco.com/v2/media/ghs/66f8e3d0-0381-4a8b-819c-b67093f9f5c9/270f24d9-b990-4ee3-ab70-8af9d839c1a4_1423997204.jpeg?h=225&w=225,
273420511,Tesco Plain Chocolate Digestives 300G,https://www.tesco.com/groceries/en-GB/shop/food-cupboard/all?department=Biscuits%20%26%20Cereal%20Bars&viewAll=department&page=,,,,,/groceries/en-GB/products/273420511,,This product's currently out of stock
254926040,Tesco Biscuits For Cheese 500G,https://www.tesco.com/groceries/en-GB/shop/food-cupboard/all?department=Crackers%20%26%20Crispbreads&viewAll=department&page=,£3.00,£0.60/100g,,,/groceries/en-GB/products/254926040,https://digitalcontent.api.tesco.com/v2/media/ghs/86577de5-d292-403b-80a4-fac3014e9b2a/9d6f71bd-8fce-436c-9537-0a9bc1796502_343210486.jpeg?h=225&w=225,
251085128,Kallo Organic Lightly Salted Wholegrain Rice Cake 130G,https://www.tesco.com/groceries/en-GB/shop/food-cupboard/all?department=Crackers%20%26%20Crispbreads&viewAll=department&page=,£1.30,£1.00/100g,,,/groceries/en-GB/products/251085128,https://digitalcontent.api.tesco.com/v2/media/ghs/58dcaa47-0a66-4bd8-8161-99ebadf2cbb9/24e144e2-df86-4f3c-b23f-2603903c3230_171253835.jpeg?h=225&w=225,
254925496,Tuc Cheese Sandwich 150G,https://www.tesco.com/groceries/en-GB/shop/food-cupboard/all?department=Crackers%20%26%20Crispbreads&viewAll=department&page=,£1.59,£1.06/100g,,,/groceries/en-GB/products/254925496,https://digitalcontent.api.tesco.com/v2/media/ghs/6f9b50b3-61f4-480d-9ec3-b51cf862b165/b1a460ae-8455-4d41-bdd6-a4df19fc39ac_48518117.jpeg?h=225&w=225,
272651665,Tesco 6 Pack Mini Breadsticks 120G,https://www.tesco.com/groceries/en-GB/shop/food-cupboard/all?department=Crackers%20%26%20Crispbreads&viewAll=department&page=,£1.30,£1.09/100g,,,/groceries/en-GB/products/272651665,https://digitalcontent.api.tesco.com/v2/media/ghs/a6edfc45-8ae5-4e0a-bccb-bcc9a1f2d4e5/fa3b2b61-102b-426f-80e2-35c1ad2064ee.jpeg?h=225&w=225,
264786293,Snack A Jacks Jumbo Chocolate Chip 180G,https://www.tesco.com/groceries/en-GB/shop/food-cupboard/all?department=Crackers%20%26%20Crispbreads&viewAll=department&page=,£1.79,£1.00/100g,,,/groceries/en-GB/products/264786293,https://digitalcontent.api.tesco.com/v2/media/ghs/b7abe175-8511-41ae-8d13-eb26cc7f0001/9502f84a-ccb5-49c6-9b70-53462fb263cb_69781570.jpeg?h=225&w=225,
306801045,Tesco Lightly Salted Rice Cakes 130G,https://www.tesco.com/groceries/en-GB/shop/food-cupboard/all?department=Crackers%20%26%20Crispbreads&viewAll=department&page=,£1.00,£0.77/100g,,,/groceries/en-GB/products/306801045,https://digitalcontent.api.tesco.com/v2/media/ghs/48b4113f-3aed-49a5-9e7c-d87a9d01bcfa/5b6f77ca-cd8d-4e94-b725-a3ff5dfdcaa3_375093739.jpeg?h=225&w=225,
251969609,Carrs Cheese Melts 150G,https://www.tesco.com/groceries/en-GB/shop/food-cupboard/all?department=Crackers%20%26%20Crispbreads&viewAll=department&page=,£1.70,£1.14/100g,,,/groceries/en-GB/products/251969609,https://digitalcontent.api.tesco.com/v2/media/ghs/953a5cc7-a2d4-4dcb-add1-98402f079779/230f3d5f-8e05-495a-b912-bee162d86555_734065824.jpeg?h=225&w=225,
264786241,Snack A Jacks Jumbo Salt & Vinegar Rice Cakes 126G,https://www.tesco.com/groceries/en-GB/shop/food-cupboard/all?department=Crackers%20%26%20Crispbreads&viewAll=department&page=,£1.79,£1.43/100g,,,/groceries/en-GB/products/264786241,https://digitalcontent.api.tesco.com/v2/media/ghs/c56477eb-d113-450d-b7b8-b23f79bfaa6f/2407e868-fb46-4aa0-9581-a0624b26d6dc_1036676941.jpeg?h=225&w=225,
254925029,Jacobs Cream Crackers 300G,https://www.tesco.com/groceries/en-GB/shop/food-cupboard/all?department=Crackers%20%26%20Crispbreads&viewAll=department&page=,,,,,/groceries/en-GB/products/254925029,https://digitalcontent.api.tesco.com/v2/media/ghs/097ae369-da98-4396-ba43-9b967db7c812/2d4e3737-27fd-4b75-9733-d987abd0ba0b_1258532357.jpeg?h=225&w=225,This product's currently out of stock
251697723,Tesco Original Mini Breadsticks 100G,https://www.tesco.com/groceries/en-GB/shop/food-cupboard/all?department=Crackers%20%26%20Crispbreads&viewAll=department&page=,£1.05,£1.05/100g,,,/groceries/en-GB/products/251697723,https://digitalcontent.api.tesco.com/v2/media/ghs/6e85e776-05a9-40ec-b753-327e1c96621c/043793f6-3660-44d5-b23c-42ddb5642e5d_103614196.jpeg?h=225&w=225,
311217127,Organix Summer Fruits Rice Cake Clouds 40G,https://www.tesco.com/groceries/en-GB/shop/food-cupboard/all?department=Crackers%20%26%20Crispbreads&viewAll=department&page=,£1.25,£31.25/kg,,,/groceries/en-GB/products/311217127,https://digitalcontent.api.tesco.com/v2/media/ghs/b0171723-7380-497e-ad72-31a64ceadb68/29d002c9-6e73-4142-845e-093c8a8de4c0_296051709.jpeg?h=225&w=225,
272600185,Kallo Lightly Salted Wholegrain Low Fat Corn Cake 130G,https://www.tesco.com/groceries/en-GB/shop/food-cupboard/all?department=Crackers%20%26%20Crispbreads&viewAll=department&page=,£1.29,£0.99/100g,£1.00 Clubcard Price,,/groceries/en-GB/products/272600185,https://digitalcontent.api.tesco.com/v2/media/ghs/d13e2943-ea6d-4a9c-9fd4-3b5a5aaf1e1c/638c3251-6b78-4d31-8ac4-ea0d06f7be77_959293632.jpeg?h=225&w=225,
250137778,Real Foods Original Corn Thins 150G,https://www.tesco.com/groceries/en-GB/shop/food-cupboard/all?department=Crackers%20%26%20Crispbreads&viewAll=department&page=,£1.20,£0.80/100g,,,/groceries/en-GB/products/250137778,https://digitalcontent.api.tesco.com/v2/media/ghs/730dcca6-a34b-488a-8e96-7578cad6697d/0ecf67eb-a7d4-4f2f-8e30-ed4ea6522593_978235308.jpeg?h=225&w=225,
283249434,Ritz Breaks Original 190G,https://www.tesco.com/groceries/en-GB/shop/food-cupboard/all?department=Crackers%20%26%20Crispbreads&viewAll=department&page=,£1.25,£0.66/100g,,,/groceries/en-GB/products/283249434,https://digitalcontent.api.tesco.com/v2/media/ghs/4dd0a483-6bad-40bf-aa9d-ca725112870b/eab4af8d-5f2c-4203-9521-d44496011bc3_556413547.jpeg?h=225&w=225,
254925012,Jacobs Cream Crackers 200G (C),https://www.tesco.com/groceries/en-GB/shop/food-cupboard/all?department=Crackers%20%26%20Crispbreads&viewAll=department&page=,£1.20,£0.60/100g,,,/groceries/en-GB/products/254925012,https://digitalcontent.api.tesco.com/v2/media/ghs/6c55c9f2-b187-47b8-9f77-e69ce14afc20/ce8a35cc-ee6c-4110-80ed-96b512a7269e_1388378332.jpeg?h=225&w=225,
271768961,Nairns Fine Milled Oatcakes 250G,https://www.tesco.com/groceries/en-GB/shop/food-cupboard/all?department=Crackers%20%26%20Crispbreads&viewAll=department&page=,£1.00,£0.40/100g,,,/groceries/en-GB/products/271768961,https://digitalcontent.api.tesco.com/v2/media/ghs/dfcdc3a3-260e-4bc2-a141-838ff4d71031/0ae1bf72-6400-40ba-b74c-89736b3e9dc7_1231904790.jpeg?h=225&w=225,
254925421,Ritz Crackers 200G,https://www.tesco.com/groceries/en-GB/shop/food-cupboard/all?department=Crackers%20%26%20Crispbreads&viewAll=department&page=,£1.25,£0.62/100g,,,/groceries/en-GB/products/254925421,https://digitalcontent.api.tesco.com/v2/media/ghs/91913335-a1d3-4049-bdff-4712cf75a0e9/e537bb73-c998-42f8-a3ee-b4e1b04e24d3_1440124825.jpeg?h=225&w=225,
287733661,Snack Organisation Crackers Lightly Salted 100G,https://www.tesco.com/groceries/en-GB/shop/food-cupboard/all?department=Crackers%20%26%20Crispbreads&viewAll=department&page=,£1.00,£1.00/100g,,,/groceries/en-GB/products/287733661,https://digitalcontent.api.tesco.com/v2/media/ghs/a7942da9-7745-44e5-802f-1a2b7652b9d2/b1a97c49-d1ac-4dd4-a196-c395f9a69f7d_1961955826.jpeg?h=225&w=225,
251373824,Tesco Scottish Rough Oatcakes 250G,https://www.tesco.com/groceries/en-GB/shop/food-cupboard/all?department=Crackers%20%26%20Crispbreads&viewAll=department&page=,£0.90,£0.36/100g,,,/groceries/en-GB/products/251373824,https://digitalcontent.api.tesco.com/v2/media/ghs/53643103-2324-4f6e-ad89-72ba4ce0f6a0/dbbf5526-d76f-4fdf-9254-b45a60a1bd86_891379049.jpeg?h=225&w=225,
276885416,Tesco Salt & Pepper Cracker 185G,https://www.tesco.com/groceries/en-GB/shop/food-cupboard/all?department=Crackers%20%26%20Crispbreads&viewAll=department&page=,£1.00,£0.54/100g,,,/groceries/en-GB/products/276885416,https://digitalcontent.api.tesco.com/v2/media/ghs/dbb40e68-604e-46f2-b91f-254c01ff139a/c9b61895-6c5a-46e3-8d42-703269176c8b_693818432.jpeg?h=225&w=225,
287733802,Snack Organisation Sweet Chilli Cracker 100G,https://www.tesco.com/groceries/en-GB/shop/food-cupboard/all?department=Crackers%20%26%20Crispbreads&viewAll=department&page=,£1.00,£1.00/100g,,,/groceries/en-GB/products/287733802,https://digitalcontent.api.tesco.com/v2/media/ghs/5b529abb-b64c-437a-9af9-e7b7513ab2be/89248b94-7eec-4ed9-bd9d-97817eee243a_1501340283.jpeg?h=225&w=225,
311278800,Organix Apple Rice Cake Clouds 40G,https://www.tesco.com/groceries/en-GB/shop/food-cupboard/all?department=Crackers%20%26%20Crispbreads&viewAll=department&page=,£1.25,£31.25/kg,£1.00 Clubcard Price,,/groceries/en-GB/products/311278800,https://digitalcontent.api.tesco.com/v2/media/ghs/2f32d181-55a8-47f0-b288-fed22e244eed/61fda2e7-36f7-4119-afdc-002a153a26c8_1560460529.jpeg?h=225&w=225,
276879764,Tesco Multigrain Cracker 170G,https://www.tesco.com/groceries/en-GB/shop/food-cupboard/all?department=Crackers%20%26%20Crispbreads&viewAll=department&page=,£1.00,£0.59/100g,,,/groceries/en-GB/products/276879764,,
307743519,Jacobs Cream Crackers 2X300g,https://www.tesco.com/groceries/en-GB/shop/food-cupboard/all?department=Crackers%20%26%20Crispbreads&viewAll=department&page=,,,,,/groceries/en-GB/products/307743519,,This product's currently out of stock
254926368,Ryvita Crackerbread 200G,https://www.tesco.com/groceries/en-GB/shop/food-cupboard/all?department=Crackers%20%26%20Crispbreads&viewAll=department&page=,£1.25,£0.62/100g,,,/groceries/en-GB/products/254926368,https://digitalcontent.api.tesco.com/v2/media/ghs/31181e19-50f8-4221-8779-6ef1b051a4b7/f03abbfa-6ed8-4440-b2e9-8e1244face27_603031242.jpeg?h=225&w=225,
254925202,Tuc Snack Cracker 150G,https://www.tesco.com/groceries/en-GB/shop/food-cupboard/all?department=Crackers%20%26%20Crispbreads&viewAll=department&page=,£1.00,£0.67/100g,,,/groceries/en-GB/products/254925202,https://digitalcontent.api.tesco.com/v2/media/ghs/9df16a4b-6e19-4226-bc5e-ca276a411d2e/146396e9-8837-4d98-83dc-2ecdd22d9071_2076786625.jpeg?h=225&w=225,
294971903,Tesco Sea Salt Crackers 185G,https://www.tesco.com/groceries/en-GB/shop/food-cupboard/all?department=Crackers%20%26%20Crispbreads&viewAll=department&page=,£1.00,£0.54/100g,,,/groceries/en-GB/products/294971903,https://digitalcontent.api.tesco.com/v2/media/ghs/4a60ae95-2185-4add-941a-8672855ee91a/6f7a452e-a4ac-4ec6-83ea-86d8cc94a836_1362925412.jpeg?h=225&w=225,
297315951,Tesco Rosemary Cracker 185G,https://www.tesco.com/groceries/en-GB/shop/food-cupboard/all?department=Crackers%20%26%20Crispbreads&viewAll=department&page=,£1.00,£0.54/100g,,,/groceries/en-GB/products/297315951,https://digitalcontent.api.tesco.com/v2/media/ghs/b64696cc-3472-49a8-9f13-f6f2b5100940/03d75f4f-3a08-407a-8881-eb1e810370ae_1048968770.jpeg?h=225&w=225,
254925467,Jacobs Baked Cheddar Biscuits Cheese 150G,https://www.tesco.com/groceries/en-GB/shop/food-cupboard/all?department=Crackers%20%26%20Crispbreads&viewAll=department&page=,,,,,/groceries/en-GB/products/254925467,https://digitalcontent.api.tesco.com/v2/media/ghs/3bc0d2b6-33b2-4470-bc12-b9ead837fb85/ea8dce97-f60d-407a-a106-4f16f420dd83_1494840338.jpeg?h=225&w=225,This product's currently out of stock
252476868,Kallo Organic Dark Chocolate Ricecakes 90G,https://www.tesco.com/groceries/en-GB/shop/food-cupboard/all?department=Crackers%20%26%20Crispbreads&viewAll=department&page=,£1.50,£1.67/100g,,,/groceries/en-GB/products/252476868,https://digitalcontent.api.tesco.com/v2/media/ghs/a000a252-465e-46ba-8343-5405a45d9d0e/33b6e1e2-75e6-4e62-8596-13ec312eff7f_810915404.jpeg?h=225&w=225,
252476845,Kallo Organic Milk Chocolate Thin Rice Cakes 90G,https://www.tesco.com/groceries/en-GB/shop/food-cupboard/all?department=Crackers%20%26%20Crispbreads&viewAll=department&page=,£1.50,£1.67/100g,,,/groceries/en-GB/products/252476845,https://digitalcontent.api.tesco.com/v2/media/ghs/b4ea33fb-24f8-4caf-9247-dc4561b10b42/f9f69b9a-803b-4e8e-a3a1-323bab0ec177_1249122809.jpeg?h=225&w=225,
312100255,Jacob's Cheddars Red Leicester 150G,https://www.tesco.com/groceries/en-GB/shop/food-cupboard/all?department=Crackers%20%26%20Crispbreads&viewAll=department&page=,£1.00,£0.67/100g,,New,/groceries/en-GB/products/312100255,https://digitalcontent.api.tesco.com/v2/media/ghs/0f535085-cc7b-4520-bf53-996bf9890c15/3fc61504-6507-490b-b06b-581a43344ab1_1933367445.jpeg?h=225&w=225,
256001031,Ryvita Dark Rye Crisp Bread 250G,https://www.tesco.com/groceries/en-GB/shop/food-cupboard/all?department=Crackers%20%26%20Crispbreads&viewAll=department&page=,£1.35,£0.54/100g,£1.00 Clubcard Price,,/groceries/en-GB/products/256001031,https://digitalcontent.api.tesco.com/v2/media/ghs/32057bf8-013c-4bfc-9cf7-ee1fd6952284/c741de76-96cf-482e-af19-0d94e01b7bdc_1349104273.jpeg?h=225&w=225,
256001296,Ryvita Original Crisp Bread 250G,https://www.tesco.com/groceries/en-GB/shop/food-cupboard/all?department=Crackers%20%26%20Crispbreads&viewAll=department&page=,£1.35,£0.54/100g,£1.00 Clubcard Price,,/groceries/en-GB/products/256001296,https://digitalcontent.api.tesco.com/v2/media/ghs/e69fb29c-e8dd-4360-b631-c00cac3c98b8/940d39c9-f304-4ed7-ad02-f06b39350977_1807331238.jpeg?h=225&w=225,
254922706,Jacobs Hovis Digestives 250G,https://www.tesco.com/groceries/en-GB/shop/food-cupboard/all?department=Crackers%20%26%20Crispbreads&viewAll=department&page=,£1.15,£0.46/100g,,,/groceries/en-GB/products/254922706,https://digitalcontent.api.tesco.com/v2/media/ghs/dfbe4c25-8594-42e6-bde8-3c8edf4fd216/876c288e-b1e1-43bc-80e4-c3258e77b989_274233287.jpeg?h=225&w=225,
309175544,Tesco Salt & Vinegar Rice Cakes 130G,https://www.tesco.com/groceries/en-GB/shop/food-cupboard/all?department=Crackers%20%26%20Crispbreads&viewAll=department&page=,,,,,/groceries/en-GB/products/309175544,https://digitalcontent.api.tesco.com/v2/media/ghs/5120ea1f-6e29-4047-8dad-dd174ab736e2/f5bc53ec-07d0-4d07-a2b2-f4310188d107_1961836765.jpeg?h=225&w=225,This product's currently out of stock
254925058,Tesco High Baked Water Biscuits 200G,https://www.tesco.com/groceries/en-GB/shop/food-cupboard/all?department=Crackers%20%26%20Crispbreads&viewAll=department&page=,£1.00,£0.50/100g,,,/groceries/en-GB/products/254925058,https://digitalcontent.api.tesco.com/v2/media/ghs/34d96875-95b2-4119-875d-0a3e072ba519/d3a8363e-fc1d-44ab-905b-dd6369992c35_369709385.jpeg?h=225&w=225,
258083897,Tesco Original Breadsticks 125G,https://www.tesco.com/groceries/en-GB/shop/food-cupboard/all?department=Crackers%20%26%20Crispbreads&viewAll=department&page=,£0.55,£0.44/100g,Aldi Price Match,,/groceries/en-GB/products/258083897,https://digitalcontent.api.tesco.com/v2/media/ghs/bba207ab-9c4f-4807-9f95-4d4293db7a39/96acd16c-fdb2-47f3-a959-d55305227450_640698134.jpeg?h=225&w=225,
259469618,Nairns Cheese Oatcake 200G,https://www.tesco.com/groceries/en-GB/shop/food-cupboard/all?department=Crackers%20%26%20Crispbreads&viewAll=department&page=,£1.40,£0.70/100g,£1.00 Clubcard Price,,/groceries/en-GB/products/259469618,https://digitalcontent.api.tesco.com/v2/media/ghs-mktg/b0b04216-fa73-466d-a9d7-c9fcfa1ce9b3/no-image.jpeg,
265940149,Tesco Sesame Breadsticks 125G,https://www.tesco.com/groceries/en-GB/shop/food-cupboard/all?department=Crackers%20%26%20Crispbreads&viewAll=department&page=,£0.65,£0.52/100g,,,/groceries/en-GB/products/265940149,https://digitalcontent.api.tesco.com/v2/media/ghs/ae009508-02d9-40af-9432-6a9216dbdbc6/5269fad8-2be1-4e7a-b212-ff7e031c279c_1109583192.jpeg?h=225&w=225,
307748059,Barber Cream Crackers 300G,https://www.tesco.com/groceries/en-GB/shop/food-cupboard/all?department=Crackers%20%26%20Crispbreads&viewAll=department&page=,£0.55,£0.18/100g,,New,/groceries/en-GB/products/307748059,https://digitalcontent.api.tesco.com/v2/media/ghs/7b94e27d-6198-4d22-98a0-8c1a55a4b3f2/ac5c5d5e-2f4c-4eca-881c-ac28c730f184_307417697.jpeg?h=225&w=225,
256487388,Tesco Cheese Twists 125G,https://www.tesco.com/groceries/en-GB/shop/food-cupboard/all?department=Crackers%20%26%20Crispbreads&viewAll=department&page=,,,,,/groceries/en-GB/products/256487388,https://digitalcontent.api.tesco.com/v2/media/ghs/e1e03e8d-a9a7-4110-8138-c7868c23431f/0021f80c-55a3-48a3-9737-a8fe150272c7_787694520.jpeg?h=225&w=225,This product's currently out of stock
300112569,Tesco Cream Crackers 300G,https://www.tesco.com/groceries/en-GB/shop/food-cupboard/all?department=Crackers%20%26%20Crispbreads&viewAll=department&page=,,,,,/groceries/en-GB/products/300112569,https://digitalcontent.api.tesco.com/v2/media/ghs/6fefc0f8-0e8b-4940-bcfe-293ad41ad2b8/afa8ffb1-a54e-4aa1-a93b-7647c2de1084_910878207.jpeg?h=225&w=225,This product's currently out of stock
313004419,Thomas Fudges Biscuits For Cheese 300G,https://www.tesco.com/groceries/en-GB/shop/food-cupboard/all?department=Crackers%20%26%20Crispbreads&viewAll=department&page=,£4.00,£1.34/100g,,New,/groceries/en-GB/products/313004419,https://digitalcontent.api.tesco.com/v2/media/ghs/6ada4ec0-5037-4b34-a330-012d447c582e/26ece0d8-0f0d-41d6-9878-a13a9752cccb_7687323.jpeg?h=225&w=225,
297544472,Jacobs Biscuits For Cheese 300G,https://www.tesco.com/groceries/en-GB/shop/food-cupboard/all?department=Crackers%20%26%20Crispbreads&viewAll=department&page=,£3.25,£1.09/100g,,,/groceries/en-GB/products/297544472,,
261212413,Ryvita Fruit Crunch Crisp Bread 200G,https://www.tesco.com/groceries/en-GB/shop/food-cupboard/all?department=Crackers%20%26%20Crispbreads&viewAll=department&page=,£1.90,£0.95/100g,,,/groceries/en-GB/products/261212413,,
294342370,Nairns Gluten Free Cheese Oatcake 180G,https://www.tesco.com/groceries/en-GB/shop/food-cupboard/all?department=Crackers%20%26%20Crispbreads&viewAll=department&page=,£2.00,£1.12/100g,,,/groceries/en-GB/products/294342370,,
312109234,Jacobs Krackawheat 230G,https://www.tesco.com/groceries/en-GB/shop/food-cupboard/all?department=Crackers%20%26%20Crispbreads&viewAll=department&page=,£1.65,£0.72/100g,,,/groceries/en-GB/products/312109234,,
277731954,Crosta & Mollica Torines Breadsticks 120G,https://www.tesco.com/groceries/en-GB/shop/food-cupboard/all?department=Crackers%20%26%20Crispbreads&viewAll=department&page=,£1.60,£1.34/100g,,,/groceries/en-GB/products/277731954,https://digitalcontent.api.tesco.com/v2/media/ghs/d585a272-49ac-4e16-9ca7-90697917c57e/ffaef5da-08a8-49c7-80b9-a7516b0d1312_543078671.jpeg?h=225&w=225,
307740558,Nairn's Gluten Free Wholegrain Crackers 160G,https://www.tesco.com/groceries/en-GB/shop/food-cupboard/all?department=Crackers%20%26%20Crispbreads&viewAll=department&page=,£2.00,£1.25/100g,,,/groceries/en-GB/products/307740558,https://digitalcontent.api.tesco.com/v2/media/ghs/0f2d0e24-eb19-42f9-8039-97b9003215bb/52330bd6-b688-4359-8dbb-e873a704d9a5_547468146.jpeg?h=225&w=225,
257998352,Tesco Finest Assorted Cracker For Cheese 250G,https://www.tesco.com/groceries/en-GB/shop/food-cupboard/all?department=Crackers%20%26%20Crispbreads&viewAll=department&page=,£3.00,£1.20/100g,,,/groceries/en-GB/products/257998352,https://digitalcontent.api.tesco.com/v2/media/ghs/85468357-c7cf-4428-adbd-f12d3d1255d9/263327ca-200f-41a6-a4e8-1e2d5ec043f9_729087045.jpeg?h=225&w=225,
254592139,Pagen Wholegrain Krisprolls 225G,https://www.tesco.com/groceries/en-GB/shop/food-cupboard/all?department=Crackers%20%26%20Crispbreads&viewAll=department&page=,£1.75,£0.78/100g,,,/groceries/en-GB/products/254592139,https://digitalcontent.api.tesco.com/v2/media/ghs/8092acf8-66c3-4d9e-a802-2154da62b6a7/5809e69c-95a9-4709-911b-8fa073ec1bca_622480933.jpeg?h=225&w=225,
294342393,Nairns Gluten Free Oatcakes 213G,https://www.tesco.com/groceries/en-GB/shop/food-cupboard/all?department=Crackers%20%26%20Crispbreads&viewAll=department&page=,£2.00,£0.94/100g,,,/groceries/en-GB/products/294342393,https://digitalcontent.api.tesco.com/v2/media/ghs/72230991-4517-4d1b-9ed5-46c5857f701d/f9f0bf58-511c-4897-85ee-62b8322336ce_1539387555.jpeg?h=225&w=225,
295059295,Nairns Fruit And Seeded Oatcake 225G,https://www.tesco.com/groceries/en-GB/shop/food-cupboard/all?department=Crackers%20%26%20Crispbreads&viewAll=department&page=,£1.65,£0.73/100g,,,/groceries/en-GB/products/295059295,https://digitalcontent.api.tesco.com/v2/media/ghs/7b382e6c-c036-4083-ba9a-e14078efc152/59ce0c85-dcf2-4eb4-b268-405beb498669_313031189.jpeg?h=225&w=225,
268890894,Schar Crisp Bread 150G,https://www.tesco.com/groceries/en-GB/shop/food-cupboard/all?department=Crackers%20%26%20Crispbreads&viewAll=department&page=,£1.65,£1.10/100g,,,/groceries/en-GB/products/268890894,https://digitalcontent.api.tesco.com/v2/media/ghs/701266f1-1b7f-4980-899e-bd7a1ed2dd6c/9ac60517-c1fa-4c4e-ba9b-807589852959_760965203.jpeg?h=225&w=225,
263831587,Ryvita Multiseed Thins 125G,https://www.tesco.com/groceries/en-GB/shop/food-cupboard/all?department=Crackers%20%26%20Crispbreads&viewAll=department&page=,£2.00,£1.60/100g,,,/groceries/en-GB/products/263831587,https://digitalcontent.api.tesco.com/v2/media/ghs/c75de9ab-25a1-4a29-bcd1-7baa8711fe56/23cb94e8-e0fd-410b-824e-076698598ed7_1582030069.jpeg?h=225&w=225,
312208330,Holly's Food Emporium Sweet Chilli Oat Biscuits 100G,https://www.tesco.com/groceries/en-GB/shop/food-cupboard/all?department=Crackers%20%26%20Crispbreads&viewAll=department&page=,£1.70,£1.70/100g,,New,/groceries/en-GB/products/312208330,https://digitalcontent.api.tesco.com/v2/media/ghs/4f8e2f7e-6d46-4a14-8650-a4e959b6347c/245c8f63-a8f7-43ff-b1d1-1c8ea57794e5_223718559.jpeg?h=225&w=225,
284384968,Tesco Free From Wholegrain Rice Cakes 130G,https://www.tesco.com/groceries/en-GB/shop/food-cupboard/all?department=Crackers%20%26%20Crispbreads&viewAll=department&page=,£1.10,£0.85/100g,,,/groceries/en-GB/products/284384968,https://digitalcontent.api.tesco.com/v2/media/ghs/81c8093a-8c05-4d18-b165-8b41b5c5a6a3/942c3df3-bdd3-4de4-a744-ebabb41fcbe4_126460930.jpeg?h=225&w=225,
301012324,Ryvita Thins Rosemary & Sea Salt Flatbreads 125G,https://www.tesco.com/groceries/en-GB/shop/food-cupboard/all?department=Crackers%20%26%20Crispbreads&viewAll=department&page=,£2.00,£1.60/100g,,,/groceries/en-GB/products/301012324,https://digitalcontent.api.tesco.com/v2/media/ghs/fdc2de6e-62a2-4091-9df6-0005858b89b0/2f2ff0ca-2d0e-402c-81d9-a1ca44d51e4c_722677416.jpeg?h=225&w=225,
254925087,Carrs Table Water Biscuits 125 G,https://www.tesco.com/groceries/en-GB/shop/food-cupboard/all?department=Crackers%20%26%20Crispbreads&viewAll=department&page=,£1.39,£1.12/100g,,,/groceries/en-GB/products/254925087,https://digitalcontent.api.tesco.com/v2/media/ghs/594ff8cd-948f-417c-9b4f-62eefab2f88e/ab0d79ca-cf1f-4657-b3f7-b37bec64c042_740110585.jpeg?h=225&w=225,
262050026,Milton's Multigrain Crackers 170G,https://www.tesco.com/groceries/en-GB/shop/food-cupboard/all?department=Crackers%20%26%20Crispbreads&viewAll=department&page=,£1.40,£0.82/100g,,,/groceries/en-GB/products/262050026,https://digitalcontent.api.tesco.com/v2/media/ghs/9e120fa4-19d2-44fd-96f3-aa1e368ec324/d5775ca9-3974-4151-a6bf-ce9d2d059211_1320593720.jpeg?h=225&w=225,
311779708,Snack A Jacks Sour Cream & Chive 117G,https://www.tesco.com/groceries/en-GB/shop/food-cupboard/all?department=Crackers%20%26%20Crispbreads&viewAll=department&page=,£1.79,£1.53/100g,,,/groceries/en-GB/products/311779708,https://digitalcontent.api.tesco.com/v2/media/ghs/0ab45ffb-0d09-4bbc-aeed-7909457d6bcb/c0d31dae-1847-4125-ba88-a19a41d4a9bc_519011997.jpeg?h=225&w=225,
266291362,Tesco French Toast 200G,https://www.tesco.com/groceries/en-GB/shop/food-cupboard/all?department=Crackers%20%26%20Crispbreads&viewAll=department&page=,£1.35,£0.68/100g,,,/groceries/en-GB/products/266291362,https://digitalcontent.api.tesco.com/v2/media/ghs/df85d9f7-9847-426e-a2ee-5b35ad0b2444/0aa464c7-4b12-4eae-970b-277859404575_1855732033.jpeg?h=225&w=225,
312709857,Jacob's Mediterranean Tomato & Basil Crackers X5 190G,https://www.tesco.com/groceries/en-GB/shop/food-cupboard/all?department=Crackers%20%26%20Crispbreads&viewAll=department&page=,£1.65,£0.87/100g,,New,/groceries/en-GB/products/312709857,https://digitalcontent.api.tesco.com/v2/media/ghs/430858bf-7cc0-4966-ab5f-b4fb02022a46/08fc8e02-dba9-4f26-817c-351e3a648b46_1966205379.jpeg?h=225&w=225,
290089232,Nairn's Super Seeded Oatcakes 200G,https://www.tesco.com/groceries/en-GB/shop/food-cupboard/all?department=Crackers%20%26%20Crispbreads&viewAll=department&page=,£1.40,£0.70/100g,,,/groceries/en-GB/products/290089232,https://digitalcontent.api.tesco.com/v2/media/ghs/619d7eef-5e44-43d1-92bf-27016931f725/da7ed083-e98b-43d4-9dd5-816cdd747d41_1181629386.jpeg?h=225&w=225,
312563357,Jacob's Mediterranean Pinch Of Salt Crackers X5 190G,https://www.tesco.com/groceries/en-GB/shop/food-cupboard/all?department=Crackers%20%26%20Crispbreads&viewAll=department&page=,£1.65,£0.87/100g,,New,/groceries/en-GB/products/312563357,https://digitalcontent.api.tesco.com/v2/media/ghs/8e3e9d28-62bf-494b-ae0e-32d099eb2c3f/9577cc9c-a263-4df3-adfa-cd65a813abe5_1907128497.jpeg?h=225&w=225,
308828886,Tesco Yogurt Coated Rice Cakes 105G,https://www.tesco.com/groceries/en-GB/shop/food-cupboard/all?department=Crackers%20%26%20Crispbreads&viewAll=department&page=,£1.15,£1.10/100g,,,/groceries/en-GB/products/308828886,https://digitalcontent.api.tesco.com/v2/media/ghs/599e0df3-b3ac-43ec-81a1-161303419961/e25a7bc6-8227-45c8-9e77-a1ebec5d2905_336371690.jpeg?h=225&w=225,
290772235,Rakusens Traditional Matzos 200G,https://www.tesco.com/groceries/en-GB/shop/food-cupboard/all?department=Crackers%20%26%20Crispbreads&viewAll=department&page=,£1.45,£0.72/100g,,,/groceries/en-GB/products/290772235,https://digitalcontent.api.tesco.com/v2/media/ghs/896276a5-059e-4449-ad07-4663b1b55e0b/be989896-58bc-474b-b5b6-555abb315f3f_116960777.jpeg?h=225&w=225,
254925444,Ritz Cheese Crackers 200G,https://www.tesco.com/groceries/en-GB/shop/food-cupboard/all?department=Crackers%20%26%20Crispbreads&viewAll=department&page=,£1.25,£0.62/100g,,,/groceries/en-GB/products/254925444,https://digitalcontent.api.tesco.com/v2/media/ghs/7b794129-f37a-48a2-a71d-333dd62a36a1/ab06c6d7-ff10-4d3a-861d-1d2c995e52b8_1291166321.jpeg?h=225&w=225,
263232582,Ryvita Whole- Grain Cracker- Bread 125G,https://www.tesco.com/groceries/en-GB/shop/food-cupboard/all?department=Crackers%20%26%20Crispbreads&viewAll=department&page=,£1.25,£1.00/100g,,,/groceries/en-GB/products/263232582,https://digitalcontent.api.tesco.com/v2/media/ghs/e2f180bf-d703-459d-8531-32ba6ec54576/c894b7d2-2531-422f-886a-f40203f21d4c_1690588861.jpeg?h=225&w=225,
311668961,Van Der Meulen Melba Original Thins 100G,https://www.tesco.com/groceries/en-GB/shop/food-cupboard/all?department=Crackers%20%26%20Crispbreads&viewAll=department&page=,£1.00,£1.00/100g,,,/groceries/en-GB/products/311668961,https://digitalcontent.api.tesco.com/v2/media/ghs/970c02d6-566d-4c9e-aee9-2f462914b566/0c6a57df-7a63-4dfd-acca-88b0676d9a87_735635021.jpeg?h=225&w=225,
272434652,Nairns Rough Oatcakes 291G,https://www.tesco.com/groceries/en-GB/shop/food-cupboard/all?department=Crackers%20%26%20Crispbreads&viewAll=department&page=,£1.00,£0.34/100g,,,/groceries/en-GB/products/272434652,https://digitalcontent.api.tesco.com/v2/media/ghs/a09628e0-6189-4100-998c-5ad8f09f785a/33ddab4a-b27c-4cbe-8193-9d28bd55673d_110198973.jpeg?h=225&w=225,
276885451,Tesco Wheat Cracker 170G,https://www.tesco.com/groceries/en-GB/shop/food-cupboard/all?department=Crackers%20%26%20Crispbreads&viewAll=department&page=,£1.00,£0.59/100g,,,/groceries/en-GB/products/276885451,https://digitalcontent.api.tesco.com/v2/media/ghs/66bcfba2-b840-4658-b1db-7a4fccc2dc4b/677dca38-8cd5-4d62-9cac-009179c9395e_1239602003.jpeg?h=225&w=225,
311263967,Organix Strawberry Rice Clouds 40G,https://www.tesco.com/groceries/en-GB/shop/food-cupboard/all?department=Crackers%20%26%20Crispbreads&viewAll=department&page=,£1.25,£31.25/kg,£1.00 Clubcard Price,,/groceries/en-GB/products/311263967,https://digitalcontent.api.tesco.com/v2/media/ghs/a7be51e6-0c28-41c9-a1c7-1d9884a6cdc1/ea9557dd-6e4d-43b5-91ca-d5297798d052_664400356.jpeg?h=225&w=225,
307360253,Tesco Garlic Crackers 185G,https://www.tesco.com/groceries/en-GB/shop/food-cupboard/all?department=Crackers%20%26%20Crispbreads&viewAll=department&page=,£1.00,£0.54/100g,,,/groceries/en-GB/products/307360253,https://digitalcontent.api.tesco.com/v2/media/ghs/d5b93e00-c5d5-4be2-87c0-0dd92749757b/7d3f0306-49f4-47a5-8623-a784b9ffee19_1005586985.jpeg?h=225&w=225,
311205070,Organix Banana Rice Cake Clouds 40G,https://www.tesco.com/groceries/en-GB/shop/food-cupboard/all?department=Crackers%20%26%20Crispbreads&viewAll=department&page=,£1.25,£31.25/kg,£1.00 Clubcard Price,,/groceries/en-GB/products/311205070,https://digitalcontent.api.tesco.com/v2/media/ghs/d9e0ead9-cc44-4b63-926b-dce915cea1cd/7a38b934-3421-4977-b1b0-137e13a2ff75_935868285.jpeg?h=225&w=225,
259876597,Stockan's Thick Oatcakes 200G,https://www.tesco.com/groceries/en-GB/shop/food-cupboard/all?department=Crackers%20%26%20Crispbreads&viewAll=department&page=,£0.95,£0.48/100g,,,/groceries/en-GB/products/259876597,https://digitalcontent.api.tesco.com/v2/media/ghs/fa46d383-a94c-4671-90e3-d94dde296dce/249c965d-1d1c-4521-97a9-784eba02d3fb_1131938695.jpeg?h=225&w=225,
254926420,Ryvita Sesame Crisp Bread 250G,https://www.tesco.com/groceries/en-GB/shop/food-cupboard/all?department=Crackers%20%26%20Crispbreads&viewAll=department&page=,£1.50,£0.60/100g,,,/groceries/en-GB/products/254926420,https://digitalcontent.api.tesco.com/v2/media/ghs/7dce8ae4-2073-40bc-b9a8-8869b89659c4/78d5977c-8071-4ae2-8a96-f6ef3d10d787_2071336020.jpeg?h=225&w=225,
251107559,Ryvita Multigrain Rye Bread 250G,https://www.tesco.com/groceries/en-GB/shop/food-cupboard/all?department=Crackers%20%26%20Crispbreads&viewAll=department&page=,£1.50,£0.60/100g,,,/groceries/en-GB/products/251107559,https://digitalcontent.api.tesco.com/v2/media/ghs/2df8bb38-2dd6-4cb4-aa3d-3a27ec856350/9b5e1a71-bac3-4d1a-a867-8583d48e72b3_862647547.jpeg?h=225&w=225,
312083084,The Skinny Cracker Co Sea Salt & Black Pepper Cracker 185G,https://www.tesco.com/groceries/en-GB/shop/food-cupboard/all?department=Crackers%20%26%20Crispbreads&viewAll=department&page=,£1.00,£0.54/100g,,,/groceries/en-GB/products/312083084,https://digitalcontent.api.tesco.com/v2/media/ghs/bd0d9a9b-5393-49ab-a439-77a171c43ce3/02ccfe79-fdca-4382-bc79-a9d45c4c9636_112100467.jpeg?h=225&w=225,
306657970,Tesco Chocolate & Salted Caramel Rice Cakes 123G,https://www.tesco.com/groceries/en-GB/shop/food-cupboard/all?department=Crackers%20%26%20Crispbreads&viewAll=department&page=,£1.25,£1.02/100g,,,/groceries/en-GB/products/306657970,https://digitalcontent.api.tesco.com/v2/media/ghs/deef35a4-4003-4627-a474-31fb9a1cd963/bcb3fca9-8db8-4000-bff4-f074938b2ca7_11643505.jpeg?h=225&w=225,
306663392,Tesco Chocolate Orange Rice Cakes 129G,https://www.tesco.com/groceries/en-GB/shop/food-cupboard/all?department=Crackers%20%26%20Crispbreads&viewAll=department&page=,£1.25,£0.97/100g,,,/groceries/en-GB/products/306663392,https://digitalcontent.api.tesco.com/v2/media/ghs/5bc57eb4-d29d-4399-a2a9-05142aa242d1/f7f93786-0256-4ed1-8506-e88fc36542be_1833771298.jpeg?h=225&w=225,
299610327,Marmite Rice Cakes 110G,https://www.tesco.com/groceries/en-GB/shop/food-cupboard/all?department=Crackers%20%26%20Crispbreads&viewAll=department&page=,£1.40,£1.28/100g,,,/groceries/en-GB/products/299610327,https://digitalcontent.api.tesco.com/v2/media/ghs/83508100-1054-417e-95a6-c1d07f57e366/85183a05-e70a-4c2f-9f55-b8da57bf0694_641148295.jpeg?h=225&w=225,
310180473,Kallo Veggie Cakes Beetroot & Balsamic 122G,https://www.tesco.com/groceries/en-GB/shop/food-cupboard/all?department=Crackers%20%26%20Crispbreads&viewAll=department&page=,£2.50,£2.05/100g,,,/groceries/en-GB/products/310180473,https://digitalcontent.api.tesco.com/v2/media/ghs/dc7eae54-6b5f-4f91-a96a-230623754731/80ae25c5-1f47-4457-ba3d-d9890f8d79a5_1276264356.jpeg?h=225&w=225,
310146532,Kallo Veggie Cakes Caramelised Onion Chutney 122G,https://www.tesco.com/groceries/en-GB/shop/food-cupboard/all?department=Crackers%20%26%20Crispbreads&viewAll=department&page=,£2.50,£2.05/100g,,New,/groceries/en-GB/products/310146532,https://digitalcontent.api.tesco.com/v2/media/ghs/93345947-6e7f-42cf-a682-4b2b9597c456/b36d9684-652e-40d8-8362-6149e56e2612_1298399363.jpeg?h=225&w=225,
266319153,Ryvita Cracked Black Pepper Crisp Bread 5X40g,https://www.tesco.com/groceries/en-GB/shop/food-cupboard/all?department=Crackers%20%26%20Crispbreads&viewAll=department&page=,£1.90,£0.95/100g,,,/groceries/en-GB/products/266319153,https://digitalcontent.api.tesco.com/v2/media/ghs/abd93342-e3c4-4d3c-bf96-b88a21b23193/4adb9286-5e92-45cf-90a9-66b4d1e7f669_194289635.jpeg?h=225&w=225,
311214600,Organix Apple Rice Cake Clouds 4 Pack 72G,https://www.tesco.com/groceries/en-GB/shop/food-cupboard/all?department=Crackers%20%26%20Crispbreads&viewAll=department&page=,£2.50,£34.73/kg,,,/groceries/en-GB/products/311214600,https://digitalcontent.api.tesco.com/v2/media/ghs/9e266279-d85c-48ea-b088-422f953e0a64/1a30fe0c-7425-4aa2-984d-a8852d93a2c2_1771589682.jpeg?h=225&w=225,
255269055,Ryvita Pumpkin & Oats Crisp Bread 4X50g,https://www.tesco.com/groceries/en-GB/shop/food-cupboard/all?department=Crackers%20%26%20Crispbreads&viewAll=department&page=,£1.90,£0.95/100g,,,/groceries/en-GB/products/255269055,https://digitalcontent.api.tesco.com/v2/media/ghs/46b84ad2-0cf8-422c-82e2-df65b9abdbf8/d5339832-b469-4bc6-901d-7ebf2d47073d_921322967.jpeg?h=225&w=225,
293417975,Marmite Flatbreads 140G,https://www.tesco.com/groceries/en-GB/shop/food-cupboard/all?department=Crackers%20%26%20Crispbreads&viewAll=department&page=,£2.45,£1.75/100g,,,/groceries/en-GB/products/293417975,https://digitalcontent.api.tesco.com/v2/media/ghs/1b8a132a-788a-40a5-b410-9666ee9c6215/03617264-f470-43cd-a473-27f939a9c1ad_1690283023.jpeg?h=225&w=225,
311230027,Carr's Melts Italian Herbs Flavour 150G,https://www.tesco.com/groceries/en-GB/shop/food-cupboard/all?department=Crackers%20%26%20Crispbreads&viewAll=department&page=,£1.70,£1.14/100g,,,/groceries/en-GB/products/311230027,https://digitalcontent.api.tesco.com/v2/media/ghs/e4e3004e-ffd2-43a4-95ef-a2a8973b9f96/6f0cc3e3-091c-4de4-8dc3-ac333bf51d7a_421044531.jpeg?h=225&w=225,
301011740,Crosta & Mollica Tarallini Fennel Seed 170G,https://www.tesco.com/groceries/en-GB/shop/food-cupboard/all?department=Crackers%20%26%20Crispbreads&viewAll=department&page=,£1.90,£1.12/100g,,,/groceries/en-GB/products/301011740,https://digitalcontent.api.tesco.com/v2/media/ghs/b5865e42-cbcc-406a-a421-93d779841c49/c90d1d3b-363c-4c18-96fc-e3e11580bbcf_863317927.jpeg?h=225&w=225,
275560733,Schar Grissini 150G,https://www.tesco.com/groceries/en-GB/shop/food-cupboard/all?department=Crackers%20%26%20Crispbreads&viewAll=department&page=,£2.50,£16.67/kg,£2.00 Clubcard Price,,/groceries/en-GB/products/275560733,https://digitalcontent.api.tesco.com/v2/media/ghs/1074a754-7b52-4ba1-a543-649488dd06cf/snapshotimagehandler_1563275931.jpeg?h=225&w=225,
268348368,Ryvita Cheddar & Crack Black Pepper Thins 125G,https://www.tesco.com/groceries/en-GB/shop/food-cupboard/all?department=Crackers%20%26%20Crispbreads&viewAll=department&page=,£2.00,£1.60/100g,,,/groceries/en-GB/products/268348368,https://digitalcontent.api.tesco.com/v2/media/ghs/1b9648ac-56c8-44af-9171-04981427e6be/b87f095b-e3e3-434f-8ded-eead1f407272_1124947495.jpeg?h=225&w=225,
309190462,Tesco Breadstick Selection 120G,https://www.tesco.com/groceries/en-GB/shop/food-cupboard/all?department=Crackers%20%26%20Crispbreads&viewAll=department&page=,£1.60,£1.34/100g,,,/groceries/en-GB/products/309190462,https://digitalcontent.api.tesco.com/v2/media/ghs/83483caa-e1e9-4f2a-ac50-8f41142c9d71/d8cbb2e8-0732-4a18-ad22-03521e1f1647_1569750736.jpeg?h=225&w=225,
312090150,Hollys Food Emporium West Country Oat Biscuits 100G,https://www.tesco.com/groceries/en-GB/shop/food-cupboard/all?department=Crackers%20%26%20Crispbreads&viewAll=department&page=,£1.70,£1.70/100g,,,/groceries/en-GB/products/312090150,https://digitalcontent.api.tesco.com/v2/media/ghs/a1f86797-5b8b-4169-8574-d0847f36b883/1086013e-6e36-47b7-9494-5c5abe118ec6_84911070.jpeg?h=225&w=225,
304408559,Tesco Finest Rye Sour Dough Cracker 130G,https://www.tesco.com/groceries/en-GB/shop/food-cupboard/all?department=Crackers%20%26%20Crispbreads&viewAll=department&page=,£1.85,£1.43/100g,,,/groceries/en-GB/products/304408559,https://digitalcontent.api.tesco.com/v2/media/ghs/b7eb51c3-c3fc-4af0-9d1e-a3cedd5c6c24/31bb190d-d74e-4320-a292-16f29d434aea_735661104.jpeg?h=225&w=225,
311263472,Ryvita Vitamin Boost Toasted Oat & Black Sesame200g,https://www.tesco.com/groceries/en-GB/shop/food-cupboard/all?department=Crackers%20%26%20Crispbreads&viewAll=department&page=,£1.90,£0.95/100g,,,/groceries/en-GB/products/311263472,https://digitalcontent.api.tesco.com/v2/media/ghs/02836d9b-05cf-48c4-99c9-3e55f51da7d2/ee46cae7-1d9c-490d-81eb-04154daeb6f5_2081460607.jpeg?h=225&w=225,
266319343,Ryvita Sweet Onion Crisp Bread 200G,https://www.tesco.com/groceries/en-GB/shop/food-cupboard/all?department=Crackers%20%26%20Crispbreads&viewAll=department&page=,£1.90,£0.95/100g,,,/groceries/en-GB/products/266319343,https://digitalcontent.api.tesco.com/v2/media/ghs/3c1004a5-090b-4e30-99c4-ca37b76fdc52/ac252326-2b75-4c48-9e80-bf5f6c84e955_1800019611.jpeg?h=225&w=225,
297544754,Ryvita 3 Cheese Thins 125G,https://www.tesco.com/groceries/en-GB/shop/food-cupboard/all?department=Crackers%20%26%20Crispbreads&viewAll=department&page=,£2.00,£1.60/100g,,,/groceries/en-GB/products/297544754,https://digitalcontent.api.tesco.com/v2/media/ghs/f2c680ec-859f-43bb-81e8-247f40a9ea4c/b78638c4-8da1-4daf-b9da-61d50d787f19_1003941593.jpeg?h=225&w=225,
312106433,Snack A Jacks Jumbo Cracked Black Pepper & Salt 117G,https://www.tesco.com/groceries/en-GB/shop/food-cupboard/all?department=Crackers%20%26%20Crispbreads&viewAll=department&page=,£1.79,£1.53/100g,,,/groceries/en-GB/products/312106433,https://digitalcontent.api.tesco.com/v2/media/ghs/513676ec-d3e4-4463-ac62-ccb2d1997d48/276ff0f1-6172-42ff-a06c-f4e70db75c60_338996351.jpeg?h=225&w=225,
297315692,Tesco Finest Beetroot & Seed Crackers 150G,https://www.tesco.com/groceries/en-GB/shop/food-cupboard/all?department=Crackers%20%26%20Crispbreads&viewAll=department&page=,£1.85,£1.24/100g,,,/groceries/en-GB/products/297315692,https://digitalcontent.api.tesco.com/v2/media/ghs/4d2d10b9-0c02-4670-8747-059f85728798/snapshotimagehandler_1246103046.jpeg?h=225&w=225,
266318914,Ryvita Thins Sweet Chilli 125G,https://www.tesco.com/groceries/en-GB/shop/food-cupboard/all?department=Crackers%20%26%20Crispbreads&viewAll=department&page=,£2.00,£1.60/100g,,,/groceries/en-GB/products/266318914,https://digitalcontent.api.tesco.com/v2/media/ghs/e27b28cf-16fb-4fb1-bb7d-9f2737a6bc46/a996d42b-3a0b-469a-ab90-616a9464371f_681011970.jpeg?h=225&w=225,
254926506,Finn Crisp Original Slims 200G,https://www.tesco.com/groceries/en-GB/shop/food-cupboard/all?department=Crackers%20%26%20Crispbreads&viewAll=department&page=,£1.40,£0.70/100g,,,/groceries/en-GB/products/254926506,https://digitalcontent.api.tesco.com/v2/media/ghs/a4059829-05e2-4d1b-a232-064f586a0aac/cbe9c50d-0ff5-498c-ac4c-569870c86234_1776417656.jpeg?h=225&w=225,
310179458,Tesco Finest Parmesan & Garlic Twists 100G,https://www.tesco.com/groceries/en-GB/shop/food-cupboard/all?department=Crackers%20%26%20Crispbreads&viewAll=department&page=,£1.65,£1.65/100g,,,/groceries/en-GB/products/310179458,https://digitalcontent.api.tesco.com/v2/media/ghs/d77b2734-d1e7-491d-a740-88ba0f9cb03c/4df1cbd7-18f4-4d1c-a0aa-3f214a5ef9a7_505411810.jpeg?h=225&w=225,
254548168,Tesco Snackers 200G,https://www.tesco.com/groceries/en-GB/shop/food-cupboard/all?department=Crackers%20%26%20Crispbreads&viewAll=department&page=,£1.00,£0.50/100g,,,/groceries/en-GB/products/254548168,https://digitalcontent.api.tesco.com/v2/media/ghs/b9de9f1e-ec00-4c52-8423-bfd940af4e8b/95d1f4e1-3169-4fe0-b6f8-4e37c9ea378b_1713874441.jpeg?h=225&w=225,
311259282,Tesco 4 Bbq Flavoured Mini Rice & Corn Cakes 4X25g,https://www.tesco.com/groceries/en-GB/shop/food-cupboard/all?department=Crackers%20%26%20Crispbreads&viewAll=department&page=,£1.25,£1.25/100g,,,/groceries/en-GB/products/311259282,https://digitalcontent.api.tesco.com/v2/media/ghs/29101de5-3ddb-49df-8458-c1bbbd718a38/149d38b5-f1d6-4b4f-b912-7f4291e9ae2a_852152544.jpeg?h=225&w=225,
311672448,Tesco Prawn Cocktail Flavour Mini Rice & Corn Cakes 4X25g,https://www.tesco.com/groceries/en-GB/shop/food-cupboard/all?department=Crackers%20%26%20Crispbreads&viewAll=department&page=,£1.25,£1.25/100g,,,/groceries/en-GB/products/311672448,https://digitalcontent.api.tesco.com/v2/media/ghs/2b33cc94-f531-483d-b7ef-95260f2214d8/3e1b2885-7d78-4e72-8460-77a40b6838ef_555096011.jpeg?h=225&w=225,
311938642,The Skinny Cracker Co Rosemary Crackers 185G,https://www.tesco.com/groceries/en-GB/shop/food-cupboard/all?department=Crackers%20%26%20Crispbreads&viewAll=department&page=,£1.00,£0.54/100g,,,/groceries/en-GB/products/311938642,https://digitalcontent.api.tesco.com/v2/media/ghs/50db7488-42ea-422c-9950-0bfeee34b27f/b8bb24c0-5ff5-419b-9329-b474041aa4c5_1952640667.jpeg?h=225&w=225,
311680588,Tesco Salt & Vinegar Flavoured Mini Rice & Corn Cakes 4X25g,https://www.tesco.com/groceries/en-GB/shop/food-cupboard/all?department=Crackers%20%26%20Crispbreads&viewAll=department&page=,£1.25,£1.25/100g,,,/groceries/en-GB/products/311680588,https://digitalcontent.api.tesco.com/v2/media/ghs/6cecd173-8c22-4591-9e6f-dccf0509c45e/4353e143-e847-40b2-9037-aac3346fd1d3_1709798596.jpeg?h=225&w=225,
267438511,Alpro Junior Growing Up Soya Drink 1Ltr,https://www.tesco.com/groceries/en-GB/shop/food-cupboard/all?department=Free%20From&viewAll=department&page=,£1.90,£1.90/litre,,,/groceries/en-GB/products/267438511,https://digitalcontent.api.tesco.com/v2/media/ghs/9d42900c-a69a-4a1e-9383-e58c66141ebb/ed776ea9-b312-45eb-9c5c-c3f02006165b.jpeg?h=225&w=225,
310662597,Alpro Growing Up Oat Drink 1 Litre,https://www.tesco.com/groceries/en-GB/shop/food-cupboard/all?department=Free%20From&viewAll=department&page=,£1.95,£1.95/litre,,,/groceries/en-GB/products/310662597,https://digitalcontent.api.tesco.com/v2/media/ghs/3e98c9d7-decb-4da4-8573-34a4d50a1fe8/48b5706c-aaf0-48f7-9a50-71769b882735.jpeg?h=225&w=225,
251523947,Alpro Original Longlife Soya Drink Alternative 1L,https://www.tesco.com/groceries/en-GB/shop/food-cupboard/all?department=Free%20From&viewAll=department&page=,£1.90,£1.90/litre,,,/groceries/en-GB/products/251523947,https://digitalcontent.api.tesco.com/v2/media/ghs/b6e29c3f-82cb-4ebd-adf2-64963fbf6010/4507c610-b0c5-4a8e-aa82-1e5637be4ea0.jpeg?h=225&w=225,
253178655,Alpro Soya No Sugars Long Life Drink 1L,https://www.tesco.com/groceries/en-GB/shop/food-cupboard/all?department=Free%20From&viewAll=department&page=,£1.90,£1.90/litre,,,/groceries/en-GB/products/253178655,https://digitalcontent.api.tesco.com/v2/media/ghs/ac1efa24-ce46-4fd9-aaa6-245876a886da/0a84089d-09c7-4c0e-a65d-d8ea1785ee3d.jpeg?h=225&w=225,
280832278,Alpro Long Life Oat Drink 1 Litre,https://www.tesco.com/groceries/en-GB/shop/food-cupboard/all?department=Free%20From&viewAll=department&page=,£1.90,£1.90/litre,,,/groceries/en-GB/products/280832278,https://digitalcontent.api.tesco.com/v2/media/ghs/c80e19cb-6e23-4b60-9eee-99db4b9963fa/e7582c5f-13bd-4797-9418-543201d67b6a.jpeg?h=225&w=225,
304792587,Alpro Oat No Sugars Long Life Drink 1L,https://www.tesco.com/groceries/en-GB/shop/food-cupboard/all?department=Free%20From&viewAll=department&page=,£1.90,£1.90/litre,,,/groceries/en-GB/products/304792587,https://digitalcontent.api.tesco.com/v2/media/ghs/c638c226-943c-4160-818a-49584c4f4b37/65866d0c-ad1b-40fb-bb40-07d5a2759791.jpeg?h=225&w=225,
276761995,Alpro Almond No Sugars Long Life Drink 1 Litre,https://www.tesco.com/groceries/en-GB/shop/food-cupboard/all?department=Free%20From&viewAll=department&page=,£1.95,£1.95/litre,,,/groceries/en-GB/products/276761995,https://digitalcontent.api.tesco.com/v2/media/ghs/9f726053-0cb3-4df1-bafb-edb1709fbdc8/5da52b69-7dcc-4a3e-b06e-15cabd7b78b7.jpeg?h=225&w=225,
290819746,Schar Wholesome Seeded Loaf 300G,https://www.tesco.com/groceries/en-GB/shop/food-cupboard/all?department=Free%20From&viewAll=department&page=,£2.75,£0.92/100g,,,/groceries/en-GB/products/290819746,https://digitalcontent.api.tesco.com/v2/media/ghs/b2e37935-fc2a-4d10-88dd-acde82728b39/5b810de3-5abf-4083-8555-42be8cfe30f9_1751684323.jpeg?h=225&w=225,
257159666,Tesco Organic Longlife Soya Drink Unsweetened 1Ltr,https://www.tesco.com/groceries/en-GB/shop/food-cupboard/all?department=Free%20From&viewAll=department&page=,£1.30,£1.30/litre,,,/groceries/en-GB/products/257159666,https://digitalcontent.api.tesco.com/v2/media/ghs/bd2e146c-798a-4594-bff3-c37f7a883433/2b9ac912-3cb1-4a11-a1df-215dbbb1b205.jpeg?h=225&w=225,
299384611,Warburtons Artisan Tiger Gluten Free 400G,https://www.tesco.com/groceries/en-GB/shop/food-cupboard/all?department=Free%20From&viewAll=department&page=,£3.40,£0.85/100g,,,/groceries/en-GB/products/299384611,https://digitalcontent.api.tesco.com/v2/media/ghs/6f1b5329-b006-479b-a8d4-7316820a4383/6126f077-94e9-4410-b3fa-521590f34491.jpeg?h=225&w=225,
252098146,Rice Dream Original With Added Calcium Drink Alternative 1 Litre,https://www.tesco.com/groceries/en-GB/shop/food-cupboard/all?department=Free%20From&viewAll=department&page=,£1.60,£1.60/litre,,,/groceries/en-GB/products/252098146,https://digitalcontent.api.tesco.com/v2/media/ghs/ca77ab79-5202-4ae1-ad50-40a06c8d59bf/be4b1321-9803-49fc-9f4a-89ae6b88c2cb.jpeg?h=225&w=225,
256438810,Tesco Longlife Soya Drink Sweetened 1Ltr,https://www.tesco.com/groceries/en-GB/shop/food-cupboard/all?department=Free%20From&viewAll=department&page=,£1.15,£1.15/litre,,,/groceries/en-GB/products/256438810,https://digitalcontent.api.tesco.com/v2/media/ghs/54d4a44a-0698-423f-b57e-2cda392b2d8c/d96b54dd-854c-44bc-85be-38efbbc6fe9c.jpeg?h=225&w=225,
295790361,Tesco Longlife Unsweetened Soya Milk Alternative 1L,https://www.tesco.com/groceries/en-GB/shop/food-cupboard/all?department=Free%20From&viewAll=department&page=,£1.15,£1.15/litre,,,/groceries/en-GB/products/295790361,https://digitalcontent.api.tesco.com/v2/media/ghs/a34d51b1-9634-4096-ab1c-899127133e4a/049259df-fc3f-473b-8775-fec26df1c83e.jpeg?h=225&w=225,
279568413,Nakd Cocoa Orange Bars 4 Pack 140G,https://www.tesco.com/groceries/en-GB/shop/food-cupboard/all?department=Free%20From&viewAll=department&page=,£3.00,£2.15/100g,,,/groceries/en-GB/products/279568413,https://digitalcontent.api.tesco.com/v2/media/ghs/c5b57331-6b8c-4ba9-a9f6-0657f141c853/5a0908f4-2c3f-4a03-83dd-97d0150ce101_1600348620.jpeg?h=225&w=225,
307745622,Tesco Oat Drink 1 Litre,https://www.tesco.com/groceries/en-GB/shop/food-cupboard/all?department=Free%20From&viewAll=department&page=,£1.30,£1.30/litre,,,/groceries/en-GB/products/307745622,https://digitalcontent.api.tesco.com/v2/media/ghs/76ef12ca-3317-4c5a-846a-90052cc54fe0/2e6c8682-b6a7-4b81-860f-c3b991b7ab39.jpeg?h=225&w=225,
293837253,Nature Valley Protein Peanut & Chocolate Bars 4X40g,https://www.tesco.com/groceries/en-GB/shop/food-cupboard/all?department=Free%20From&viewAll=department&page=,£3.05,£1.91/100g,,,/groceries/en-GB/products/293837253,https://digitalcontent.api.tesco.com/v2/media/ghs/f2172fee-0160-473f-9d85-5800ce7549b3/16448f42-d356-4447-8d6d-6fbe706151f1_845544400.jpeg?h=225&w=225,
297673324,Koko Dairy Free Unsweetened Alternative Longlife Drink 1L,https://www.tesco.com/groceries/en-GB/shop/food-cupboard/all?department=Free%20From&viewAll=department&page=,£1.60,£1.60/litre,,,/groceries/en-GB/products/297673324,https://digitalcontent.api.tesco.com/v2/media/ghs/bea5a51f-e10e-43c2-894b-9cdc6f3b21ae/cda0e071-a34d-40a8-bf5b-fcfb99badc33.jpeg?h=225&w=225,
309185561,Jord Organic Oat Drink 1 Litre,https://www.tesco.com/groceries/en-GB/shop/food-cupboard/all?department=Free%20From&viewAll=department&page=,£1.90,£1.90/litre,,,/groceries/en-GB/products/309185561,https://digitalcontent.api.tesco.com/v2/media/ghs/5ba72e2a-d1f7-4d6f-b132-8e1f797c025f/270672af-fe2f-48ba-ab02-f13a0c03e310.jpeg?h=225&w=225,
251496638,Oatly Organic Longlife Drink Alternative 1L,https://www.tesco.com/groceries/en-GB/shop/food-cupboard/all?department=Free%20From&viewAll=department&page=,£1.80,£1.80/litre,£1.30 Clubcard Price,,/groceries/en-GB/products/251496638,https://digitalcontent.api.tesco.com/v2/media/ghs/3d52065c-3f1d-446c-9b40-d5e77be93866/fcd50862-6bd3-4e2a-bc76-29255ac24d70.jpeg?h=225&w=225,
308494277,Warburtons Gluten Free 4 Super Soft Sliced Square Rolls,https://www.tesco.com/groceries/en-GB/shop/food-cupboard/all?department=Free%20From&viewAll=department&page=,£2.70,£0.68/each,,,/groceries/en-GB/products/308494277,https://digitalcontent.api.tesco.com/v2/media/ghs/3f66506c-dcef-4818-bc1e-a9259ae9ff04/bdee191b-c24d-415d-8574-bbbb4b7b8f90.jpeg?h=225&w=225,
262697292,Alpro Dark Chocolate Soya Dessert 4X125g,https://www.tesco.com/groceries/en-GB/shop/food-cupboard/all?department=Free%20From&viewAll=department&page=,£1.80,£0.36/100g,,,/groceries/en-GB/products/262697292,https://digitalcontent.api.tesco.com/v2/media/ghs/6519cde7-cbfc-4dcb-bcb7-0e165ef4932c/67141e84-a314-4191-ba21-b25c9869bd4f.jpeg?h=225&w=225,
282012007,Nairns Gluten Free Chocolate Chip Biscuits 160G,https://www.tesco.com/groceries/en-GB/shop/food-cupboard/all?department=Free%20From&viewAll=department&page=,£2.00,£1.25/100g,,,/groceries/en-GB/products/282012007,https://digitalcontent.api.tesco.com/v2/media/ghs/65fb6d0f-23eb-499e-899a-ecc809f1ac69/09a22e7b-87b4-4af6-9f98-27e134f49fcb_2017311318.jpeg?h=225&w=225,
291558943,Trek Flapjack Cocoa Oat 50G 3 Pack,https://www.tesco.com/groceries/en-GB/shop/food-cupboard/all?department=Free%20From&viewAll=department&page=,£2.75,£1.84/100g,£2.00 Clubcard Price,,/groceries/en-GB/products/291558943,https://digitalcontent.api.tesco.com/v2/media/ghs/8210e5c5-9ab6-4578-9af7-6cb043ba25ef/52879ef0-9349-494c-be31-652fc7de0a07_1598117981.jpeg?h=225&w=225,
261746812,Oatly Longlife Milk Drink 1 Litre,https://www.tesco.com/groceries/en-GB/shop/food-cupboard/all?department=Free%20From&viewAll=department&page=,£1.60,£1.60/litre,£1.30 Clubcard Price,,/groceries/en-GB/products/261746812,https://digitalcontent.api.tesco.com/v2/media/ghs/cdfcfc2b-f871-409f-84d1-84856137730f/06c3bcdd-7287-4c91-a00c-f6c44081d648.jpeg?h=225&w=225,
284275907,Genius Gluten Free 4 Crumpets,https://www.tesco.com/groceries/en-GB/shop/food-cupboard/all?department=Free%20From&viewAll=department&page=,£2.10,£0.52/each,,,/groceries/en-GB/products/284275907,https://digitalcontent.api.tesco.com/v2/media/ghs/8584d9a9-2b89-427a-921f-b034c53c634a/7a020b60-8cf9-496b-a1e2-5e76de4ea965.jpeg?h=225&w=225,
291399819,Eat Natural Bars Maple Syrup Pecan & Peanut 45G,https://www.tesco.com/groceries/en-GB/shop/food-cupboard/all?department=Free%20From&viewAll=department&page=,£2.20,£1.63/100g,,,/groceries/en-GB/products/291399819,https://digitalcontent.api.tesco.com/v2/media/ghs/b5d6f9f6-705f-48c6-a9bc-10c0fdf4959a/b849b00b-0406-4bf8-9ee1-2b48bede1d56_2016420620.jpeg?h=225&w=225,
297484755,Tesco Red Lentil Fusilli Pasta Gluten Free 250G,https://www.tesco.com/groceries/en-GB/shop/food-cupboard/all?department=Free%20From&viewAll=department&page=,£1.70,£6.80/kg,,,/groceries/en-GB/products/297484755,https://digitalcontent.api.tesco.com/v2/media/ghs/e2fda0bc-8c91-4f7d-a6d4-c88baac93723/1564b3e6-979c-4c1e-aed8-4d147b45af8d_1067410739.jpeg?h=225&w=225,
311939727,Mighty Milk Shake Salted Caramel Dairy Free Drink 330Ml,https://www.tesco.com/groceries/en-GB/shop/food-cupboard/all?department=Free%20From&viewAll=department&page=,£1.60,£4.85/litre,,New,/groceries/en-GB/products/311939727,https://digitalcontent.api.tesco.com/v2/media/ghs/abf0c4e4-2ab4-4e3a-9199-2b940d142a27/db77d5eb-a091-4b39-a0a1-4dc978ffb379_897671413.jpeg?h=225&w=225,
287531928,Tesco Longlife Almond Drink Unsweetened 1Ltr,https://www.tesco.com/groceries/en-GB/shop/food-cupboard/all?department=Free%20From&viewAll=department&page=,£1.15,£1.15/litre,,,/groceries/en-GB/products/287531928,https://digitalcontent.api.tesco.com/v2/media/ghs/010b9eda-899c-4c38-9ae3-4308635cb0b5/9e0af2d1-cc15-4160-9165-94f41656847a.jpeg?h=225&w=225,
267280016,Tesco Free From Pure Oats 450G,https://www.tesco.com/groceries/en-GB/shop/food-cupboard/all?department=Free%20From&viewAll=department&page=,£2.00,£0.44/100g,,,/groceries/en-GB/products/267280016,https://digitalcontent.api.tesco.com/v2/media/ghs/59f7a666-d5ec-447b-9118-091d5e73b4b7/911cc0eb-1f5d-427b-8288-322193337af5_2097208133.jpeg?h=225&w=225,
307759312,Tesco Coconut Drink 1 Litre,https://www.tesco.com/groceries/en-GB/shop/food-cupboard/all?department=Free%20From&viewAll=department&page=,£1.15,£1.15/litre,,,/groceries/en-GB/products/307759312,https://digitalcontent.api.tesco.com/v2/media/ghs/4ac59b3f-3627-4791-b0b9-443ea431ae67/a427be5d-2e5c-4fb5-855d-d75b7e25d618.jpeg?h=225&w=225,
273706064,Blue Diamond Almond Breeze Unsweetened Drink 1L,https://www.tesco.com/groceries/en-GB/shop/food-cupboard/all?department=Free%20From&viewAll=department&page=,£1.60,£1.60/litre,£1.00 Clubcard Price,,/groceries/en-GB/products/273706064,https://digitalcontent.api.tesco.com/v2/media/ghs/27b55b49-15fb-4f02-be8b-bbff1677b8fe/95c05553-83ea-45ce-9078-4fcfb0048f40.jpeg?h=225&w=225,
255764252,Alpro Single Soya Uht Soya Alternative To Cream 250Ml,https://www.tesco.com/groceries/en-GB/shop/food-cupboard/all?department=Free%20From&viewAll=department&page=,£1.00,£0.40/100ml,,,/groceries/en-GB/products/255764252,https://digitalcontent.api.tesco.com/v2/media/ghs/9bf71978-e5e8-4681-82e4-3c0973aff90e/3b754c48-99ea-47a6-b108-65f90e5df86d.jpeg?h=225&w=225,
276606161,Tesco Free From Sliced Seeded Bread 550G,https://www.tesco.com/groceries/en-GB/shop/food-cupboard/all?department=Free%20From&viewAll=department&page=,£1.95,£0.36/100g,,,/groceries/en-GB/products/276606161,https://digitalcontent.api.tesco.com/v2/media/ghs/1fefe805-fb47-4ffb-9bc0-8e7152d06e9c/2cc62bdb-aa43-4168-b786-67de0f3763b2.jpeg?h=225&w=225,
302301545,Alpro Vanilla Soya Custard 525G,https://www.tesco.com/groceries/en-GB/shop/food-cupboard/all?department=Free%20From&viewAll=department&page=,£1.10,£0.21/100g,,,/groceries/en-GB/products/302301545,https://digitalcontent.api.tesco.com/v2/media/ghs/d560e133-0874-41ca-932d-ca0da85c8947/c3f26459-41d9-4ad9-a55f-975d6479718d_2142016495.jpeg?h=225&w=225,
297372421,Tesco Free From Green Pesto 190G,https://www.tesco.com/groceries/en-GB/shop/food-cupboard/all?department=Free%20From&viewAll=department&page=,£1.10,£0.58/100g,,,/groceries/en-GB/products/297372421,https://digitalcontent.api.tesco.com/v2/media/ghs/d9c82eee-cc81-4c88-959d-ae738c26cc4d/0ab3cb3b-8dc7-41fc-bc58-74d9bdfc1065_196280037.jpeg?h=225&w=225,
282446012,Tesco Free From Chocolate Buttons 25G,https://www.tesco.com/groceries/en-GB/shop/food-cupboard/all?department=Free%20From&viewAll=department&page=,£0.45,£1.80/100g,,,/groceries/en-GB/products/282446012,https://digitalcontent.api.tesco.com/v2/media/ghs/cc6191f6-4afb-4e79-bc9c-60c83b3afaa3/snapshotimagehandler_386632069.jpeg?h=225&w=225,
291368610,Tesco Free From Chocolate Chip Cookie Dairy Free 145G,https://www.tesco.com/groceries/en-GB/shop/food-cupboard/all?department=Free%20From&viewAll=department&page=,£1.30,£0.90/100g,,,/groceries/en-GB/products/291368610,https://digitalcontent.api.tesco.com/v2/media/ghs/c7bd4d61-668d-44ac-97fb-ee1d7ef7c057/ca43ae6c-0fae-4420-a224-6cd05e5a9ef7_321559130.jpeg?h=225&w=225,
300661949,Growers Harvest Unsweetened Soya Drink 1L,https://www.tesco.com/groceries/en-GB/shop/food-cupboard/all?department=Free%20From&viewAll=department&page=,£0.55,£0.55/litre,Aldi Price Match,,/groceries/en-GB/products/300661949,https://digitalcontent.api.tesco.com/v2/media/ghs/a587968f-1361-4ceb-a87f-9e7063a52390/819c8d48-8b4f-4ada-b6b2-641aecbc3a95.jpeg?h=225&w=225,
256876792,Tesco Free From Fusilli Pasta 500G,https://www.tesco.com/groceries/en-GB/shop/food-cupboard/all?department=Free%20From&viewAll=department&page=,£1.10,£2.20/kg,,,/groceries/en-GB/products/256876792,https://digitalcontent.api.tesco.com/v2/media/ghs/81cbd6b2-07c9-4f31-92ad-69d23972871b/5224e5bf-8a60-46c4-ab58-fcbb969c26f2_974115607.jpeg?h=225&w=225,
256876734,Tesco Free From Penne Pasta 500G,https://www.tesco.com/groceries/en-GB/shop/food-cupboard/all?department=Free%20From&viewAll=department&page=,£1.10,£2.20/kg,,,/groceries/en-GB/products/256876734,https://digitalcontent.api.tesco.com/v2/media/ghs/7ae12601-5f78-4917-8d08-9ead4b536436/e5ac83db-6df1-422e-b1e9-c92c4c690c74_1937324655.jpeg?h=225&w=225,
256876728,Tesco Free From Spaghetti 500G,https://www.tesco.com/groceries/en-GB/shop/food-cupboard/all?department=Free%20From&viewAll=department&page=,£1.10,£2.20/kg,,,/groceries/en-GB/products/256876728,https://digitalcontent.api.tesco.com/v2/media/ghs/aa302c28-24be-40de-9609-117c3930a4ed/6622baa7-498e-4d16-8e83-f201cf710ca4_438181822.jpeg?h=225&w=225,
290819809,Schar Wholesome White Loaf 300G,https://www.tesco.com/groceries/en-GB/shop/food-cupboard/all?department=Free%20From&viewAll=department&page=,£2.75,£0.92/100g,,,/groceries/en-GB/products/290819809,https://digitalcontent.api.tesco.com/v2/media/ghs/4ab8713c-2602-4ff1-a845-dfd3f8879f16/932fa3cb-06f7-4c95-a6f2-39087154f7c9_263765913.jpeg?h=225&w=225,
291066839,Genius Gluten Free Triple Seeded Farmhouse Loaf 535G,https://www.tesco.com/groceries/en-GB/shop/food-cupboard/all?department=Free%20From&viewAll=department&page=,£3.00,£0.56/100g,,,/groceries/en-GB/products/291066839,https://digitalcontent.api.tesco.com/v2/media/ghs/7cf9bbb2-e460-45ba-9bad-784baf3adf9b/bed251b2-4ddb-4d8a-b2eb-1c750c266a2b.jpeg?h=225&w=225,
272012512,Alpro Almond Long Life Drink 1 Litre,https://www.tesco.com/groceries/en-GB/shop/food-cupboard/all?department=Free%20From&viewAll=department&page=,£1.95,£1.95/litre,,,/groceries/en-GB/products/272012512,https://digitalcontent.api.tesco.com/v2/media/ghs/3221b86f-fc15-472f-baac-5d7e6d7689ed/420605fe-757a-4a79-809e-07405026ec39.jpeg?h=225&w=225,
276993835,Koko Dairy Free Original Plus Calcium Longlife 1Litre,https://www.tesco.com/groceries/en-GB/shop/food-cupboard/all?department=Free%20From&viewAll=department&page=,£1.60,£1.60/litre,,,/groceries/en-GB/products/276993835,https://digitalcontent.api.tesco.com/v2/media/ghs/108fec32-e37b-4a74-9d87-3fffee5c41c9/51d8671e-e066-4062-aea9-81da68fc5b29.jpeg?h=225&w=225,
308469399,Nakd Blueberry Muffin Fruit & Nut Bars 4X35g,https://www.tesco.com/groceries/en-GB/shop/food-cupboard/all?department=Free%20From&viewAll=department&page=,£3.00,£2.15/100g,,,/groceries/en-GB/products/308469399,https://digitalcontent.api.tesco.com/v2/media/ghs/2dad07e0-23a1-4d2c-8d26-4290e5d30fb0/8a7fd0c9-8ca5-4969-afdf-d031d3cf616e_637879465.jpeg?h=225&w=225,
311437434,Plenish Organic Almond Milk Alternative 1L,https://www.tesco.com/groceries/en-GB/shop/food-cupboard/all?department=Free%20From&viewAll=department&page=,£2.25,£2.25/litre,,,/groceries/en-GB/products/311437434,https://digitalcontent.api.tesco.com/v2/media/ghs/0a831e2d-da71-4190-b8b2-c11a7d75e3ea/14b09b12-5302-4bc7-8b0b-6170114858da.jpeg?h=225&w=225,
291228310,Schar White Ciabatta Rolls Gluten Free 200G,https://www.tesco.com/groceries/en-GB/shop/food-cupboard/all?department=Free%20From&viewAll=department&page=,£2.40,£1.20/100g,£2.00 Clubcard Price,,/groceries/en-GB/products/291228310,https://digitalcontent.api.tesco.com/v2/media/ghs/cc36369d-7a0f-49ec-8a8c-6e2fe0832b56/c11c9add-77c2-4ecc-9490-9da7ce1ef44b_1642856083.jpeg?h=225&w=225,
310689782,Plenish Organic & Unsweetened Oat Milk 1L,https://www.tesco.com/groceries/en-GB/shop/food-cupboard/all?department=Free%20From&viewAll=department&page=,£2.00,£2.00/litre,,,/groceries/en-GB/products/310689782,https://digitalcontent.api.tesco.com/v2/media/ghs/75d6c0ad-1100-45ba-b597-17ea0926df77/0a01f9ad-7892-46ad-83c5-c14463e7bdd6.jpeg?h=225&w=225,
291513167,Nakd Bakwell Tart Bars 4 Pack 140G,https://www.tesco.com/groceries/en-GB/shop/food-cupboard/all?department=Free%20From&viewAll=department&page=,£3.00,£2.15/100g,,,/groceries/en-GB/products/291513167,https://digitalcontent.api.tesco.com/v2/media/ghs/1b59c745-ad8a-43ff-9f3b-37c8bcc0d97e/8132dbff-5c75-4d57-a442-f510ca89534d_1318529354.jpeg?h=225&w=225,
293837316,Nature Valley Protein Salted Caramel Nut Bars 4X40g,https://www.tesco.com/groceries/en-GB/shop/food-cupboard/all?department=Free%20From&viewAll=department&page=,£3.05,£1.91/100g,,,/groceries/en-GB/products/293837316,https://digitalcontent.api.tesco.com/v2/media/ghs/6838f118-bb34-4aef-bcfd-06abaca6f597/cfb531ca-a75b-413c-b8ca-cc90c2782180_858208513.jpeg?h=225&w=225,
297904133,Eat Real Lentil Chips Sea Salt 113G,https://www.tesco.com/groceries/en-GB/shop/food-cupboard/all?department=Free%20From&viewAll=department&page=,£2.00,£1.77/100g,,,/groceries/en-GB/products/297904133,https://digitalcontent.api.tesco.com/v2/media/ghs/7ef93570-db56-43d4-a668-6ec744881d6c/2b80c5c5-feb7-49e2-959a-982b197e68eb_340643976.jpeg?h=225&w=225,
308109009,Kind Dark Chocolate Nuts & Sea Salt Bars 3 X 30G,https://www.tesco.com/groceries/en-GB/shop/food-cupboard/all?department=Free%20From&viewAll=department&page=,£3.00,£3.34/100g,,,/groceries/en-GB/products/308109009,https://digitalcontent.api.tesco.com/v2/media/ghs/a342273e-1a00-4cfe-aa6a-348d7812f11b/e3120ef2-b564-4b96-9606-9aca984ba2eb_2060030066.jpeg?h=225&w=225,
278769223,Eat Real Hummus Chips Tomato & Basil 135G,https://www.tesco.com/groceries/en-GB/shop/food-cupboard/all?department=Free%20From&viewAll=department&page=,£2.00,£1.49/100g,,,/groceries/en-GB/products/278769223,https://digitalcontent.api.tesco.com/v2/media/ghs/060e3396-03b0-4368-9642-bf672bfd1822/f56f14de-b46d-450c-ad1a-b70e3538f4ba_2037327425.jpeg?h=225&w=225,
304799856,Alpro Plant Protein Original Soya Drink 1L,https://www.tesco.com/groceries/en-GB/shop/food-cupboard/all?department=Free%20From&viewAll=department&page=,£2.00,£2.00/litre,£1.50 Clubcard Price,,/groceries/en-GB/products/304799856,https://digitalcontent.api.tesco.com/v2/media/ghs/b2aa8d51-462a-4ebb-b6d8-f925994a9c5f/8a1be81d-e8a0-45bf-b1b8-a9cd1566bd04.jpeg?h=225&w=225,
288500630,Rude Health Almond Drink 1Ltr,https://www.tesco.com/groceries/en-GB/shop/food-cupboard/all?department=Free%20From&viewAll=department&page=,£2.20,£2.20/litre,£1.80 Clubcard Price,,/groceries/en-GB/products/288500630,https://digitalcontent.api.tesco.com/v2/media/ghs/cd3bc5fe-3c42-4421-839f-cfc623350312/359dd72c-6df6-46c6-aa85-1129231c6a0f.jpeg?h=225&w=225,
252955739,Alpro Vanilla Soya Dessert 4 X 125G,https://www.tesco.com/groceries/en-GB/shop/food-cupboard/all?department=Free%20From&viewAll=department&page=,£1.80,£0.36/100g,,,/groceries/en-GB/products/252955739,https://digitalcontent.api.tesco.com/v2/media/ghs/1e663a7f-1871-468d-9755-9dd8157c64f0/9ed2ceb1-7d9a-4412-8b67-e64e525a93b7.jpeg?h=225&w=225,
252955630,Alpro Chocolate Soya Dessert 4 X 125G,https://www.tesco.com/groceries/en-GB/shop/food-cupboard/all?department=Free%20From&viewAll=department&page=,£1.80,£0.36/100g,,,/groceries/en-GB/products/252955630,https://digitalcontent.api.tesco.com/v2/media/ghs/0256240a-857c-44e3-ae63-88ac935349dd/735bea49-6b46-4c83-b046-dc4afedf626b.jpeg?h=225&w=225,
277181971,Nairns Gluten Free Oats & Fruit Biscuits 160G,https://www.tesco.com/groceries/en-GB/shop/food-cupboard/all?department=Free%20From&viewAll=department&page=,£2.00,£1.25/100g,,,/groceries/en-GB/products/277181971,https://digitalcontent.api.tesco.com/v2/media/ghs/9a8af30e-44be-434c-b56c-3148f9c9fc40/168aefb9-61f9-4910-904a-e6a04e9e54be_2135354677.jpeg?h=225&w=225,
304383599,Trek Salted Caramel Protein Flapjacks 3X50g,https://www.tesco.com/groceries/en-GB/shop/food-cupboard/all?department=Free%20From&viewAll=department&page=,£2.75,£1.84/100g,£2.00 Clubcard Price,,/groceries/en-GB/products/304383599,https://digitalcontent.api.tesco.com/v2/media/ghs/6e4cfaf6-2515-41f8-a8e3-bffcd240d39f/4395a166-1c21-40e4-afc6-0362603e4c5e_1792450990.jpeg?h=225&w=225,
285451830,Nestle Gofree Cornflakes Gluten Free Cereal 500G,https://www.tesco.com/groceries/en-GB/shop/food-cupboard/all?department=Free%20From&viewAll=department&page=,£2.40,£0.48/100g,,,/groceries/en-GB/products/285451830,https://digitalcontent.api.tesco.com/v2/media/ghs/31f619ee-cb75-46a7-a7cb-c7ae77180726/37bfe6fd-6c22-486d-bfca-1cf1ff46d5a3_1006535972.jpeg?h=225&w=225,
287531842,Tesco Longlife Almond Drink Sweetened 1Ltr,https://www.tesco.com/groceries/en-GB/shop/food-cupboard/all?department=Free%20From&viewAll=department&page=,£1.15,£1.15/litre,,,/groceries/en-GB/products/287531842,https://digitalcontent.api.tesco.com/v2/media/ghs/c7f212ef-1481-42cb-9729-fd350843248e/a58e360f-76a7-4d91-8f8b-5e1e9f6746a7.jpeg?h=225&w=225,
268890894,Schar Crisp Bread 150G,https://www.tesco.com/groceries/en-GB/shop/food-cupboard/all?department=Free%20From&viewAll=department&page=,£1.65,£1.10/100g,,,/groceries/en-GB/products/268890894,https://digitalcontent.api.tesco.com/v2/media/ghs/701266f1-1b7f-4980-899e-bd7a1ed2dd6c/9ac60517-c1fa-4c4e-ba9b-807589852959_760965203.jpeg?h=225&w=225,
284384968,Tesco Free From Wholegrain Rice Cakes 130G,https://www.tesco.com/groceries/en-GB/shop/food-cupboard/all?department=Free%20From&viewAll=department&page=,£1.10,£0.85/100g,,,/groceries/en-GB/products/284384968,https://digitalcontent.api.tesco.com/v2/media/ghs/81c8093a-8c05-4d18-b165-8b41b5c5a6a3/942c3df3-bdd3-4de4-a744-ebabb41fcbe4_126460930.jpeg?h=225&w=225,
250304402,Doves Farm Gluten Free Plain Flour 1Kg,https://www.tesco.com/groceries/en-GB/shop/food-cupboard/all?department=Free%20From&viewAll=department&page=,£1.70,£1.70/kg,,,/groceries/en-GB/products/250304402,https://digitalcontent.api.tesco.com/v2/media/ghs/3877a192-3e01-47d8-a4c6-2dc4920b1816/0d07bf23-0a57-4c14-99d9-03e8aa7978bb_171241617.jpeg?h=225&w=225,
299384732,Warburtons White Loaf Gluten Free 300G,https://www.tesco.com/groceries/en-GB/shop/food-cupboard/all?department=Free%20From&viewAll=department&page=,£2.00,£0.67/100g,,,/groceries/en-GB/products/299384732,https://digitalcontent.api.tesco.com/v2/media/ghs/ebbe60d7-1e84-4c29-b561-84e1a418d760/87b3e1e0-47f3-4358-9b47-974bfb6e60b8.jpeg?h=225&w=225,
276605133,Tesco Free From Sliced White Bread 550G,https://www.tesco.com/groceries/en-GB/shop/food-cupboard/all?department=Free%20From&viewAll=department&page=,£1.95,£0.36/100g,,,/groceries/en-GB/products/276605133,https://digitalcontent.api.tesco.com/v2/media/ghs/69c63093-d7fd-4b2f-919e-2b6601ea8190/b30a6869-a260-4b9a-bac5-3d344ddc2e6f.jpeg?h=225&w=225,
299384571,Warburtons Multiseed Loaf Gluten Free 300G,https://www.tesco.com/groceries/en-GB/shop/food-cupboard/all?department=Free%20From&viewAll=department&page=,£2.00,£0.67/100g,,,/groceries/en-GB/products/299384571,https://digitalcontent.api.tesco.com/v2/media/ghs/853678b8-503a-416f-815d-786bd4105ff5/ff8b6d45-e120-4808-b796-7aa6d7c90783.jpeg?h=225&w=225,
264177046,Doves Farm Gluten Free Self Raising 1Kg,https://www.tesco.com/groceries/en-GB/shop/food-cupboard/all?department=Free%20From&viewAll=department&page=,£1.70,£1.70/kg,,,/groceries/en-GB/products/264177046,https://digitalcontent.api.tesco.com/v2/media/ghs/cf3c13ef-2eff-47da-876a-6628add464c6/ec4ef170-1a4f-4342-b4a9-c70aa82d79ef_2008808846.jpeg?h=225&w=225,
300916564,Tesco Free From Branflakes 300G,https://www.tesco.com/groceries/en-GB/shop/food-cupboard/all?department=Free%20From&viewAll=department&page=,£1.80,£0.60/100g,,,/groceries/en-GB/products/300916564,https://digitalcontent.api.tesco.com/v2/media/ghs/1c7df659-41b7-4b1e-b2b1-a96e06b7d0b1/b8b90601-fb09-4644-8d0d-e7ba0cb98dcd.jpeg?h=225&w=225,
303579681,Tesco Free From 4 White Tortilla Wraps,https://www.tesco.com/groceries/en-GB/shop/food-cupboard/all?department=Free%20From&viewAll=department&page=,£2.00,£0.50/each,,,/groceries/en-GB/products/303579681,https://digitalcontent.api.tesco.com/v2/media/ghs/1bca9796-def2-408d-ad49-987b940ebc7f/d7486708-09a2-4364-a038-ff5ba22f9fb0.jpeg?h=225&w=225,
310167392,Mrs Crimble's Gluten Free Chocolate Macaroon 6 Pack 195G,https://www.tesco.com/groceries/en-GB/shop/food-cupboard/all?department=Free%20From&viewAll=department&page=,£1.20,£0.62/100g,,,/groceries/en-GB/products/310167392,https://digitalcontent.api.tesco.com/v2/media/ghs/740c1225-427b-4da0-9058-ad0bec45484d/7fe025eb-b360-4873-9840-8a95e43f03e5_1443649615.jpeg?h=225&w=225,
259623436,Tesco Free From Belgian Chocolate Wafers 107G,https://www.tesco.com/groceries/en-GB/shop/food-cupboard/all?department=Free%20From&viewAll=department&page=,£1.80,£1.69/100g,,,/groceries/en-GB/products/259623436,https://digitalcontent.api.tesco.com/v2/media/ghs/bfb3ebb2-84b1-44f0-8ca9-8171d908b486/f2fb0f38-fa6f-4a2c-be3f-b8490ea7cb08.jpeg?h=225&w=225,
300809651,Tesco Free From Red Pesto 190G,https://www.tesco.com/groceries/en-GB/shop/food-cupboard/all?department=Free%20From&viewAll=department&page=,£1.10,£0.58/100g,,,/groceries/en-GB/products/300809651,https://digitalcontent.api.tesco.com/v2/media/ghs/c23af30f-0393-4412-9446-1086806477f7/8f3b013c-b2c5-4072-8e17-b9ca411445de_566554318.jpeg?h=225&w=225,
291369216,Tesco Free From Digestive Biscuits 160G,https://www.tesco.com/groceries/en-GB/shop/food-cupboard/all?department=Free%20From&viewAll=department&page=,£1.40,£0.88/100g,,,/groceries/en-GB/products/291369216,https://digitalcontent.api.tesco.com/v2/media/ghs/db5da59a-be37-4176-8e36-5517a4093ec4/3e446e2e-07b8-416a-924d-168c0c468aa8_2060655204.jpeg?h=225&w=225,
307144095,Nomo No Missing Out Caramel Chocolate Vegan Free From 38G,https://www.tesco.com/groceries/en-GB/shop/food-cupboard/all?department=Free%20From&viewAll=department&page=,£0.90,£2.37/100g,,,/groceries/en-GB/products/307144095,https://digitalcontent.api.tesco.com/v2/media/ghs/ed6af3ab-4f91-483f-a161-682033afe7f1/2953806c-8226-4415-a207-3bf50da04f9f_1775714331.jpeg?h=225&w=225,
300832622,Tesco Free From Stem Ginger Cookie 150G,https://www.tesco.com/groceries/en-GB/shop/food-cupboard/all?department=Free%20From&viewAll=department&page=,£1.30,£0.87/100g,,,/groceries/en-GB/products/300832622,https://digitalcontent.api.tesco.com/v2/media/ghs/8ca27d17-2b47-4ba2-a603-61fcd47e68e7/148f049b-b215-4fa7-b609-acec39ab81cb.jpeg?h=225&w=225,
304387042,Tesco Free From Swirly Chocolate Wafers 108G (4X27g),https://www.tesco.com/groceries/en-GB/shop/food-cupboard/all?department=Free%20From&viewAll=department&page=,£1.60,£1.49/100g,,,/groceries/en-GB/products/304387042,https://digitalcontent.api.tesco.com/v2/media/ghs/99a9909a-be5a-496a-9d35-52c0a749aa0f/af2d5a5b-b3ce-4bc0-8d69-07f516cd7e4b_144151939.jpeg?h=225&w=225,
282446277,Tesco Free From White Chocolate Buttons 25G,https://www.tesco.com/groceries/en-GB/shop/food-cupboard/all?department=Free%20From&viewAll=department&page=,£0.45,£1.80/100g,,,/groceries/en-GB/products/282446277,https://digitalcontent.api.tesco.com/v2/media/ghs/c936e304-15fc-4c3c-b3b2-28a04fbdab1d/snapshotimagehandler_194139179.jpeg?h=225&w=225,
291359787,Tesco Free From Beef Gravy 170G,https://www.tesco.com/groceries/en-GB/shop/food-cupboard/all?department=Free%20From&viewAll=department&page=,£1.30,£0.76/100g,,,/groceries/en-GB/products/291359787,https://digitalcontent.api.tesco.com/v2/media/ghs/9ace00c7-9c12-4635-9459-2eeeb6bceae3/b64dbdcc-988c-49cb-b06f-c96c3c7ef0f8_1171731719.jpeg?h=225&w=225,
291368471,Tesco Free From Chocolate Digestives 200G,https://www.tesco.com/groceries/en-GB/shop/food-cupboard/all?department=Free%20From&viewAll=department&page=,£1.40,£0.70/100g,,,/groceries/en-GB/products/291368471,https://digitalcontent.api.tesco.com/v2/media/ghs/975d11a1-4a6d-4441-bab0-93008e3617ed/27dd516b-efe2-42a2-9184-fd131551eeb1_694935389.jpeg?h=225&w=225,
297829781,Alpro Long Life Cashew Original Drink 1 Litre,https://www.tesco.com/groceries/en-GB/shop/food-cupboard/all?department=Free%20From&viewAll=department&page=,£2.00,£2.00/litre,,,/groceries/en-GB/products/297829781,https://digitalcontent.api.tesco.com/v2/media/ghs/5963ee96-be2a-498e-a50f-a596af496b32/53d18687-866f-4fa3-bcc6-cefd61706434.jpeg?h=225&w=225,
254196107,Alpro Organic Soya Longlife Drink Alternative 1L,https://www.tesco.com/groceries/en-GB/shop/food-cupboard/all?department=Free%20From&viewAll=department&page=,£1.95,£1.95/litre,,,/groceries/en-GB/products/254196107,https://digitalcontent.api.tesco.com/v2/media/ghs/1c9297f4-72d1-4bfe-b48d-9fec2bdc9c57/d1fa0a65-2023-4270-af97-080823c56069.jpeg?h=225&w=225,
272012817,Alpro Hazelnut Longlife Drink Alternative 1L,https://www.tesco.com/groceries/en-GB/shop/food-cupboard/all?department=Free%20From&viewAll=department&page=,£2.00,£2.00/litre,,,/groceries/en-GB/products/272012817,https://digitalcontent.api.tesco.com/v2/media/ghs/62ed481b-2f25-489b-94d7-d8f6c3e9ff9f/c57a5242-287c-4c1f-8bc1-fba83f5763fc.jpeg?h=225&w=225,
252098117,Organic Rice Dream Longlife Drink Alternative 1L,https://www.tesco.com/groceries/en-GB/shop/food-cupboard/all?department=Free%20From&viewAll=department&page=,£1.60,£1.60/litre,,,/groceries/en-GB/products/252098117,https://digitalcontent.api.tesco.com/v2/media/ghs/f01210a2-2c55-4143-9a73-4b6a7b898eb4/01f98a13-5fdd-4650-ab7d-577c1882a675.jpeg?h=225&w=225,
273949444,Genius Gluten Free Soft White Farmhouse 535G,https://www.tesco.com/groceries/en-GB/shop/food-cupboard/all?department=Free%20From&viewAll=department&page=,£3.00,£0.56/100g,,,/groceries/en-GB/products/273949444,https://digitalcontent.api.tesco.com/v2/media/ghs/9e0e487e-7483-4ff8-b384-549418f0fe10/6ee5bac3-e57e-4f21-9a1b-54811a176f77.jpeg?h=225&w=225,
283949873,Sacla Vegan Basil Pesto 190G,https://www.tesco.com/groceries/en-GB/shop/food-cupboard/all?department=Free%20From&viewAll=department&page=,£2.75,£1.45/100g,,,/groceries/en-GB/products/283949873,https://digitalcontent.api.tesco.com/v2/media/ghs/48b973b0-0894-4f79-b457-f5251d67cfd1/704c4959-7e09-4b09-bdb5-d813d5d496e2_549021377.jpeg?h=225&w=225,
301227329,Old El Paso 6 Regular Gluten Free Tortilla 216G,https://www.tesco.com/groceries/en-GB/shop/food-cupboard/all?department=Free%20From&viewAll=department&page=,£3.00,£1.39/100g,,,/groceries/en-GB/products/301227329,https://digitalcontent.api.tesco.com/v2/media/ghs/19273174-fb5c-4563-bdb6-7b44d2316092/30076759-3bf7-4351-b8dc-370b2b71b877_1152174815.jpeg?h=225&w=225,
303127531,Tesco Free From 5 Angel Slices,https://www.tesco.com/groceries/en-GB/shop/food-cupboard/all?department=Free%20From&viewAll=department&page=,£2.30,£0.46/each,,,/groceries/en-GB/products/303127531,https://digitalcontent.api.tesco.com/v2/media/ghs/2fb497f1-a070-4211-b3b4-8d41ee3d7fd6/ef379045-d2b4-4e78-95f2-a6a34293df30.jpeg?h=225&w=225,
278339174,Nakd Cocoa Delight Bars 4 Pack 140G,https://www.tesco.com/groceries/en-GB/shop/food-cupboard/all?department=Free%20From&viewAll=department&page=,£3.00,£2.15/100g,,,/groceries/en-GB/products/278339174,https://digitalcontent.api.tesco.com/v2/media/ghs/14646f35-d1b6-4c20-9751-41b8e369e4fe/7d35dd08-54c8-425a-80c8-6f7ab6f36c0a_904389952.jpeg?h=225&w=225,
308467569,Nakd Peanut Delight Fruit & Peanut Bars 4X35g,https://www.tesco.com/groceries/en-GB/shop/food-cupboard/all?department=Free%20From&viewAll=department&page=,£3.00,£2.15/100g,,,/groceries/en-GB/products/308467569,https://digitalcontent.api.tesco.com/v2/media/ghs/e16133ef-6c96-4f36-a04a-c0a9efecc6dd/8a850641-3b4a-48ce-9f38-f660aca72037_1035459842.jpeg?h=225&w=225,
296119661,Nakd Lemon Drizzle Bars 4X35g,https://www.tesco.com/groceries/en-GB/shop/food-cupboard/all?department=Free%20From&viewAll=department&page=,£3.00,£2.15/100g,,,/groceries/en-GB/products/296119661,https://digitalcontent.api.tesco.com/v2/media/ghs/986e07cf-c9a2-4dc1-a60c-748546838884/8d65ad32-3e7b-41f8-bfad-5025039f4fc3_2036574762.jpeg?h=225&w=225,
284904542,Alpro Coconut Uht 1 Litre,https://www.tesco.com/groceries/en-GB/shop/food-cupboard/all?department=Free%20From&viewAll=department&page=,£1.95,£1.95/litre,,,/groceries/en-GB/products/284904542,https://digitalcontent.api.tesco.com/v2/media/ghs/a8ae53bb-9cf8-4718-b8d7-7b62c56ab759/29941408-a25b-4b8c-9377-a689c75fbe04.jpeg?h=225&w=225,
303001812,Nakd Salted Caramel 4X35g,https://www.tesco.com/groceries/en-GB/shop/food-cupboard/all?department=Free%20From&viewAll=department&page=,£3.00,£2.15/100g,,,/groceries/en-GB/products/303001812,https://digitalcontent.api.tesco.com/v2/media/ghs/62d38656-5017-4cfc-98f0-fc7ae5f3e96a/a611183b-0043-4f3b-acc9-812116f1c410_964935766.jpeg?h=225&w=225,
310656320,Alpro This Is Not M*Lk Whole Oat Drink 1 Litre,https://www.tesco.com/groceries/en-GB/shop/food-cupboard/all?department=Free%20From&viewAll=department&page=,£1.90,£1.90/litre,,,/groceries/en-GB/products/310656320,https://digitalcontent.api.tesco.com/v2/media/ghs/f6933d25-f758-460b-a56f-5ff3618f0f77/21e2649e-b358-4c61-8062-eacc0e83c5b7.jpeg?h=225&w=225,
291359349,Nairns Gluten Free Scottish Porridge 450G,https://www.tesco.com/groceries/en-GB/shop/food-cupboard/all?department=Free%20From&viewAll=department&page=,£2.20,£0.49/100g,,,/groceries/en-GB/products/291359349,https://digitalcontent.api.tesco.com/v2/media/ghs/40549b09-181f-4a06-9991-dae570571b0a/11a80405-94b1-4be8-84ac-9fcf78360e4c_1179327753.jpeg?h=225&w=225,
291228401,Schar Brown Ciabatta Rolls 200G,https://www.tesco.com/groceries/en-GB/shop/food-cupboard/all?department=Free%20From&viewAll=department&page=,£2.40,£1.20/100g,£2.00 Clubcard Price,,/groceries/en-GB/products/291228401,https://digitalcontent.api.tesco.com/v2/media/ghs/f095851a-2aef-42e9-815a-febc543a6ff9/8eb37392-d134-4e90-a8b6-8c28e157e38d_301924508.jpeg?h=225&w=225,
310144528,Warburtons Gluten Free 4 Soft Brioche Rolls,https://www.tesco.com/groceries/en-GB/shop/food-cupboard/all?department=Free%20From&viewAll=department&page=,£2.70,£0.68/each,,,/groceries/en-GB/products/310144528,https://digitalcontent.api.tesco.com/v2/media/ghs/ab4a8aa7-cef4-4351-9cf0-0fada04ed9d9/98c4e0a9-b67d-4623-82d5-d15bfc42dad5.jpeg?h=225&w=225,
294342370,Nairns Gluten Free Cheese Oatcake 180G,https://www.tesco.com/groceries/en-GB/shop/food-cupboard/all?department=Free%20From&viewAll=department&page=,£2.00,£1.12/100g,,,/groceries/en-GB/products/294342370,https://digitalcontent.api.tesco.com/v2/media/ghs/6fefc0f8-0e8b-4940-bcfe-293ad41ad2b8/afa8ffb1-a54e-4aa1-a93b-7647c2de1084_910878207.jpeg?h=225&w=225,
293163427,Tesco Free From Gluten Syrup Porridge Pot 55G,https://www.tesco.com/groceries/en-GB/shop/food-cupboard/all?department=Free%20From&viewAll=department&page=,£0.90,£1.64/100g,,,/groceries/en-GB/products/293163427,https://digitalcontent.api.tesco.com/v2/media/ghs/5f0f854b-e960-4713-848e-ed9991e2d9c4/d4ecff0f-29a6-4083-92cf-8aa730b84eb4_15706337.jpeg?h=225&w=225,
307740558,Nairn's Gluten Free Wholegrain Crackers 160G,https://www.tesco.com/groceries/en-GB/shop/food-cupboard/all?department=Free%20From&viewAll=department&page=,£2.00,£1.25/100g,,,/groceries/en-GB/products/307740558,https://digitalcontent.api.tesco.com/v2/media/ghs/0f2d0e24-eb19-42f9-8039-97b9003215bb/52330bd6-b688-4359-8dbb-e873a704d9a5_547468146.jpeg?h=225&w=225,
308466569,Eat Real Veggie Straws 113G,https://www.tesco.com/groceries/en-GB/shop/food-cupboard/all?department=Free%20From&viewAll=department&page=,£2.00,£1.77/100g,,,/groceries/en-GB/products/308466569,https://digitalcontent.api.tesco.com/v2/media/ghs/1f5f0bab-5d93-4873-a098-6afd928909be/c6310b95-666c-4ef4-8431-80066469efd4_1431020289.jpeg?h=225&w=225,
304795958,New York Bakery Gluten Free Plain Bagels 4 Pack,https://www.tesco.com/groceries/en-GB/shop/food-cupboard/all?department=Free%20From&viewAll=department&page=,£2.70,£0.68/each,,,/groceries/en-GB/products/304795958,https://digitalcontent.api.tesco.com/v2/media/ghs/c5d5ef3a-dc46-4461-9aab-582d10661a51/956dfa42-94bc-4e6e-835e-2be2534a0cbb.jpeg?h=225&w=225,
291243774,Bfree Stone Baked Pitta Bread 220G,https://www.tesco.com/groceries/en-GB/shop/food-cupboard/all?department=Free%20From&viewAll=department&page=,£2.75,£1.25/100g,£2.30 Clubcard Price,,/groceries/en-GB/products/291243774,https://digitalcontent.api.tesco.com/v2/media/ghs/602b65e1-5fd9-4b8f-960d-ebdda6e0c954/fc49c522-6728-484a-a8f0-3679e9f766e5_407055653.jpeg?h=225&w=225,
302296521,Eat Natural Simply Vegan Bars 3 X 45G,https://www.tesco.com/groceries/en-GB/shop/food-cupboard/all?department=Free%20From&viewAll=department&page=,£2.20,£1.63/100g,,,/groceries/en-GB/products/302296521,https://digitalcontent.api.tesco.com/v2/media/ghs/9f9734ed-c088-42be-b355-9a3a3b140b20/4f8502c3-f248-4ec5-8213-7b741ffeb539_110206064.jpeg?h=225&w=225,
297754557,Nairns Gluten Free Seeded Crackers 137G,https://www.tesco.com/groceries/en-GB/shop/food-cupboard/all?department=Free%20From&viewAll=department&page=,£2.00,£1.46/100g,,,/groceries/en-GB/products/297754557,https://digitalcontent.api.tesco.com/v2/media/ghs/a1f6b857-92b8-4d68-a2c0-771585533699/2f49e974-5f71-4db4-8ffe-4b7a90529e7a_1751503512.jpeg?h=225&w=225,
291443226,Genius Gluten Free 6 Pancakes,https://www.tesco.com/groceries/en-GB/shop/food-cupboard/all?department=Free%20From&viewAll=department&page=,£2.10,£0.35/each,,,/groceries/en-GB/products/291443226,https://digitalcontent.api.tesco.com/v2/media/ghs/c9984c8f-396c-4d83-ba20-14f4bed4b701/0ab961a9-0b9f-46e4-805f-acc4a0e92f66.jpeg?h=225&w=225,
294342393,Nairns Gluten Free Oatcakes 213G,https://www.tesco.com/groceries/en-GB/shop/food-cupboard/all?department=Free%20From&viewAll=department&page=,£2.00,£0.94/100g,,,/groceries/en-GB/products/294342393,https://digitalcontent.api.tesco.com/v2/media/ghs/72230991-4517-4d1b-9ed5-46c5857f701d/f9f0bf58-511c-4897-85ee-62b8322336ce_1539387555.jpeg?h=225&w=225,
291419849,"Eat Natural Bars Apple, Ginger & Dark Chocolate 3 X 45G",https://www.tesco.com/groceries/en-GB/shop/food-cupboard/all?department=Free%20From&viewAll=department&page=,£2.20,£1.63/100g,,,/groceries/en-GB/products/291419849,https://digitalcontent.api.tesco.com/v2/media/ghs/05802999-c242-4a3e-9618-30148de5bdb6/6031537e-94dd-4f4c-9929-03376a737eb4_1660081103.jpeg?h=225&w=225,
291879298,Dr Schar Panini Rolls 225G,https://www.tesco.com/groceries/en-GB/shop/food-cupboard/all?department=Free%20From&viewAll=department&page=,£2.40,£1.07/100g,£2.00 Clubcard Price,,/groceries/en-GB/products/291879298,https://digitalcontent.api.tesco.com/v2/media/ghs/21492cd5-7b7d-4d62-9da0-807bea908a27/9ea518a7-804d-491e-9f1c-4358b5bd27db_865214511.jpeg?h=225&w=225,
281509384,Tesco Free From Brown Bread 550G,https://www.tesco.com/groceries/en-GB/shop/food-cupboard/all?department=Free%20From&viewAll=department&page=,£1.95,£0.36/100g,,,/groceries/en-GB/products/281509384,https://digitalcontent.api.tesco.com/v2/media/ghs/08dab3c0-a6e0-4b5b-a94e-a945194a12fe/c51a1ce1-6391-4360-9bd3-08af4dcaa8a0.jpeg?h=225&w=225,
291360744,Schar Pretzels 60G,https://www.tesco.com/groceries/en-GB/shop/food-cupboard/all?department=Free%20From&viewAll=department&page=,£1.10,£1.84/100g,,,/groceries/en-GB/products/291360744,https://digitalcontent.api.tesco.com/v2/media/ghs/072a4da5-5b87-4b2d-881b-1aaec80f3efe/01235770-d612-4745-8a43-fe794fd3f097_1296067003.jpeg?h=225&w=225,
310190490,Tesco Free From 16 Chocolate Cornflake Clusters,https://www.tesco.com/groceries/en-GB/shop/food-cupboard/all?department=Free%20From&viewAll=department&page=,£2.10,£0.13/each,,,/groceries/en-GB/products/310190490,https://digitalcontent.api.tesco.com/v2/media/ghs/2a777e8a-4cee-4c39-9b6a-43f7a9794e50/317cb601-224d-4067-998d-62de4e6596d4.jpeg?h=225&w=225,
309777293,Tesco Free From 4 Mince Pies 220G,https://www.tesco.com/groceries/en-GB/shop/food-cupboard/all?department=Free%20From&viewAll=department&page=,£1.70,£0.77/100g,,,/groceries/en-GB/products/309777293,https://digitalcontent.api.tesco.com/v2/media/ghs/e21892ba-85ab-4102-aaee-8b871d4eac6e/98ced2e0-7054-4e36-9c25-dda5eed5b3b4_21017687.jpeg?h=225&w=225,
301810791,Genius Gluten Free Brioche Burger Buns 2 Pack,https://www.tesco.com/groceries/en-GB/shop/food-cupboard/all?department=Free%20From&viewAll=department&page=,£1.85,£0.62/each,£1.20 Clubcard Price,,/groceries/en-GB/products/301810791,https://digitalcontent.api.tesco.com/v2/media/ghs/2cab071c-5c36-4f2e-9ab1-dee00a8c53aa/10a425ea-7747-4d8e-83c8-b6ed46aa60ca_91433647.jpeg?h=225&w=225,
294006930,Tesco Free From White Rolls 4 Pack,https://www.tesco.com/groceries/en-GB/shop/food-cupboard/all?department=Free%20From&viewAll=department&page=,£1.75,£0.44/each,,,/groceries/en-GB/products/294006930,https://digitalcontent.api.tesco.com/v2/media/ghs/d6d86888-3f99-4402-8123-608c192289b9/351bebd9-5f16-401c-b7a7-9698cc9097ee.jpeg?h=225&w=225,
308083896,Tesco Free From Custard Creams 125G,https://www.tesco.com/groceries/en-GB/shop/food-cupboard/all?department=Free%20From&viewAll=department&page=,£1.30,£1.04/100g,,,/groceries/en-GB/products/308083896,https://digitalcontent.api.tesco.com/v2/media/ghs/94ead5f3-ecf8-46ee-bd43-59ba16135cf5/33c213d9-6585-4942-a792-0a0a16c77d4d_1618468615.jpeg?h=225&w=225,
307745242,Tesco Free From Bourbon Creams 150G,https://www.tesco.com/groceries/en-GB/shop/food-cupboard/all?department=Free%20From&viewAll=department&page=,£1.30,£0.87/100g,,,/groceries/en-GB/products/307745242,https://digitalcontent.api.tesco.com/v2/media/ghs/d9e9342e-e8a2-4d91-90fe-3a144d37ef45/2b257d45-7402-4f12-8118-924123d6535f_155095909.jpeg?h=225&w=225,
297387703,Tesco Free From Chicken Gravy Granules 170G,https://www.tesco.com/groceries/en-GB/shop/food-cupboard/all?department=Free%20From&viewAll=department&page=,£1.50,£0.88/100g,,,/groceries/en-GB/products/297387703,https://digitalcontent.api.tesco.com/v2/media/ghs/5f20d92d-2f80-4781-8e99-ff9cd9131692/b6caa566-8a9f-47bb-8047-4ba4abe7f64b_179143058.jpeg?h=225&w=225,
297591386,Eat Real Veggie Straws Kids Multi-Pack 5X20g,https://www.tesco.com/groceries/en-GB/shop/food-cupboard/all?department=Free%20From&viewAll=department&page=,£2.20,£2.20/100g,£1.50 Clubcard Price,,/groceries/en-GB/products/297591386,https://digitalcontent.api.tesco.com/v2/media/ghs/155b6811-f3a7-47ae-8181-2951bb99b240/3b92dacc-5204-4abc-8d33-6f67bcc286a5_1322142453.jpeg?h=225&w=225,
277407907,Schar Rich Tea Biscuits 125G,https://www.tesco.com/groceries/en-GB/shop/food-cupboard/all?department=Free%20From&viewAll=department&page=,£1.60,£1.28/100g,£1.00 Clubcard Price,,/groceries/en-GB/products/277407907,https://digitalcontent.api.tesco.com/v2/media/ghs/af9c5b15-f4b2-4f32-84ad-05021b55b31e/bec0db02-a9be-4b60-82e9-6a68992540ef_1906381628.jpeg?h=225&w=225,
304377434,Mrs Crimbles 6 Gluten Free Vegan Chocolate Macaroon 195G,https://www.tesco.com/groceries/en-GB/shop/food-cupboard/all?department=Free%20From&viewAll=department&page=,£1.40,£0.72/100g,,,/groceries/en-GB/products/304377434,https://digitalcontent.api.tesco.com/v2/media/ghs/fb54a44a-a9a5-44e8-bb1a-0bfc49d751ff/c9e2ad66-9010-44c3-b714-b9c935054e10_1270116340.jpeg?h=225&w=225,
264890284,Tesco Free From Lasagne Sheets 250G,https://www.tesco.com/groceries/en-GB/shop/food-cupboard/all?department=Free%20From&viewAll=department&page=,£1.25,£5.00/kg,,,/groceries/en-GB/products/264890284,https://digitalcontent.api.tesco.com/v2/media/ghs/b41d61ed-3448-4575-964d-f33b610b9fd4/342017b0-9df7-4531-973f-b403c001b7a0_1484283476.jpeg?h=225&w=225,
308097160,Tesco Free From Bacon Rashers 150G,https://www.tesco.com/groceries/en-GB/shop/food-cupboard/all?department=Free%20From&viewAll=department&page=,£1.05,£0.70/100g,,,/groceries/en-GB/products/308097160,https://digitalcontent.api.tesco.com/v2/media/ghs/8bb8ae13-ac56-4128-bdd3-180ddee117fe/ba9943b5-539a-42e2-a3b6-9337f9af2eb2_589086817.jpeg?h=225&w=225,
287546940,Tesco Free From White Lasagne 480G,https://www.tesco.com/groceries/en-GB/shop/food-cupboard/all?department=Free%20From&viewAll=department&page=,£1.00,£0.21/100g,,,/groceries/en-GB/products/287546940,https://digitalcontent.api.tesco.com/v2/media/ghs/5817ba5f-c70b-418c-98ac-0ae6b3b8b643/5d4626f0-ddef-429c-b9ee-53a3b94a9c3e_1200313209.jpeg?h=225&w=225,
302385928,Warburtons White Gluten Free Bread Sourdough 400G,https://www.tesco.com/groceries/en-GB/shop/food-cupboard/all?department=Free%20From&viewAll=department&page=,£3.40,£0.85/100g,,,/groceries/en-GB/products/302385928,https://digitalcontent.api.tesco.com/v2/media/ghs/7cde6565-c823-4ae3-9d99-7859be839cd7/96131077-327b-4406-a05f-5add78bc4752.jpeg?h=225&w=225,
304785924,Tesco Free From 5 Chocolate Cake Slices,https://www.tesco.com/groceries/en-GB/shop/food-cupboard/all?department=Free%20From&viewAll=department&page=,£2.30,£2.30/each,,,/groceries/en-GB/products/304785924,https://digitalcontent.api.tesco.com/v2/media/ghs/c7b89305-8690-40e4-90a2-5ccf3a11cf5e/44f02196-cee3-46f2-b926-4c42f4ab24a2.jpeg?h=225&w=225,
293673002,Schar Wholesome Vitality Loaf Gluten Free 350G,https://www.tesco.com/groceries/en-GB/shop/food-cupboard/all?department=Free%20From&viewAll=department&page=,£3.00,£0.86/100g,,,/groceries/en-GB/products/293673002,https://digitalcontent.api.tesco.com/v2/media/ghs/478dffb4-af18-4536-b83c-c9fceae8f315/33a622bd-536e-42f6-b2a6-fc7fbdf2d415_1232911738.jpeg?h=225&w=225,
285964528,Nakd Cashew Cookie Bars 4 Pack 140G,https://www.tesco.com/groceries/en-GB/shop/food-cupboard/all?department=Free%20From&viewAll=department&page=,£3.00,£2.15/100g,,,/groceries/en-GB/products/285964528,https://digitalcontent.api.tesco.com/v2/media/ghs/b9979058-8575-40ea-9df6-7c279f1c0447/07c6d501-d536-4dc5-8414-8dd6627166cb_602258159.jpeg?h=225&w=225,
293163525,Tesco Free From Original Porridge Pot 55G,https://www.tesco.com/groceries/en-GB/shop/food-cupboard/all?department=Free%20From&viewAll=department&page=,£0.90,£1.64/100g,,,/groceries/en-GB/products/293163525,https://digitalcontent.api.tesco.com/v2/media/ghs/72849cb0-acec-41c8-ad72-8a7028da5cf7/a3787485-add1-44fb-8fa2-bb871db02eaa_443981434.jpeg?h=225&w=225,
303917339,Alpro Coconut No Sugars Long Life Drink 1 Litre,https://www.tesco.com/groceries/en-GB/shop/food-cupboard/all?department=Free%20From&viewAll=department&page=,£1.95,£1.95/litre,,,/groceries/en-GB/products/303917339,https://digitalcontent.api.tesco.com/v2/media/ghs/439e6922-88d5-44a7-ac23-0d695852ffe0/30067e38-8617-4fce-a585-b5363f7263bd.jpeg?h=225&w=225,
308499208,Nakd Berry Delight Fruit & Nut Bars 4X35g,https://www.tesco.com/groceries/en-GB/shop/food-cupboard/all?department=Free%20From&viewAll=department&page=,£3.00,£2.15/100g,,,/groceries/en-GB/products/308499208,https://digitalcontent.api.tesco.com/v2/media/ghs/f252605b-8365-4a2e-851a-d21e0fcdc21f/738ac2be-fbed-4f44-bd11-9a05de46dcc5_1811361501.jpeg?h=225&w=225,
308103494,Kind Caramel Almond & Sea Salt Nut Bars 3X30g,https://www.tesco.com/groceries/en-GB/shop/food-cupboard/all?department=Free%20From&viewAll=department&page=,£3.00,£3.34/100g,,,/groceries/en-GB/products/308103494,https://digitalcontent.api.tesco.com/v2/media/ghs/b22e5ce6-2457-43f3-8c27-b45e61538715/2971c502-ebcf-4de9-b7f8-7e0b42c781ef_252428604.jpeg?h=225&w=225,
308116029,Kind Peanut Butter & Dark Chocolate Nut Bars 3 X 30G,https://www.tesco.com/groceries/en-GB/shop/food-cupboard/all?department=Free%20From&viewAll=department&page=,£3.00,£3.34/100g,,,/groceries/en-GB/products/308116029,https://digitalcontent.api.tesco.com/v2/media/ghs/2914954a-3174-44c1-ba30-4db6235bcc8f/3f6bbd47-e209-4d7b-a367-1d0ca8911db8_1199377125.jpeg?h=225&w=225,
297673670,Schar Gluten Free Waffles 100G,https://www.tesco.com/groceries/en-GB/shop/food-cupboard/all?department=Free%20From&viewAll=department&page=,£2.40,£2.40/100g,£2.00 Clubcard Price,,/groceries/en-GB/products/297673670,https://digitalcontent.api.tesco.com/v2/media/ghs/a624e166-108e-45c9-8868-359814848c47/cbf8f6b8-7da7-4012-ab2c-e0cd1b090a74_800191518.jpeg?h=225&w=225,
293378444,Nature's Store Gluten Free Chocolate Spread,https://www.tesco.com/groceries/en-GB/shop/food-cupboard/all?department=Free%20From&viewAll=department&page=,£2.25,£0.64/100g,,,/groceries/en-GB/products/293378444,https://digitalcontent.api.tesco.com/v2/media/ghs/b373c18d-ede9-4140-97f5-30dc06286021/d0ea0c81-2fb8-4602-a381-a64c0f3f0bbe_972912372.jpeg?h=225&w=225,
285490967,Rude Health Oat Drink Organic 1 Litre,https://www.tesco.com/groceries/en-GB/shop/food-cupboard/all?department=Free%20From&viewAll=department&page=,£2.20,£2.20/litre,£1.70 Clubcard Price,,/groceries/en-GB/products/285490967,https://digitalcontent.api.tesco.com/v2/media/ghs/2ad61eda-8667-43d2-834a-e8fc92fe84f8/98c6809e-77f4-4b44-8ffd-b3cc8d89d276.jpeg?h=225&w=225,
268530152,Genius Multiseed Rolls 4 Pack,https://www.tesco.com/groceries/en-GB/shop/food-cupboard/all?department=Free%20From&viewAll=department&page=,£2.20,£0.55/each,,,/groceries/en-GB/products/268530152,https://digitalcontent.api.tesco.com/v2/media/ghs/093c0b2f-e2de-41aa-91d6-b6ca1e439d83/616912e8-af7c-4dd0-b392-febe81e07750.jpeg?h=225&w=225,
296384345,Nairns Gluten Free Ginger Biscuit Break 160G,https://www.tesco.com/groceries/en-GB/shop/food-cupboard/all?department=Free%20From&viewAll=department&page=,£2.00,£1.25/100g,,,/groceries/en-GB/products/296384345,https://digitalcontent.api.tesco.com/v2/media/ghs/39b24131-6c27-4117-8890-150a6faab9b5/20d3b53e-ce43-43d7-aebb-c5e7b405e33f_2098745981.jpeg?h=225&w=225,
293612012,Genius Gluten Free 2 Double Chocolate Muffins,https://www.tesco.com/groceries/en-GB/shop/food-cupboard/all?department=Free%20From&viewAll=department&page=,£2.00,£1.00/each,£1.75 Clubcard Price,,/groceries/en-GB/products/293612012,https://digitalcontent.api.tesco.com/v2/media/ghs/888931e1-7eee-45c1-8fec-b0fa815a90ad/4b7abc24-b2ba-43c3-8214-08e6abb9aec4.jpeg?h=225&w=225,
297461794,Tesco Free From Berry Granola 350G,https://www.tesco.com/groceries/en-GB/shop/food-cupboard/all?department=Free%20From&viewAll=department&page=,£2.75,£0.79/100g,,,/groceries/en-GB/products/297461794,https://digitalcontent.api.tesco.com/v2/media/ghs/afd805b9-f501-429d-a8de-f03102fb2a82/b13082ab-613a-4231-82f7-296d9e489cd7_59315053.jpeg?h=225&w=225,
311260164,Deliciously Ella Peanut Butter Oat Bar 3 X 50G,https://www.tesco.com/groceries/en-GB/shop/food-cupboard/all?department=Free%20From&viewAll=department&page=,£2.50,£1.67/100g,£2.00 Clubcard Price,,/groceries/en-GB/products/311260164,https://digitalcontent.api.tesco.com/v2/media/ghs/5d9d4495-283c-46eb-ae49-d90cb77258ab/7566a302-696d-43d6-8c7c-c42e38ec0983_1015875427.jpeg?h=225&w=225,
307132944,Trek White Chocolate & Raspberry Protein Flapjacks 3X50g,https://www.tesco.com/groceries/en-GB/shop/food-cupboard/all?department=Free%20From&viewAll=department&page=,£2.75,£1.84/100g,£2.00 Clubcard Price,,/groceries/en-GB/products/307132944,https://digitalcontent.api.tesco.com/v2/media/ghs/04cf1990-3a74-4881-9c7a-964410c6489f/8e4928b1-f022-4713-9a94-313d5c3560b2_1738333190.jpeg?h=225&w=225,
303666318,Nomo Free From Chocolate Bar 85G,https://www.tesco.com/groceries/en-GB/shop/food-cupboard/all?department=Free%20From&viewAll=department&page=,£2.00,£2.36/100g,,,/groceries/en-GB/products/303666318,https://digitalcontent.api.tesco.com/v2/media/ghs/9b1d4e45-485c-4263-bbeb-784481a13e46/8f4327d8-b32c-4ab3-8e0e-8a968becad32_1398836548.jpeg?h=225&w=225,
310150238,Alpro This Is Not M*Lk Semi Oat Drink 1 Litre,https://www.tesco.com/groceries/en-GB/shop/food-cupboard/all?department=Free%20From&viewAll=department&page=,£1.90,£1.90/litre,,,/groceries/en-GB/products/310150238,https://digitalcontent.api.tesco.com/v2/media/ghs/2d260eb1-051f-4979-9cbd-7927459caf42/594c0eb7-11d3-402a-87c7-7df68e9c8d1b.jpeg?h=225&w=225,
266712608,Tesco Free From Cherry Bakewell Tarts 4 Pack,https://www.tesco.com/groceries/en-GB/shop/food-cupboard/all?department=Free%20From&viewAll=department&page=,£2.00,£0.50/each,,,/groceries/en-GB/products/266712608,https://digitalcontent.api.tesco.com/v2/media/ghs/6d79710e-cb5e-43c9-8959-7498e041ee9d/d04b5674-3b8e-48ad-a7a9-9a8252c17d8c.jpeg?h=225&w=225,
257159787,Tesco Organic Longlife Soya Drink Sweetened 1Ltr,https://www.tesco.com/groceries/en-GB/shop/food-cupboard/all?department=Free%20From&viewAll=department&page=,£1.30,£1.30/litre,,,/groceries/en-GB/products/257159787,https://digitalcontent.api.tesco.com/v2/media/ghs/9c88fdeb-2cff-44ea-97b1-c7be80ab9c34/438ee9aa-60fa-429f-b7da-917d0e40e33f.jpeg?h=225&w=225,
300832789,Tesco Free From Chicken & Mushroom Noodles 75G,https://www.tesco.com/groceries/en-GB/shop/food-cupboard/all?department=Free%20From&viewAll=department&page=,£1.25,£16.67/kg,,,/groceries/en-GB/products/300832789,https://digitalcontent.api.tesco.com/v2/media/ghs/0e58121e-dce2-4fd2-bae7-9e7788a91366/58c4881d-1ed4-4fa4-b36c-82e5d04111d9_1749042684.jpeg?h=225&w=225,
281823783,Tesco Fresh Free From Hot Cross Buns 4 Pack,https://www.tesco.com/groceries/en-GB/shop/food-cupboard/all?department=Free%20From&viewAll=department&page=,£2.00,£0.50/each,,,/groceries/en-GB/products/281823783,https://digitalcontent.api.tesco.com/v2/media/ghs/8d3a37b0-ed1a-4eda-aba5-74229bcd393a/188938e4-cca4-4deb-b6f5-a2d916718645.jpeg?h=225&w=225,
293316449,Mcvities Gluten Free Original Hobnobs 150G,https://www.tesco.com/groceries/en-GB/shop/food-cupboard/all?department=Free%20From&viewAll=department&page=,£1.80,£1.20/100g,,,/groceries/en-GB/products/293316449,https://digitalcontent.api.tesco.com/v2/media/ghs/5f56ced5-9982-438b-94b5-f59b6f350061/95720877-de00-4472-8dfe-d64b684b750d_827299465.jpeg?h=225&w=225,
301804113,Nairns Gluten Free Rosemary & Sea Salt Flatbreads 150G,https://www.tesco.com/groceries/en-GB/shop/food-cupboard/all?department=Free%20From&viewAll=department&page=,£2.00,£1.34/100g,£1.50 Clubcard Price,,/groceries/en-GB/products/301804113,https://digitalcontent.api.tesco.com/v2/media/ghs/2b7c19ef-417c-4b03-90b5-497c090fb5e0/06f45a3e-1d66-4f20-a6e1-a910a1666f3a_1191210500.jpeg?h=225&w=225,
294793630,Tesco Free From Syrup Sponge 115G,https://www.tesco.com/groceries/en-GB/shop/food-cupboard/all?department=Free%20From&viewAll=department&page=,£1.25,£1.09/100g,,,/groceries/en-GB/products/294793630,https://digitalcontent.api.tesco.com/v2/media/ghs/afbb52f4-25c0-437d-9017-18381fd2e6f0/302688f3-bf1a-438b-bf2a-8851006041bf_1341785846.jpeg?h=225&w=225,
294793618,Tesco Free From Chocolate Sponge 115G,https://www.tesco.com/groceries/en-GB/shop/food-cupboard/all?department=Free%20From&viewAll=department&page=,£1.25,£1.09/100g,,,/groceries/en-GB/products/294793618,https://digitalcontent.api.tesco.com/v2/media/ghs/dd5d4213-bb0a-4dc6-b5d2-840982d1a518/47ba3c99-6b7a-48db-bd3a-b1200305ff6c_888925761.jpeg?h=225&w=225,
310178511,Mrs Crimble's Gluten Free Coconut Macaroons 180G,https://www.tesco.com/groceries/en-GB/shop/food-cupboard/all?department=Free%20From&viewAll=department&page=,£1.20,£0.67/100g,,,/groceries/en-GB/products/310178511,https://digitalcontent.api.tesco.com/v2/media/ghs/02a96383-f590-4c34-8448-7adfc2851b36/50bda469-7309-4468-a736-ad1ca5a01054_854929882.jpeg?h=225&w=225,
297550216,"Eat Real Hummus Lentil, Quinoa Chips 5 Pack 116G",https://www.tesco.com/groceries/en-GB/shop/food-cupboard/all?department=Free%20From&viewAll=department&page=,£2.20,£1.90/100g,£1.50 Clubcard Price,,/groceries/en-GB/products/297550216,https://digitalcontent.api.tesco.com/v2/media/ghs/8994de9e-e8f7-4cc8-bd5d-8b83d4c89ec1/f3f9e298-5cd8-4052-b6d6-6638f18c3401_1221725625.jpeg?h=225&w=225,
304786128,Schar Gluten Free Jaffa Cakes 150G,https://www.tesco.com/groceries/en-GB/shop/food-cupboard/all?department=Free%20From&viewAll=department&page=,£1.40,£0.93/100g,,,/groceries/en-GB/products/304786128,https://digitalcontent.api.tesco.com/v2/media/ghs/5596c124-0668-400c-8228-3ea8c37b0707/a0c1e267-453a-4556-813a-4ea9b3090d08_2022552366.jpeg?h=225&w=225,
304378272,Tesco Free From Shortbread 160G,https://www.tesco.com/groceries/en-GB/shop/food-cupboard/all?department=Free%20From&viewAll=department&page=,£1.75,£1.10/100g,,,/groceries/en-GB/products/304378272,https://digitalcontent.api.tesco.com/v2/media/ghs/60d07ada-0a0e-41d1-9f8d-df9d7f29e84d/483083e4-f79e-4623-a743-6e979cf94d47_1133842840.jpeg?h=225&w=225,
293163738,Tesco Free From Cheese Flavour Tortilla Chips 200G,https://www.tesco.com/groceries/en-GB/shop/food-cupboard/all?department=Free%20From&viewAll=department&page=,£1.00,£0.50/100g,,,/groceries/en-GB/products/293163738,https://digitalcontent.api.tesco.com/v2/media/ghs/7e81b5d0-2d09-4b0e-866c-803ccc8761b6/6aab567f-724d-4c25-b67b-c78a028e5839_713640894.jpeg?h=225&w=225,
268583152,Tesco Free From Choco Snaps Cereal 300G,https://www.tesco.com/groceries/en-GB/shop/food-cupboard/all?department=Free%20From&viewAll=department&page=,£1.80,£0.60/100g,,,/groceries/en-GB/products/268583152,https://digitalcontent.api.tesco.com/v2/media/ghs/fb1b5407-3787-4044-9381-9f61a2aaa78e/9eea3bf6-d99d-444a-9f82-f3f6585a2a35_585714902.jpeg?h=225&w=225,
291359833,Tesco Free From Vegetable Gravy 170G,https://www.tesco.com/groceries/en-GB/shop/food-cupboard/all?department=Free%20From&viewAll=department&page=,£1.30,£0.76/100g,,,/groceries/en-GB/products/291359833,https://digitalcontent.api.tesco.com/v2/media/ghs/6f0d3901-d4a4-4f55-8842-5867b10b9abb/4a080eb9-fe1b-43fc-928d-22171a00a1f1_559666304.jpeg?h=225&w=225,
299669125,Old El Paso Gluten Free Fajita Kit 462G,https://www.tesco.com/groceries/en-GB/shop/food-cupboard/all?department=Free%20From&viewAll=department&page=,£2.99,£6.48/kg,,,/groceries/en-GB/products/299669125,https://digitalcontent.api.tesco.com/v2/media/ghs/5b46c7ef-b678-4ccf-95a3-a29e3f73321b/0be44367-aab1-49d6-bdd5-15729ca67bd9_1592353049.jpeg?h=225&w=225,
282513296,Tesco Free From Choco-Nut Pillows 300G,https://www.tesco.com/groceries/en-GB/shop/food-cupboard/all?department=Free%20From&viewAll=department&page=,£1.80,£0.60/100g,,,/groceries/en-GB/products/282513296,https://digitalcontent.api.tesco.com/v2/media/ghs/7052933c-9378-4675-8eb1-0450b7aead26/ef7ddd1c-bdf9-44f8-9b0f-04c0e323f356.jpeg?h=225&w=225,
297117949,Tesco Free From Cheese Flavour Sauce Mix 36G,https://www.tesco.com/groceries/en-GB/shop/food-cupboard/all?department=Free%20From&viewAll=department&page=,£0.55,£1.53/100g,,,/groceries/en-GB/products/297117949,https://digitalcontent.api.tesco.com/v2/media/ghs/412aedac-cdd0-4267-995b-2a61bc291cec/8e1665ed-5da8-4073-9b92-a0bcfd2ecce8_2039982727.jpeg?h=225&w=225,
282513365,Tesco Free From Honey Hoops 300G,https://www.tesco.com/groceries/en-GB/shop/food-cupboard/all?department=Free%20From&viewAll=department&page=,£1.50,£0.50/100g,,,/groceries/en-GB/products/282513365,https://digitalcontent.api.tesco.com/v2/media/ghs/fe95a94d-d453-4b1c-ab23-475cf2f9b6d3/4e46ffa0-7db4-4d99-85ab-08b0e7dab26b_1116908163.jpeg?h=225&w=225,
284385005,Tesco Free From Caramel Rice Cakes 165G,https://www.tesco.com/groceries/en-GB/shop/food-cupboard/all?department=Free%20From&viewAll=department&page=,£1.10,£0.67/100g,,,/groceries/en-GB/products/284385005,https://digitalcontent.api.tesco.com/v2/media/ghs/f3de3b32-95f2-4e39-aa97-bf37f5514163/9f1a82a5-4be4-4644-bd19-d8f95f2fe349_84888119.jpeg?h=225&w=225,
304410418,Tesco Free From Onion Rings 150G,https://www.tesco.com/groceries/en-GB/shop/food-cupboard/all?department=Free%20From&viewAll=department&page=,£1.05,£0.70/100g,,,/groceries/en-GB/products/304410418,https://digitalcontent.api.tesco.com/v2/media/ghs/b4c087e0-1306-42f4-9d06-c4472045c7fb/a5889c75-4538-4da3-b44a-ff518cd7edb6_188498569.jpeg?h=225&w=225,
304376723,Tesco Free From Worcester Sauce 150Ml,https://www.tesco.com/groceries/en-GB/shop/food-cupboard/all?department=Free%20From&viewAll=department&page=,£0.85,£0.57/100ml DR.WT,,,/groceries/en-GB/products/304376723,https://digitalcontent.api.tesco.com/v2/media/ghs/b88678ce-94df-40be-9490-0aa9448a441b/080b2431-28d5-42ec-a36d-9c18bfd90bb7_945231211.jpeg?h=225&w=225,
297372444,Tesco Free From Mayonnaise 250Ml,https://www.tesco.com/groceries/en-GB/shop/food-cupboard/all?department=Free%20From&viewAll=department&page=,£0.75,£0.30/100ml,,,/groceries/en-GB/products/297372444,https://digitalcontent.api.tesco.com/v2/media/ghs/c33a6777-9d59-4369-a01b-3e18993fb8cc/41f539c8-7484-46a3-b4e8-d9158c90129e.jpeg?h=225&w=225,
300916760,T Macaroni Pasta Free From 500G,https://www.tesco.com/groceries/en-GB/shop/food-cupboard/all?department=Free%20From&viewAll=department&page=,£1.10,£2.20/kg,,,/groceries/en-GB/products/300916760,https://digitalcontent.api.tesco.com/v2/media/ghs/62d2135d-8eb9-4f84-956f-0dd89980dae6/0ede17e1-670e-4831-b282-71de116d2dd5.jpeg?h=225&w=225,
282448511,Tesco Free From Conchiglie 500G,https://www.tesco.com/groceries/en-GB/shop/food-cupboard/all?department=Free%20From&viewAll=department&page=,£1.10,£2.20/kg,,,/groceries/en-GB/products/282448511,https://digitalcontent.api.tesco.com/v2/media/ghs/658faefa-41b8-4787-add7-f37e4eddf2d4/7920d20f-eb61-49db-8e19-cfbe321fb831_1459937241.jpeg?h=225&w=225,
308478994,Bfree High Protein Wraps 4X42g,https://www.tesco.com/groceries/en-GB/shop/food-cupboard/all?department=Free%20From&viewAll=department&page=,£3.80,£2.27/100g,,,/groceries/en-GB/products/308478994,https://digitalcontent.api.tesco.com/v2/media/ghs/5afa8268-03f7-4f83-a188-d9a3f7d5687b/c5e50c4e-e642-4869-aa2e-5dfe215fbc0b_1306400329.jpeg?h=225&w=225,
302280983,Eat Natural Gluten Free Buckwheat Toasted Muesli 500G,https://www.tesco.com/groceries/en-GB/shop/food-cupboard/all?department=Free%20From&viewAll=department&page=,£3.20,£0.64/100g,,,/groceries/en-GB/products/302280983,https://digitalcontent.api.tesco.com/v2/media/ghs/5502313b-cbe0-4327-9cf0-6c4ba3bb5003/f88a9562-080c-4d30-a0fc-d170b98b9114_534348941.jpeg?h=225&w=225,
273942054,Genius Gluten Free Soft Brown Farmhouse 535G,https://www.tesco.com/groceries/en-GB/shop/food-cupboard/all?department=Free%20From&viewAll=department&page=,£3.00,£0.56/100g,,,/groceries/en-GB/products/273942054,https://digitalcontent.api.tesco.com/v2/media/ghs/9e0d7daf-d37e-4abe-ae6a-be77530744d9/70c86fef-5d99-4a6b-a99e-5e326df06e50.jpeg?h=225&w=225,
308495760,Genius Gut Lovin Tiger Bloomer Loaf 400G,https://www.tesco.com/groceries/en-GB/shop/food-cupboard/all?department=Free%20From&viewAll=department&page=,£3.30,£0.82/100g,,,/groceries/en-GB/products/308495760,https://digitalcontent.api.tesco.com/v2/media/ghs/82f7b6c4-5eb9-418c-92e2-1badf3358726/3b96918f-19b7-4931-88aa-d4b5ca17c972.jpeg?h=225&w=225,
298115300,Bfree Pizza Bases 360G,https://www.tesco.com/groceries/en-GB/shop/food-cupboard/all?department=Free%20From&viewAll=department&page=,£3.60,£1.00/100g,,,/groceries/en-GB/products/298115300,https://digitalcontent.api.tesco.com/v2/media/ghs/24dc3e07-9067-421f-94d3-c8a1c5a863a7/cb888055-bd9b-4bdb-bb8d-2add6b7bc15f_682237169.jpeg?h=225&w=225,
305941829,Farabella Gf Potato Gnocchi 500G,https://www.tesco.com/groceries/en-GB/shop/food-cupboard/all?department=Free%20From&viewAll=department&page=,£3.00,£6.00/kg,,,/groceries/en-GB/products/305941829,https://digitalcontent.api.tesco.com/v2/media/ghs/9099151d-cc25-4887-9300-10150950cd71/954c5b4c-fa77-450c-98e1-22491aae5862_982623269.jpeg?h=225&w=225,
273667363,Natures Path Organic Gluten Free Mesa Sunrise Cereal 355G,https://www.tesco.com/groceries/en-GB/shop/food-cupboard/all?department=Free%20From&viewAll=department&page=,£3.50,£0.99/100g,,,/groceries/en-GB/products/273667363,https://digitalcontent.api.tesco.com/v2/media/ghs/415fd9fa-cdd9-4848-9588-2663ef2d133a/a1e5ea34-de5d-487b-af91-fd295dcadb67_586617213.jpeg?h=225&w=225,
297373973,Bfree Stone Bake Gluten Free Pitta Bread 6X32g,https://www.tesco.com/groceries/en-GB/shop/food-cupboard/all?department=Free%20From&viewAll=department&page=,£2.75,£1.44/100g,,,/groceries/en-GB/products/297373973,https://digitalcontent.api.tesco.com/v2/media/ghs/a17e6e83-b2cf-4b0b-9c7b-31b135272f2a/9a1672a3-f07f-4308-82ca-1ec620986c80_1755855549.jpeg?h=225&w=225,
309785179,Mighty Barista M.Lk Uht Drink 1 Litre,https://www.tesco.com/groceries/en-GB/shop/food-cupboard/all?department=Free%20From&viewAll=department&page=,£2.00,£2.00/litre,,,/groceries/en-GB/products/309785179,https://digitalcontent.api.tesco.com/v2/media/ghs/3ec5bb76-7e18-4b77-b39d-771b5a20145e/425089a2-c8bc-4d72-beeb-b6a6e7fa20e5.jpeg?h=225&w=225,
301767513,Warburtons Gluten Free White Wraps 4 Pack,https://www.tesco.com/groceries/en-GB/shop/food-cupboard/all?department=Free%20From&viewAll=department&page=,£2.70,£0.68/each,,,/groceries/en-GB/products/301767513,https://digitalcontent.api.tesco.com/v2/media/ghs/a7f3db35-30a2-4cd0-91ba-236e7f6715a1/949360de-3b07-4d19-823b-66c535c3d0b2.jpeg?h=225&w=225,
308864531,Nakd Almond Macaroon Fruit & Nut Bars 4X35g,https://www.tesco.com/groceries/en-GB/shop/food-cupboard/all?department=Free%20From&viewAll=department&page=,£3.00,£2.15/100g,,,/groceries/en-GB/products/308864531,https://digitalcontent.api.tesco.com/v2/media/ghs/d28ebc43-7d72-4dc3-8f25-8631a3962bb8/881338c2-be3a-4e8d-9d48-b7c1a822d871_649969803.jpeg?h=225&w=225,
303617798,Bfree Wholegrain Gluten Free Pitta Bread 4X55g,https://www.tesco.com/groceries/en-GB/shop/food-cupboard/all?department=Free%20From&viewAll=department&page=,£2.75,£1.25/100g,,,/groceries/en-GB/products/303617798,https://digitalcontent.api.tesco.com/v2/media/ghs/3b881ade-28de-4b42-b1e7-7a8f63441ec9/b89ff1fe-77ea-45f4-9ed6-adff2a4e0265_1675532797.jpeg?h=225&w=225,
282073090,Genius Gluten Free Spicy Fruit Loaf 400G,https://www.tesco.com/groceries/en-GB/shop/food-cupboard/all?department=Free%20From&viewAll=department&page=,£2.70,£0.68/100g,£2.40 Clubcard Price,,/groceries/en-GB/products/282073090,https://digitalcontent.api.tesco.com/v2/media/ghs/3e0198d0-e801-43a2-9c33-61318626badf/1dc37272-216c-4e18-a41d-7777bca93e7f.jpeg?h=225&w=225,
297904064,Eat Real Quinoa Chips Sour Cream & Chive 80G,https://www.tesco.com/groceries/en-GB/shop/food-cupboard/all?department=Free%20From&viewAll=department&page=,£2.00,£2.50/100g,,,/groceries/en-GB/products/297904064,https://digitalcontent.api.tesco.com/v2/media/ghs/f29cc74e-beba-4ab4-8a42-7ce523eeb449/eba1010f-9c5f-4885-a7b4-decb443db9e5_1547211301.jpeg?h=225&w=225,
300644089,Tesco Free From Double Chocolate Mini Muffin 12 Pack,https://www.tesco.com/groceries/en-GB/shop/food-cupboard/all?department=Free%20From&viewAll=department&page=,£2.10,£0.18/each,,,/groceries/en-GB/products/300644089,https://digitalcontent.api.tesco.com/v2/media/ghs/61d8e942-b628-4f6e-b15c-6b8c06f1f97f/4d8c1c52-059d-46d3-8e15-7f4e1c39d8c2.jpeg?h=225&w=225,
306052297,Nestle Gluten Free Gofree Rice Pops 350G,https://www.tesco.com/groceries/en-GB/shop/food-cupboard/all?department=Free%20From&viewAll=department&page=,£2.30,£0.66/100g,,,/groceries/en-GB/products/306052297,https://digitalcontent.api.tesco.com/v2/media/ghs/7776b566-db12-4511-af68-349733f922e9/17a27da3-ee09-407a-810c-fe2ec2811dba_1360200869.jpeg?h=225&w=225,
268870215,Schar Sweet Brioche Rolls 200G,https://www.tesco.com/groceries/en-GB/shop/food-cupboard/all?department=Free%20From&viewAll=department&page=,£2.40,£1.20/100g,£2.00 Clubcard Price,,/groceries/en-GB/products/268870215,https://digitalcontent.api.tesco.com/v2/media/ghs/c23f195f-521c-459e-9353-a6aa8328e586/315b985d-003c-4a1e-8759-fc80a6955bb0_2040826911.jpeg?h=225&w=225,
297754655,Nairns Gluten Free Pepper Crackers 137G,https://www.tesco.com/groceries/en-GB/shop/food-cupboard/all?department=Free%20From&viewAll=department&page=,£2.00,£1.46/100g,,,/groceries/en-GB/products/297754655,https://digitalcontent.api.tesco.com/v2/media/ghs/83126165-9cce-4a93-87ed-845c1919576f/0f986222-d2e8-4ba0-81f4-6d1c16d01e83_949329487.jpeg?h=225&w=225,
254017373,Alpro Caramel Soya Dessert 4 X 125G,https://www.tesco.com/groceries/en-GB/shop/food-cupboard/all?department=Free%20From&viewAll=department&page=,£1.80,£0.36/100g,,,/groceries/en-GB/products/254017373,https://digitalcontent.api.tesco.com/v2/media/ghs/13a20f57-18c9-4d2c-b440-80a090a24d36/b57a021b-33ab-45cb-a651-549ba844a8c7.jpeg?h=225&w=225,
297461771,Tesco Free From Fruit & Nut Granola 350G,https://www.tesco.com/groceries/en-GB/shop/food-cupboard/all?department=Free%20From&viewAll=department&page=,£2.75,£0.79/100g,,,/groceries/en-GB/products/297461771,https://digitalcontent.api.tesco.com/v2/media/ghs/f3b91ddf-ead0-47f8-8781-32c437d8f9aa/2da12704-df0b-46fc-bfb2-e4e8dd1620d7_1688713483.jpeg?h=225&w=225,
301810819,Warburtons Gluten Free Protein Super Seeds 4 Wraps,https://www.tesco.com/groceries/en-GB/shop/food-cupboard/all?department=Free%20From&viewAll=department&page=,£2.80,£0.70/each,,,/groceries/en-GB/products/301810819,https://digitalcontent.api.tesco.com/v2/media/ghs/5c6273ba-934a-4c5e-9bbd-6469264bfc35/7765f9bb-ee2a-4523-9525-916ce8a4038d.jpeg?h=225&w=225,
267280074,Tesco Free From Pure Oat Fruit Muesli 450G,https://www.tesco.com/groceries/en-GB/shop/food-cupboard/all?department=Free%20From&viewAll=department&page=,£2.30,£0.51/100g,,,/groceries/en-GB/products/267280074,https://digitalcontent.api.tesco.com/v2/media/ghs/11127595-3e64-4a90-a461-465f0c9796aa/95b648ed-7e2f-4eec-b1c7-fd2f25f9ec40_1679781915.jpeg?h=225&w=225,
293354392,Mcvities Gluten Free Chocolate Hobnobs 150G,https://www.tesco.com/groceries/en-GB/shop/food-cupboard/all?department=Free%20From&viewAll=department&page=,£2.30,£1.54/100g,,,/groceries/en-GB/products/293354392,https://digitalcontent.api.tesco.com/v2/media/ghs/510ea0a2-9285-4f2e-b47d-6888f2fd2da0/08a34562-aeea-4dae-8275-b6315c904381_2010604296.jpeg?h=225&w=225,
300884525,T.F/From 5 Sweet Potato & Red Pepper Corn Strips 150G,https://www.tesco.com/groceries/en-GB/shop/food-cupboard/all?department=Free%20From&viewAll=department&page=,£1.90,£1.27/100g,,New,/groceries/en-GB/products/300884525,https://digitalcontent.api.tesco.com/v2/media/ghs/84acd325-bf67-40e3-af66-bc170a6a4b54/3fa7ff42-33f9-4882-8507-d96b4beb94bc.jpeg?h=225&w=225,
287547933,Tesco Free From Salad Cream 440G,https://www.tesco.com/groceries/en-GB/shop/food-cupboard/all?department=Free%20From&viewAll=department&page=,£1.40,£0.32/100g,,,/groceries/en-GB/products/287547933,https://digitalcontent.api.tesco.com/v2/media/ghs/c52e3050-5e2f-4836-956c-ad13324214d5/ba1304ea-ad2d-404b-becd-069dcc0e12e4_475511719.jpeg?h=225&w=225,
308084647,Tesco Free From Cream Crackers 125G,https://www.tesco.com/groceries/en-GB/shop/food-cupboard/all?department=Free%20From&viewAll=department&page=,£1.50,£1.20/100g,,,/groceries/en-GB/products/308084647,https://digitalcontent.api.tesco.com/v2/media/ghs/7152a5f2-8e30-481f-a066-ef6b1479f211/105d6590-c23b-4b17-8af9-d554ff2b4813_1760313275.jpeg?h=225&w=225,
266712960,Tesco Free From Jam Tarts 6 Pack,https://www.tesco.com/groceries/en-GB/shop/food-cupboard/all?department=Free%20From&viewAll=department&page=,£2.00,£0.33/each,,,/groceries/en-GB/products/266712960,https://digitalcontent.api.tesco.com/v2/media/ghs/7ae68210-4f82-46cc-8824-e3ff62c7e0f3/13ea9c8f-1b12-4a84-b1ae-d530e3e3f88b.jpeg?h=225&w=225,
310111055,Mister Free'd Tortilla Chips Avocado & Guacamole 135G,https://www.tesco.com/groceries/en-GB/shop/food-cupboard/all?department=Free%20From&viewAll=department&page=,£1.80,£13.34/kg,£1.25 Clubcard Price,,/groceries/en-GB/products/310111055,https://digitalcontent.api.tesco.com/v2/media/ghs/5a789bbb-a817-4c6f-a69b-f93ee810737f/dde5269f-7c0b-4f02-80f0-367c673192a8_1714628850.jpeg?h=225&w=225,
289705902,Nature's Store Free From Milk Chocolate Rice Cakes 100G,https://www.tesco.com/groceries/en-GB/shop/food-cupboard/all?department=Free%20From&viewAll=department&page=,£1.50,£1.50/100g,,,/groceries/en-GB/products/289705902,https://digitalcontent.api.tesco.com/v2/media/ghs/8e473cc0-c19b-4b67-a534-f7871d0452fe/d8e92d44-ed33-4aca-a577-cb56ccedecdb_2046868141.jpeg?h=225&w=225,
297609333,Moma Porridge Almond Butter & Salted Caramel 55G,https://www.tesco.com/groceries/en-GB/shop/food-cupboard/all?department=Free%20From&viewAll=department&page=,£1.15,£2.10/100g,,,/groceries/en-GB/products/297609333,https://digitalcontent.api.tesco.com/v2/media/ghs/8b4f02db-d7c3-47aa-bd8e-f6941a01daa6/33f3c0c2-5a76-44cf-a92d-1d51d6e21813_1132326740.jpeg?h=225&w=225,
299668967,Natures Store Dark Chocolate Rice Cakes 100G,https://www.tesco.com/groceries/en-GB/shop/food-cupboard/all?department=Free%20From&viewAll=department&page=,£1.50,£1.50/100g,,,/groceries/en-GB/products/299668967,https://digitalcontent.api.tesco.com/v2/media/ghs/1bb9c52e-f651-4b07-9282-0f575c5d67d5/a76eb401-cfeb-451d-b6e6-2225499c597d_1322688586.jpeg?h=225&w=225,
268583267,Tesco Free From Cornflakes Cereal 300G,https://www.tesco.com/groceries/en-GB/shop/food-cupboard/all?department=Free%20From&viewAll=department&page=,£1.50,£0.50/100g,,,/groceries/en-GB/products/268583267,https://digitalcontent.api.tesco.com/v2/media/ghs/f09c89f6-7d6a-421e-bfbe-c7936faf9a08/40cb329c-8502-4c40-ac6b-5b681a655215_2038737611.jpeg?h=225&w=225,
300884502,Tesco Free From Chilli & Lime Tortillas 200G,https://www.tesco.com/groceries/en-GB/shop/food-cupboard/all?department=Free%20From&viewAll=department&page=,£1.00,£0.50/100g,,,/groceries/en-GB/products/300884502,https://digitalcontent.api.tesco.com/v2/media/ghs/3dd026de-882f-4740-becd-e783f8e47da9/95a91c38-aa36-4cd3-b1f8-069a04883ca6_1964594233.jpeg?h=225&w=225,
306809561,Tesco Free From Chocolate Christmas Tree's 112G,https://www.tesco.com/groceries/en-GB/shop/food-cupboard/all?department=Free%20From&viewAll=department&page=,£1.50,£1.34/100g,,,/groceries/en-GB/products/306809561,https://digitalcontent.api.tesco.com/v2/media/ghs/9f816a8f-0ddc-41c2-b0f3-ca9333f3fc7f/aa4bf113-7f4e-4333-b6cb-92bc450acd28_1341361679.jpeg?h=225&w=225,
258755425,Kettle Sea Salt & Balsamic Vinegarcrisps40g,https://www.tesco.com/groceries/en-GB/shop/food-cupboard/all?department=Free%20From&viewAll=department&page=,£0.90,£2.25/100g,"£3.40 Meal Deal Clubcard Price £3.90 Meal Deal Regular Price - Selected Drink, Snack, Wrap, Sandwich, Roll, Pasty Or Salad",,/groceries/en-GB/products/258755425,https://digitalcontent.api.tesco.com/v2/media/ghs/af9498f3-0dec-475e-9256-64baa53a9de9/3a3fad56-5ba1-4bdd-b977-a7ab5d7cb4e1_704792089.jpeg?h=225&w=225,
300962433,Tesco Free From Batter Mix 100G,https://www.tesco.com/groceries/en-GB/shop/food-cupboard/all?department=Free%20From&viewAll=department&page=,£0.75,£7.50/kg,,,/groceries/en-GB/products/300962433,https://digitalcontent.api.tesco.com/v2/media/ghs/68799764-0e02-4ef2-864e-eba3c2e8de52/ac6e0f67-e902-42fe-b387-fa8042777d64_1673930311.jpeg?h=225&w=225,
303666278,Nomo Free From Caramel & Sea Salt Chocolate Bar 38G,https://www.tesco.com/groceries/en-GB/shop/food-cupboard/all?department=Free%20From&viewAll=department&page=,£0.90,£2.37/100g,,,/groceries/en-GB/products/303666278,https://digitalcontent.api.tesco.com/v2/media/ghs/e7e72b82-81a8-4c0f-a42b-7fb2a241deb0/54bcc5c4-7976-4f70-beac-49465896c5f6_1801490140.jpeg?h=225&w=225,
303666255,Nomo Free From Fruit Crunch Bar 32G,https://www.tesco.com/groceries/en-GB/shop/food-cupboard/all?department=Free%20From&viewAll=department&page=,£0.90,£2.82/100g,,,/groceries/en-GB/products/303666255,https://digitalcontent.api.tesco.com/v2/media/ghs/b1900e65-cea3-45b7-8a36-e6aaee976f3d/b15c1530-d5bf-4163-beb2-bc726839615f_1539512983.jpeg?h=225&w=225,
303666290,Nomo Free From Chocolate Bar 38G,https://www.tesco.com/groceries/en-GB/shop/food-cupboard/all?department=Free%20From&viewAll=department&page=,£0.90,£2.37/100g,,,/groceries/en-GB/products/303666290,https://digitalcontent.api.tesco.com/v2/media/ghs/10a047bd-924c-4779-9f49-9490446821cc/76b1bf8e-ff28-4167-ae7b-3c28374904d0_580160340.jpeg?h=225&w=225,
307148119,Moo Free Bunnycomb Mini Bar 20G,https://www.tesco.com/groceries/en-GB/shop/food-cupboard/all?department=Free%20From&viewAll=department&page=,£0.60,£3.00/100g,,,/groceries/en-GB/products/307148119,https://digitalcontent.api.tesco.com/v2/media/ghs/91292040-1e20-4705-be26-d754c1838d57/72c829fc-5dc8-44a5-a330-6edd25c5d7c3_802862426.jpeg?h=225&w=225,
307158885,Moo Free Original Mini Bar 20G,https://www.tesco.com/groceries/en-GB/shop/food-cupboard/all?department=Free%20From&viewAll=department&page=,£0.60,£3.00/100g,,,/groceries/en-GB/products/307158885,https://digitalcontent.api.tesco.com/v2/media/ghs/a2200988-a19c-416b-bf1a-c3e9e72cc01e/c03daf09-b750-4f63-bd10-47d1778d3682_1719430884.jpeg?h=225&w=225,
267279176,Tesco Free From Chocolate & Crispie Bar 30G,https://www.tesco.com/groceries/en-GB/shop/food-cupboard/all?department=Free%20From&viewAll=department&page=,£0.50,£1.67/100g,,,/groceries/en-GB/products/267279176,https://digitalcontent.api.tesco.com/v2/media/ghs/8ebf3199-0a96-4ccd-a4c0-52aaad89e948/144e7fc8-bfc4-423b-b9d0-20d894d60319_1733541540.jpeg?h=225&w=225,
292339182,Tesco Free From White Chocolate Bar 35G,https://www.tesco.com/groceries/en-GB/shop/food-cupboard/all?department=Free%20From&viewAll=department&page=,£0.50,£1.43/100g,,,/groceries/en-GB/products/292339182,https://digitalcontent.api.tesco.com/v2/media/ghs/78e0bfe3-87a7-4cde-a15f-3eb49726c6bc/edf497af-c042-45b1-ac46-e41a5dcb7687_560639915.jpeg?h=225&w=225,
287547213,Tesco Free From Korma Cooking Sauce 500G,https://www.tesco.com/groceries/en-GB/shop/food-cupboard/all?department=Free%20From&viewAll=department&page=,£1.00,£0.20/100g,,,/groceries/en-GB/products/287547213,https://digitalcontent.api.tesco.com/v2/media/ghs/b069f931-37ce-4e5d-baf7-11ff09b43979/67b7fc9c-9727-4add-9adf-3bf0e5cfee02_1265783310.jpeg?h=225&w=225,
289842275,Nutribrex Gluten Free Cereal 375G,https://www.tesco.com/groceries/en-GB/shop/food-cupboard/all?department=Free%20From&viewAll=department&page=,£3.80,£1.02/100g,,,/groceries/en-GB/products/289842275,https://digitalcontent.api.tesco.com/v2/media/ghs/da12b673-b7fc-446b-bc1d-77e18f7516b2/a51b5450-4b4b-4670-b8f6-7afbe1d490ef_77829091.jpeg?h=225&w=225,
299445102,Bfree Demi Baguette 2 Pack 220G,https://www.tesco.com/groceries/en-GB/shop/food-cupboard/all?department=Free%20From&viewAll=department&page=,£3.10,£1.41/100g,,,/groceries/en-GB/products/299445102,https://digitalcontent.api.tesco.com/v2/media/ghs/731cbf99-8933-4437-b630-bfb0ce64f32e/8eac5170-9071-4ee7-a23c-a86dbc72a8ea_1502554198.jpeg?h=225&w=225,
274049483,Bfree Brown Seeded Bloomer High Fibre 400G,https://www.tesco.com/groceries/en-GB/shop/food-cupboard/all?department=Free%20From&viewAll=department&page=,£3.15,£0.79/100g,,,/groceries/en-GB/products/274049483,https://digitalcontent.api.tesco.com/v2/media/ghs/159aae68-20f7-4083-8742-351c91d87e59/eb47fd95-6bd9-4f07-b7fb-35727847738c.jpeg?h=225&w=225,
304791663,Schar Gluten Free Curvies Original 170G,https://www.tesco.com/groceries/en-GB/shop/food-cupboard/all?department=Free%20From&viewAll=department&page=,£2.70,£1.59/100g,,,/groceries/en-GB/products/304791663,https://digitalcontent.api.tesco.com/v2/media/ghs/cec0a843-cdea-4749-9d4e-aaf41f17e800/79600c17-cd5d-40a7-92ea-168e981aa91e_158602328.jpeg?h=225&w=225,
310159079,Plenish Organic & Unsweetened Coconut Milk 1L,https://www.tesco.com/groceries/en-GB/shop/food-cupboard/all?department=Free%20From&viewAll=department&page=,£2.00,£2.00/litre,,,/groceries/en-GB/products/310159079,https://digitalcontent.api.tesco.com/v2/media/ghs/eea635a1-d282-49d3-9904-afa1a05b90b7/c2be4390-2a8a-4df0-bc62-6e3947ce9a67.jpeg?h=225&w=225,
309189620,Pulsin Fibre Brownie Peanut Chocolate Chip 4X35g,https://www.tesco.com/groceries/en-GB/shop/food-cupboard/all?department=Free%20From&viewAll=department&page=,£2.50,£1.79/100g,,,/groceries/en-GB/products/309189620,https://digitalcontent.api.tesco.com/v2/media/ghs/d0d60af7-c6b9-4b9b-a2ac-0817b97bb8c6/04c1b6c9-9e36-4895-ba5f-8e11f83b5e80_1778360188.jpeg?h=225&w=225,
310119415,Nature's Path Gluten Free Mixed Berries & Yogurt 300G,https://www.tesco.com/groceries/en-GB/shop/food-cupboard/all?department=Free%20From&viewAll=department&page=,£3.00,£1.00/100g DR.WT,,,/groceries/en-GB/products/310119415,https://digitalcontent.api.tesco.com/v2/media/ghs/d11acfd0-eb4e-46cd-b96e-a1e234cc66b8/0949c939-28e0-49c5-8813-815be11f08cd_1997484613.jpeg?h=225&w=225,
297557020,Deliciously Ella Apple And Raisin Oat Bar 50G X 3,https://www.tesco.com/groceries/en-GB/shop/food-cupboard/all?department=Free%20From&viewAll=department&page=,£2.50,£1.67/100g,£2.00 Clubcard Price,,/groceries/en-GB/products/297557020,https://digitalcontent.api.tesco.com/v2/media/ghs/c49f7ba4-3663-45de-b8a0-5b5f97badf1e/3b73b3a9-a407-4d48-8fe1-28867d64c31e_975600706.jpeg?h=225&w=225,
297609673,Paxo Sage & Onion Gluten Free Stuffing Mix 150G,https://www.tesco.com/groceries/en-GB/shop/food-cupboard/all?department=Free%20From&viewAll=department&page=,£2.60,£1.74/100g,,,/groceries/en-GB/products/297609673,https://digitalcontent.api.tesco.com/v2/media/ghs/2f4b4f5d-9426-48d0-a09c-e0ee65ad07d5/942c3fb0-0609-4605-bccd-8f9f82c7c533_912800.jpeg?h=225&w=225,
286069135,Genius Blueberry Muffin 2 Pack,https://www.tesco.com/groceries/en-GB/shop/food-cupboard/all?department=Free%20From&viewAll=department&page=,£2.00,£1.00/each,£1.75 Clubcard Price,,/groceries/en-GB/products/286069135,https://digitalcontent.api.tesco.com/v2/media/ghs/0694eb5c-3762-49f4-9fa2-82c917544908/23b1046f-6256-4656-a1dc-e224e5583d08.jpeg?h=225&w=225,
291559003,Trek Flapjack Original Oat 50G 3 Pack,https://www.tesco.com/groceries/en-GB/shop/food-cupboard/all?department=Free%20From&viewAll=department&page=,£2.75,£1.84/100g,£2.00 Clubcard Price,,/groceries/en-GB/products/291559003,https://digitalcontent.api.tesco.com/v2/media/ghs/eef13b53-0c0e-431c-9ee1-79f5d3cc6d36/0c9c36af-92f4-42bd-b6a8-973629851876_1660248817.jpeg?h=225&w=225,
291558822,Trek Flapjack Cocoa Coconut 50G 3Pack,https://www.tesco.com/groceries/en-GB/shop/food-cupboard/all?department=Free%20From&viewAll=department&page=,£2.75,£1.84/100g,£2.00 Clubcard Price,,/groceries/en-GB/products/291558822,https://digitalcontent.api.tesco.com/v2/media/ghs/830ec997-ea3b-4801-ab57-e198b3646565/b00747f4-216f-43f8-a0b2-e648d2e8f98c_681245602.jpeg?h=225&w=225,
307138229,Trek Smooth Lemon Protein Flapjacks 3X50g,https://www.tesco.com/groceries/en-GB/shop/food-cupboard/all?department=Free%20From&viewAll=department&page=,£2.75,£1.84/100g,£2.00 Clubcard Price,,/groceries/en-GB/products/307138229,https://digitalcontent.api.tesco.com/v2/media/ghs/2829dbec-6886-49df-825f-a4fd1eb02383/df03b107-34e2-436b-b45b-fdc8c3786845_624748515.jpeg?h=225&w=225,
297609736,Bisto Gluten Free Gravy Granules 175G,https://www.tesco.com/groceries/en-GB/shop/food-cupboard/all?department=Free%20From&viewAll=department&page=,£3.60,£2.06/100g,,,/groceries/en-GB/products/297609736,https://digitalcontent.api.tesco.com/v2/media/ghs/1f2b55ce-a366-4cb3-b779-6033d88d3ac1/e11759c7-fbee-46cf-bddf-d57a734ef526_487354789.jpeg?h=225&w=225,
278437236,Tesco Finest Free From Dark Chocolate Ginger Cookies 150G,https://www.tesco.com/groceries/en-GB/shop/food-cupboard/all?department=Free%20From&viewAll=department&page=,£2.00,£1.34/100g,,,/groceries/en-GB/products/278437236,https://digitalcontent.api.tesco.com/v2/media/ghs/8dd93fa0-7ba1-4b78-a3b8-0d500ebcab1a/0f282c41-a900-4fc1-84a8-37554c67f385.jpeg?h=225&w=225,
304401389,Good Hemp Creamy Seed Drink 1 Litre,https://www.tesco.com/groceries/en-GB/shop/food-cupboard/all?department=Free%20From&viewAll=department&page=,£1.65,£1.65/litre,,,/groceries/en-GB/products/304401389,https://digitalcontent.api.tesco.com/v2/media/ghs/3d3ad39f-3bfb-44e8-8728-43f74e4a5145/42f87d4a-17df-45dc-9378-0fc1b07c6ab4.jpeg?h=225&w=225,
307159008,Naked Free From Katsu Curry Long Grain Rice 78G,https://www.tesco.com/groceries/en-GB/shop/food-cupboard/all?department=Free%20From&viewAll=department&page=,£1.30,£16.67/kg,,,/groceries/en-GB/products/307159008,https://digitalcontent.api.tesco.com/v2/media/ghs/305a5077-639a-4747-ae47-64186743f253/72107a8a-c868-4a6a-8704-9c9b8ee32b86_1147562317.jpeg?h=225&w=225,
308105313,Mighty Pea M.Lk Unsweetened Milk Alternative 1 Litre,https://www.tesco.com/groceries/en-GB/shop/food-cupboard/all?department=Free%20From&viewAll=department&page=,£2.00,£2.00/litre,,,/groceries/en-GB/products/308105313,https://digitalcontent.api.tesco.com/v2/media/ghs/479ea33a-6231-432c-a0af-3aecbebe03db/f0f9490a-74e0-47d4-9a62-ba9fb70888e9.jpeg?h=225&w=225,
309458734,Schar Gluten Free Spekulatius Spiced Biscuits 100G,https://www.tesco.com/groceries/en-GB/shop/food-cupboard/all?department=Free%20From&viewAll=department&page=,£1.50,£1.50/100g,,,/groceries/en-GB/products/309458734,https://digitalcontent.api.tesco.com/v2/media/ghs/60f77f32-b42d-4498-b2f4-f43d1b897592/6a89b6b1-ec56-4095-87c5-0068e251d3dc_1586132466.jpeg?h=225&w=225,
266197065,Genius White Free From Rolls 4 Pack,https://www.tesco.com/groceries/en-GB/shop/food-cupboard/all?department=Free%20From&viewAll=department&page=,£2.20,£0.55/each,,,/groceries/en-GB/products/266197065,https://digitalcontent.api.tesco.com/v2/media/ghs/d167ea00-cac9-4b5f-8574-94c9583c8ec2/6467efb1-7eab-43c5-802e-8ca56493762d.jpeg?h=225&w=225,
310120997,Tesco Free From 4 Iced Topped Mince Pies 225G,https://www.tesco.com/groceries/en-GB/shop/food-cupboard/all?department=Free%20From&viewAll=department&page=,£1.85,£0.82/100g,,,/groceries/en-GB/products/310120997,https://digitalcontent.api.tesco.com/v2/media/ghs/4c1ca8da-2582-4df5-9073-05432a1cf0dc/6ce66bdc-63a3-4598-80eb-08d5682c004d_1508490913.jpeg?h=225&w=225,
302315166,Schar Gluten Free Melto Chocolate Bar 30G,https://www.tesco.com/groceries/en-GB/shop/food-cupboard/all?department=Free%20From&viewAll=department&page=,£1.00,£3.34/100g,,,/groceries/en-GB/products/302315166,https://digitalcontent.api.tesco.com/v2/media/ghs/20eabdf3-cdba-4550-af00-3ae212cbbf0b/3ba5a494-4b2d-482f-84b1-cabaf4e1423a_1778927473.jpeg?h=225&w=225,
256682675,Tesco Free From Bramley Apple Pies 4 Pack,https://www.tesco.com/groceries/en-GB/shop/food-cupboard/all?department=Free%20From&viewAll=department&page=,£2.00,£0.50/each,,,/groceries/en-GB/products/256682675,https://digitalcontent.api.tesco.com/v2/media/ghs/ff48e2fc-f240-43a8-bba7-e788255bad0f/2f613ef4-6f38-4985-88c6-a8acf9058018.jpeg?h=225&w=225,
282622351,Tesco Finest Free From Oat & Raisin Cookies 150G,https://www.tesco.com/groceries/en-GB/shop/food-cupboard/all?department=Free%20From&viewAll=department&page=,£2.00,£1.34/100g,,,/groceries/en-GB/products/282622351,https://digitalcontent.api.tesco.com/v2/media/ghs/d0fb7ed0-fca5-4aed-acc1-c68ac2e79ab4/15e5f239-da01-4638-88a5-a893cc42e816_1294953473.jpeg?h=225&w=225,
301210003,Tesco Free From Cookies & Cream Biscuits 160G,https://www.tesco.com/groceries/en-GB/shop/food-cupboard/all?department=Free%20From&viewAll=department&page=,£1.40,£0.88/100g,,,/groceries/en-GB/products/301210003,https://digitalcontent.api.tesco.com/v2/media/ghs/25efdb2d-11e0-4d7c-98b7-a0a6ce18deca/d93972a2-8295-4506-b7c9-479d9d11a160_1486628998.jpeg?h=225&w=225,
307135618,Trek Power Millionaire Shortbread Bar 55G,https://www.tesco.com/groceries/en-GB/shop/food-cupboard/all?department=Free%20From&viewAll=department&page=,£1.75,£3.19/100g,£1.50 Clubcard Price,,/groceries/en-GB/products/307135618,https://digitalcontent.api.tesco.com/v2/media/ghs/98e122b3-0ccc-4204-9e33-841a5e7df7be/fd1361f9-cbe4-4de6-b113-eb517f931204_557445856.jpeg?h=225&w=225,
309496187,Tesco Free From Chocolate Selection Box 120G,https://www.tesco.com/groceries/en-GB/shop/food-cupboard/all?department=Free%20From&viewAll=department&page=,£3.00,£2.50/100g,,,/groceries/en-GB/products/309496187,https://digitalcontent.api.tesco.com/v2/media/ghs/2158f439-2c00-4232-8163-3a81bb60bb76/991ab94b-6960-41c6-aea2-bbd9a84287db_425994752.jpeg?h=225&w=225,
295432072,Old Speckled Hen Gluten Free 500Ml,https://www.tesco.com/groceries/en-GB/shop/food-cupboard/all?department=Free%20From&viewAll=department&page=,£2.00,£4.00/litre,,,/groceries/en-GB/products/295432072,https://digitalcontent.api.tesco.com/v2/media/ghs/c7309877-93af-455d-b337-60b30da6a3f1/394a385c-1202-4116-a9ac-c0b59e081ce7_616182802.jpeg?h=225&w=225,
280569238,Nature's Store Free From Chocolate Orange Rice Cake 100G,https://www.tesco.com/groceries/en-GB/shop/food-cupboard/all?department=Free%20From&viewAll=department&page=,£1.50,£1.50/100g,,,/groceries/en-GB/products/280569238,https://digitalcontent.api.tesco.com/v2/media/ghs/2f7e47a3-33bd-4cff-baad-f4f812af251e/cb3ede34-8450-463a-9378-7e0b59a81480_920068796.jpeg?h=225&w=225,
293171901,Tesco Free From Curry Noodle Pot 74G,https://www.tesco.com/groceries/en-GB/shop/food-cupboard/all?department=Free%20From&viewAll=department&page=,£1.25,£1.69/100g,,,/groceries/en-GB/products/293171901,https://digitalcontent.api.tesco.com/v2/media/ghs/b6a03967-4381-4d94-b006-a9dccec19028/f8e03102-3817-4b37-a82e-04a99384521a_900898043.jpeg?h=225&w=225,
297754753,Tesco Free From Rice Snaps 300G,https://www.tesco.com/groceries/en-GB/shop/food-cupboard/all?department=Free%20From&viewAll=department&page=,£1.50,£0.50/100g,,,/groceries/en-GB/products/297754753,https://digitalcontent.api.tesco.com/v2/media/ghs/e03ef9c1-9d6a-43c7-805c-2d212c70c2f1/7be0c969-3eee-45cd-a384-0e3cff0e614d_1462634904.jpeg?h=225&w=225,
304389996,Tesco Free From Cheese Flavour Balls 150G,https://www.tesco.com/groceries/en-GB/shop/food-cupboard/all?department=Free%20From&viewAll=department&page=,£1.05,£0.70/100g,,,/groceries/en-GB/products/304389996,https://digitalcontent.api.tesco.com/v2/media/ghs/83ad9a2f-3b52-4361-8ca7-32fbff4d592d/f1cf9c9c-c477-47be-b846-55f1fdf87c6f_453087073.jpeg?h=225&w=225,
301440859,The Free From Kitchen Co. Advent Calendar 93G,https://www.tesco.com/groceries/en-GB/shop/food-cupboard/all?department=Free%20From&viewAll=department&page=,£2.00,£2.16/100g,,,/groceries/en-GB/products/301440859,https://digitalcontent.api.tesco.com/v2/media/ghs/b1c06088-c63c-4053-90e6-03903f0feef1/13076c8d-3a8a-4cc6-8fca-b95aeeba9bc9_1386424398.jpeg?h=225&w=225,
308109689,Tesco Free From 4 Chocolate Cupcakes,https://www.tesco.com/groceries/en-GB/shop/food-cupboard/all?department=Free%20From&viewAll=department&page=,£2.30,£0.58/each,,,/groceries/en-GB/products/308109689,https://digitalcontent.api.tesco.com/v2/media/ghs/0346d224-1b8b-418e-9cf8-3d24ba4edb21/71289b12-a72e-45d0-99ed-56b5d10e3e28.jpeg?h=225&w=225,
307149372,Moo Free White Mini Bar 20G,https://www.tesco.com/groceries/en-GB/shop/food-cupboard/all?department=Free%20From&viewAll=department&page=,£0.60,£3.00/100g,,,/groceries/en-GB/products/307149372,https://digitalcontent.api.tesco.com/v2/media/ghs/b480af07-3cae-47ca-ac7a-a4345b251a5a/3b2b962f-9834-4c64-8b55-41c45c84d19f_208676065.jpeg?h=225&w=225,
308857049,Buttermilk Plant Vegan Chocolate Peanut Nougat Bar 50G,https://www.tesco.com/groceries/en-GB/shop/food-cupboard/all?department=Free%20From&viewAll=department&page=,£1.50,£3.00/100g,,,/groceries/en-GB/products/308857049,https://digitalcontent.api.tesco.com/v2/media/ghs/1a62811f-2ba1-4c58-9b58-10bfb62979cf/8afa6ca6-c151-4e24-b040-4dce822fee05_523158420.jpeg?h=225&w=225,
282458361,Tesco Free From Tagliatelle 250G,https://www.tesco.com/groceries/en-GB/shop/food-cupboard/all?department=Free%20From&viewAll=department&page=,£1.10,£4.40/kg,,,/groceries/en-GB/products/282458361,https://digitalcontent.api.tesco.com/v2/media/ghs/abe026a7-bcf3-4e65-8e86-c848ce7e67bc/ce004058-42c6-42ae-a72c-c9c392504d4a_2094481397.jpeg?h=225&w=225,
303175323,Tesco Free From Christmas Pudding 400G,https://www.tesco.com/groceries/en-GB/shop/food-cupboard/all?department=Free%20From&viewAll=department&page=,£3.75,£0.94/100g,,,/groceries/en-GB/products/303175323,https://digitalcontent.api.tesco.com/v2/media/ghs/48e32b49-2387-4500-ace7-738781075d11/57bdf495-1ad6-481c-928c-82f850d02867_1575357570.jpeg?h=225&w=225,
302287987,Eat Natural Gluten Free Granola Buckwheat Seeds & Honey 425G,https://www.tesco.com/groceries/en-GB/shop/food-cupboard/all?department=Free%20From&viewAll=department&page=,£3.20,£0.75/100g,,,/groceries/en-GB/products/302287987,https://digitalcontent.api.tesco.com/v2/media/ghs/18813d0e-ef61-43bf-93f2-442353aa3ba4/b8ce8953-8677-4103-ab6e-22839fd0baaf_1771608005.jpeg?h=225&w=225,
308451115,Kind Protein Crunchy Peanut Butter Bars 3X42g,https://www.tesco.com/groceries/en-GB/shop/food-cupboard/all?department=Free%20From&viewAll=department&page=,£3.00,£2.39/100g,,,/groceries/en-GB/products/308451115,https://digitalcontent.api.tesco.com/v2/media/ghs/7bd0485a-bd97-4ec2-b459-bc9a32cb81c3/e8938525-1cd0-4419-b585-e1a44ae84063_948380005.jpeg?h=225&w=225,
303629755,Tesco Finest Free From Millionaire Slices 4 Pack,https://www.tesco.com/groceries/en-GB/shop/food-cupboard/all?department=Free%20From&viewAll=department&page=,£3.00,£0.75/each,,,/groceries/en-GB/products/303629755,https://digitalcontent.api.tesco.com/v2/media/ghs/c4f7bc58-5642-4ae3-9e0f-8d46c0bba69c/f453f8a6-3951-45cb-a94d-b4ad39836440_1424757526.jpeg?h=225&w=225,
311260521,Deliciously Ella Nutty Granola 380G,https://www.tesco.com/groceries/en-GB/shop/food-cupboard/all?department=Free%20From&viewAll=department&page=,£3.80,£1.00/100g,,,/groceries/en-GB/products/311260521,https://digitalcontent.api.tesco.com/v2/media/ghs/c12f3846-a75e-4f85-bc50-48c9b3dbbd14/d8d27120-6cf1-4748-b1dc-1d216bddda43_426477691.jpeg?h=225&w=225,
311206132,Deliciously Ella Original Granola 400G,https://www.tesco.com/groceries/en-GB/shop/food-cupboard/all?department=Free%20From&viewAll=department&page=,£3.80,£0.95/100g,,,/groceries/en-GB/products/311206132,https://digitalcontent.api.tesco.com/v2/media/ghs/07460e5f-daba-4e94-ab4a-f68b9afe1ed2/e22ab825-f79f-4462-8b9e-182f8a419644_1543310145.jpeg?h=225&w=225,
297707332,Barilla Gluten Free Spaghetti 400G,https://www.tesco.com/groceries/en-GB/shop/food-cupboard/all?department=Free%20From&viewAll=department&page=,£2.60,£6.50/kg,,,/groceries/en-GB/products/297707332,https://digitalcontent.api.tesco.com/v2/media/ghs/de616877-8702-4c61-a4c0-6ed203e2c5cf/bb457d8f-1f23-4ce3-90d0-f452709150c4_1682856696.jpeg?h=225&w=225,
293216458,Quaker Oat So Simple Gluten Free Original Porridge 10 Pack 350G,https://www.tesco.com/groceries/en-GB/shop/food-cupboard/all?department=Free%20From&viewAll=department&page=,£3.20,£0.92/100g,,,/groceries/en-GB/products/293216458,https://digitalcontent.api.tesco.com/v2/media/ghs/21abd910-4359-4de1-9a43-97ab5a0094e2/cb57ca4c-67b9-4693-a172-bc3ba6e8caeb_271945225.jpeg?h=225&w=225,
299384657,Warburtons White Thins Gluten Free 4 Pack 200G,https://www.tesco.com/groceries/en-GB/shop/food-cupboard/all?department=Free%20From&viewAll=department&page=,£2.70,£1.35/100g,,,/groceries/en-GB/products/299384657,https://digitalcontent.api.tesco.com/v2/media/ghs/6e850a9e-eac7-4272-9bb3-d1d1f5e2f1b1/cdb617a7-532a-4658-b778-727229f1fa29.jpeg?h=225&w=225,
293672920,Bfree Sweet Potato Gluten Free Wrap 6X42g,https://www.tesco.com/groceries/en-GB/shop/food-cupboard/all?department=Free%20From&viewAll=department&page=,£3.50,£1.39/100g,,,/groceries/en-GB/products/293672920,https://digitalcontent.api.tesco.com/v2/media/ghs/df975413-41b6-4901-b5a4-fc277669c481/5894de60-c52d-4bb0-8ecb-eeedf32ea596_924829095.jpeg?h=225&w=225,
296481300,Sweet Freedom Chocolate Pot 250G Chocolate Spread,https://www.tesco.com/groceries/en-GB/shop/food-cupboard/all?department=Free%20From&viewAll=department&page=,£3.00,£1.20/100g,,,/groceries/en-GB/products/296481300,https://digitalcontent.api.tesco.com/v2/media/ghs/fdd8d3d4-8d86-4c7b-aefb-91e2fa29de6a/9b9fbcea-f4c4-4a19-8642-068e3b8ae427_227606982.jpeg?h=225&w=225,
265970960,Daura Damm Gluten Free 4 Pack X 330Ml,https://www.tesco.com/groceries/en-GB/shop/food-cupboard/all?department=Free%20From&viewAll=department&page=,£6.00,£4.55/litre,£5.00 Clubcard Price,,/groceries/en-GB/products/265970960,https://digitalcontent.api.tesco.com/v2/media/ghs/a2408d8e-8a30-4da7-8d9c-f073a748a56b/92489842-0c88-478a-be35-030f26cd5d8a_394720776.jpeg?h=225&w=225,
304384310,Nairns Gluten Free Oatbar Mixed Seeds & Protein 160G,https://www.tesco.com/groceries/en-GB/shop/food-cupboard/all?department=Free%20From&viewAll=department&page=,£2.60,£1.63/100g,,,/groceries/en-GB/products/304384310,https://digitalcontent.api.tesco.com/v2/media/ghs/b20d4fd1-61ab-4e85-b289-e4b819f792f7/6afc64db-c739-4d4b-af90-bfd99ea1aeff_1159097619.jpeg?h=225&w=225,
293216343,Quaker Oat So Simple Gluten Free Original Porridge 510G,https://www.tesco.com/groceries/en-GB/shop/food-cupboard/all?department=Free%20From&viewAll=department&page=,£3.00,£0.59/100g,,,/groceries/en-GB/products/293216343,https://digitalcontent.api.tesco.com/v2/media/ghs/a208d14a-16a3-43d5-b2a8-874a017ccf68/aa903b50-3477-4ea8-9768-240c7abab72e_342176973.jpeg?h=225&w=225,
293199713,Trek Energy Peanut Power Multipack 3X55g,https://www.tesco.com/groceries/en-GB/shop/food-cupboard/all?department=Free%20From&viewAll=department&page=,£2.75,£1.67/100g,,,/groceries/en-GB/products/293199713,https://digitalcontent.api.tesco.com/v2/media/ghs/f4841852-3a49-406e-b32b-cd2359cbffad/4f648184-a504-4568-b793-a0c8c6e4bb1b_909282059.jpeg?h=225&w=225,
303617280,Tesco Free From Lemon Loaf Cake,https://www.tesco.com/groceries/en-GB/shop/food-cupboard/all?department=Free%20From&viewAll=department&page=,£2.50,£2.50/each,,,/groceries/en-GB/products/303617280,https://digitalcontent.api.tesco.com/v2/media/ghs/40d28536-5619-4fff-83a4-9b45afb6b6ac/d7625de8-65ef-4536-8c6e-29cb914a87f0.jpeg?h=225&w=225,
305949534,Tesco Free From 2 Sultana Scones,https://www.tesco.com/groceries/en-GB/shop/food-cupboard/all?department=Free%20From&viewAll=department&page=,£2.20,£1.10/each,,,/groceries/en-GB/products/305949534,https://digitalcontent.api.tesco.com/v2/media/ghs/ba4449c4-eac8-468e-855c-3f7ad662d5db/dc9b6151-db69-46c3-b099-fa941cee4d54.jpeg?h=225&w=225,
309185289,Pulsin High Fibre Brownie Hazelnut 4X35g,https://www.tesco.com/groceries/en-GB/shop/food-cupboard/all?department=Free%20From&viewAll=department&page=,£2.50,£1.79/100g,,,/groceries/en-GB/products/309185289,https://digitalcontent.api.tesco.com/v2/media/ghs/28188f92-4562-4cc1-a582-b69c20ddafd4/57614088-0480-493f-b7cc-05e903de276d_1712654608.jpeg?h=225&w=225,
292832035,Mrs Crimble's Classic Madeleine 180G,https://www.tesco.com/groceries/en-GB/shop/food-cupboard/all?department=Free%20From&viewAll=department&page=,£2.30,£1.28/100g,£2.00 Clubcard Price,,/groceries/en-GB/products/292832035,https://digitalcontent.api.tesco.com/v2/media/ghs/739d053a-be33-4a77-b23d-6d21eaa2207f/561d898c-8283-4dda-becb-612b76ef9208_1393532911.jpeg?h=225&w=225,
297754776,Nakd Apple Danish Bar 4X30g Mpk,https://www.tesco.com/groceries/en-GB/shop/food-cupboard/all?department=Free%20From&viewAll=department&page=,£2.75,£2.30/100g,£2.00 Clubcard Price,,/groceries/en-GB/products/297754776,https://digitalcontent.api.tesco.com/v2/media/ghs/7e33aee6-7063-43c3-ad4e-99ec85f7989d/51ee000f-67a8-4dcf-b3b5-0234dd600cf3_1858143018.jpeg?h=225&w=225,
293318378,Well & Truly Crunchy Cheese Sticks 100G,https://www.tesco.com/groceries/en-GB/shop/food-cupboard/all?department=Free%20From&viewAll=department&page=,£2.00,£2.00/100g,,,/groceries/en-GB/products/293318378,https://digitalcontent.api.tesco.com/v2/media/ghs/e6a1228d-7c28-47cd-8b02-863921c92549/5153eec6-8e22-491c-b7de-cb72884e5789_339381716.jpeg?h=225&w=225,
311429337,Nomo Vegan & Free From Chocolate Orange Crunch Bar 82G,https://www.tesco.com/groceries/en-GB/shop/food-cupboard/all?department=Free%20From&viewAll=department&page=,£2.00,£2.44/100g,,,/groceries/en-GB/products/311429337,https://digitalcontent.api.tesco.com/v2/media/ghs/c10a8230-13b1-4526-baab-3bdc03efb59f/b447a2ac-0572-4976-a74f-9355e3365332_1043316306.jpeg?h=225&w=225,
309183429,Wunda Original Plant Based Alternative Milk 950Ml,https://www.tesco.com/groceries/en-GB/shop/food-cupboard/all?department=Free%20From&viewAll=department&page=,£1.90,£2.00/litre,£1.50 Clubcard Price,,/groceries/en-GB/products/309183429,https://digitalcontent.api.tesco.com/v2/media/ghs/35b9ff50-4cbb-468d-9858-6b51f51f4df4/1b4ff426-b530-4d6c-b2f2-f08d9ceec0d4.jpeg?h=225&w=225,
311269713,Hippeas Chickpea Puff Snacks Sweet & Smokin 5X15g,https://www.tesco.com/groceries/en-GB/shop/food-cupboard/all?department=Free%20From&viewAll=department&page=,£2.00,£2.67/100g,,,/groceries/en-GB/products/311269713,https://digitalcontent.api.tesco.com/v2/media/ghs/69793298-15cd-40b1-a00c-7db447023599/2d2db78a-0cce-4d73-8f02-3ed6a9047cd7_838603634.jpeg?h=225&w=225,
308099152,Mighty Pea M.Lk Milk Alternative 1 Litre,https://www.tesco.com/groceries/en-GB/shop/food-cupboard/all?department=Free%20From&viewAll=department&page=,£2.00,£2.00/litre,,,/groceries/en-GB/products/308099152,https://digitalcontent.api.tesco.com/v2/media/ghs/b8531918-b6ba-47a7-b3f2-c4838eeed608/d73e51fe-f2e3-47f8-ac9d-fd2fb0129c03.jpeg?h=225&w=225,
311448162,Hippeas Chickpea Puff Snacks Salt & Vinegar 5X15g,https://www.tesco.com/groceries/en-GB/shop/food-cupboard/all?department=Free%20From&viewAll=department&page=,£2.00,£2.67/100g,,,/groceries/en-GB/products/311448162,https://digitalcontent.api.tesco.com/v2/media/ghs/63364975-d699-4358-a878-ed5f4b4fdb38/1c162c05-147b-4f9f-b2d3-e35a14935374_214366936.jpeg?h=225&w=225,
307142609,Nomo No Missing Out Advent Calendar 96G,https://www.tesco.com/groceries/en-GB/shop/food-cupboard/all?department=Free%20From&viewAll=department&page=,£4.00,£4.17/100g,£3.50 Clubcard Price,,/groceries/en-GB/products/307142609,https://digitalcontent.api.tesco.com/v2/media/ghs/1c611df5-a746-4d64-8847-f3f5532d525e/089867c5-a86f-4e5b-8f4c-a2afce4e2417_472242462.jpeg?h=225&w=225,
304792063,Deliciously Ella Almond Butter & Caramel Cups 36G,https://www.tesco.com/groceries/en-GB/shop/food-cupboard/all?department=Free%20From&viewAll=department&page=,£1.50,£4.17/100g,£1.00 Clubcard Price,,/groceries/en-GB/products/304792063,https://digitalcontent.api.tesco.com/v2/media/ghs/1233ef1a-0c3d-4726-8a7a-346664318a5f/a633cc7a-6062-4675-a968-3f6e638c8d7f_1141404945.jpeg?h=225&w=225,
257123599,Doves Farm Gluten Free White Bread Flour 1Kg,https://www.tesco.com/groceries/en-GB/shop/food-cupboard/all?department=Free%20From&viewAll=department&page=,£1.70,£1.70/kg,,,/groceries/en-GB/products/257123599,https://digitalcontent.api.tesco.com/v2/media/ghs/473a1a34-d990-41bc-90d4-1c89e994caf1/a8a48f86-8b53-4040-a7fe-72e0bf24d45f_234789946.jpeg?h=225&w=225,
294006918,Tesco Free From Brown Seeded Rolls 4 Pack,https://www.tesco.com/groceries/en-GB/shop/food-cupboard/all?department=Free%20From&viewAll=department&page=,£1.75,£0.44/each,,,/groceries/en-GB/products/294006918,https://digitalcontent.api.tesco.com/v2/media/ghs/0519eaf9-47b0-4517-98e9-e1ed1ce0c159/fcecf8fa-12ab-4698-96de-0be0def7365e.jpeg?h=225&w=225,
306816794,Mister Free'd Tortilla Chips Cheese 135G,https://www.tesco.com/groceries/en-GB/shop/food-cupboard/all?department=Free%20From&viewAll=department&page=,£1.80,£1.34/100g,£1.25 Clubcard Price,,/groceries/en-GB/products/306816794,https://digitalcontent.api.tesco.com/v2/media/ghs/d6c788d9-98a9-45ba-9945-058ad5861708/snapshotimagehandler_1480171418.jpeg?h=225&w=225,
307364934,Naked Free From Thai Green Curry Rice 78G,https://www.tesco.com/groceries/en-GB/shop/food-cupboard/all?department=Free%20From&viewAll=department&page=,£1.30,£1.67/100g,,,/groceries/en-GB/products/307364934,https://digitalcontent.api.tesco.com/v2/media/ghs/29cb2be3-f85b-4648-8ac1-a7683dc43b55/1e441ceb-19b1-4962-abcc-20f18340ea95_1874413219.jpeg?h=225&w=225,
304400102,Tesco Free From Orange Cookies & Cream Biscuits 192G,https://www.tesco.com/groceries/en-GB/shop/food-cupboard/all?department=Free%20From&viewAll=department&page=,£2.05,£1.07/100g,,,/groceries/en-GB/products/304400102,https://digitalcontent.api.tesco.com/v2/media/ghs/4bc4cd61-c801-4332-8a90-d7da1e66e2f5/75aea5be-cf21-4950-b72a-0d7c26c32345_971650670.jpeg?h=225&w=225,
312368174,Love Raw Vegan Milk Chocolate Cream Wafer Bar 43G,https://www.tesco.com/groceries/en-GB/shop/food-cupboard/all?department=Free%20From&viewAll=department&page=,£1.50,£3.49/100g,"£3.40 Meal Deal Clubcard Price £3.90 Meal Deal Regular Price - Selected Drink, Snack, Wrap, Sandwich, Roll, Pasty Or Salad",,/groceries/en-GB/products/312368174,https://digitalcontent.api.tesco.com/v2/media/ghs/a56a0665-4c64-4ae6-8540-d00e50ca64da/382b4118-444d-42e5-b750-28f2c40bb276_798249712.jpeg?h=225&w=225,
312983856,Love Raw Vegan White Chocolate Cream Wafer Bar 45G,https://www.tesco.com/groceries/en-GB/shop/food-cupboard/all?department=Free%20From&viewAll=department&page=,£1.50,£3.34/100g,"£3.40 Meal Deal Clubcard Price £3.90 Meal Deal Regular Price - Selected Drink, Snack, Wrap, Sandwich, Roll, Pasty Or Salad",,/groceries/en-GB/products/312983856,https://digitalcontent.api.tesco.com/v2/media/ghs/31735944-669a-414a-9eca-8163156cdd33/59990c33-0b65-4ae7-87e4-4bf72462b5dd_1230088333.jpeg?h=225&w=225,
304392571,Tesco Free From Gingerbread Men 154G,https://www.tesco.com/groceries/en-GB/shop/food-cupboard/all?department=Free%20From&viewAll=department&page=,£1.60,£1.04/100g,,,/groceries/en-GB/products/304392571,https://digitalcontent.api.tesco.com/v2/media/ghs/6329e5c3-c9bf-4346-8874-f6a7958dea9c/4e87673d-80e6-4be3-9563-355bde55ad26_1599703920.jpeg?h=225&w=225,
306496042,Moma Coconut & Chia Porridge Pot 55G,https://www.tesco.com/groceries/en-GB/shop/food-cupboard/all?department=Free%20From&viewAll=department&page=,£1.15,£2.10/100g,,,/groceries/en-GB/products/306496042,https://digitalcontent.api.tesco.com/v2/media/ghs/e9717fd5-8e01-498b-a573-6aa9b8e5f2d4/06ca79a2-d598-4130-a4be-e415e2441c15_1725402400.jpeg?h=225&w=225,
306812717,Tesco Free From Mini Chocolate Chip Cookies 5 Pack 100G,https://www.tesco.com/groceries/en-GB/shop/food-cupboard/all?department=Free%20From&viewAll=department&page=,£2.00,£2.00/100g,,,/groceries/en-GB/products/306812717,https://digitalcontent.api.tesco.com/v2/media/ghs/1ee19e03-0595-4ca1-9619-ffaaf7f1cc79/d757950a-ae17-4bce-a8c9-b3f868816300_1880974014.jpeg?h=225&w=225,
277313194,Natures Store Free From White Chocolate Rice Cakes 100G,https://www.tesco.com/groceries/en-GB/shop/food-cupboard/all?department=Free%20From&viewAll=department&page=,£1.50,£1.50/100g,,,/groceries/en-GB/products/277313194,https://digitalcontent.api.tesco.com/v2/media/ghs/e350e081-1841-4f95-9b15-ecb731df077b/d01449f9-9525-49f3-9a16-2be2c171cc55_1341772977.jpeg?h=225&w=225,
307357010,Mrs Crimble's 6 Gluten Free Coconut Macaroons 180G,https://www.tesco.com/groceries/en-GB/shop/food-cupboard/all?department=Free%20From&viewAll=department&page=,£1.40,£0.78/100g,,,/groceries/en-GB/products/307357010,https://digitalcontent.api.tesco.com/v2/media/ghs/c60d746a-ac7d-4fd7-abb0-6ca7d4a3b9f9/2466f047-1e87-43fc-8c19-963afbc08dfb_1969830633.jpeg?h=225&w=225,
307152782,Moo Free Original Santa Shaped Cocoa Bar 32G,https://www.tesco.com/groceries/en-GB/shop/food-cupboard/all?department=Free%20From&viewAll=department&page=,£0.80,£2.50/100g,,,/groceries/en-GB/products/307152782,https://digitalcontent.api.tesco.com/v2/media/ghs/7c7d43c6-119b-4688-b1c5-e063b35eea59/2e71a19f-3987-4699-93b7-eef23321da62_243983581.jpeg?h=225&w=225,
309194509,Wunda Unsweetened Plant Based Milk Alternative 950Ml,https://www.tesco.com/groceries/en-GB/shop/food-cupboard/all?department=Free%20From&viewAll=department&page=,£1.90,£2.00/litre,£1.50 Clubcard Price,,/groceries/en-GB/products/309194509,https://digitalcontent.api.tesco.com/v2/media/ghs/13746990-71a4-4409-8bd6-3e28accc1877/3cf5ddd5-137c-4d90-973f-55ad17260386.jpeg?h=225&w=225,
297461811,Tesco Free From Multigrain Hoops 300G,https://www.tesco.com/groceries/en-GB/shop/food-cupboard/all?department=Free%20From&viewAll=department&page=,£1.50,£0.50/100g,,,/groceries/en-GB/products/297461811,https://digitalcontent.api.tesco.com/v2/media/ghs/6598ad57-b75f-403e-a03e-5c98340fc6f6/69f17cd0-1e30-4c87-ba38-d02d4f6d0d80.jpeg?h=225&w=225,
297686574,Skinny Brands Lager 12X330ml,https://www.tesco.com/groceries/en-GB/shop/food-cupboard/all?department=Free%20From&viewAll=department&page=,£15.00,£3.79/litre,,,/groceries/en-GB/products/297686574,https://digitalcontent.api.tesco.com/v2/media/ghs/498ff755-a9ef-4ae4-a127-a6e571b8834a/d7b1f7d7-4283-4d5d-9acb-62d7d2869081_1726412227.jpeg?h=225&w=225,
307160075,Stella Artois Gluten Free Lager 4X330ml,https://www.tesco.com/groceries/en-GB/shop/food-cupboard/all?department=Free%20From&viewAll=department&page=,£5.50,£4.17/litre,,,/groceries/en-GB/products/307160075,https://digitalcontent.api.tesco.com/v2/media/ghs/082df06b-c8dc-4baf-9473-3b3f0eceff66/c507870e-f11d-4ae7-89e1-e0b873a28f90_1512943190.jpeg?h=225&w=225,
304382491,Nairn's Gluten Free Savoury Biscuit Selection 235G,https://www.tesco.com/groceries/en-GB/shop/food-cupboard/all?department=Free%20From&viewAll=department&page=,£3.75,£1.60/100g,,,/groceries/en-GB/products/304382491,https://digitalcontent.api.tesco.com/v2/media/ghs/7e563d5d-7b10-467f-aa77-7ad04af6e691/snapshotimagehandler_107403644.jpeg?h=225&w=225,
297707286,Barilla Gluten Free Fusilli 400G,https://www.tesco.com/groceries/en-GB/shop/food-cupboard/all?department=Free%20From&viewAll=department&page=,£2.60,£6.50/kg,,,/groceries/en-GB/products/297707286,https://digitalcontent.api.tesco.com/v2/media/ghs/399a7418-8b67-45d7-95e3-2eb7da3f62df/65b3d445-bc56-4662-95d8-295d33d62381_1752210567.jpeg?h=225&w=225,
266804794,Nairns Gluten Free Oat Muesli 450G,https://www.tesco.com/groceries/en-GB/shop/food-cupboard/all?department=Free%20From&viewAll=department&page=,£2.90,£0.64/100g,,,/groceries/en-GB/products/266804794,https://digitalcontent.api.tesco.com/v2/media/ghs/c32b4d62-df88-4854-bc0e-837cbd634244/0eb71fe2-f03d-43b5-9ad1-b1d28c4e2f0c_1817573502.jpeg?h=225&w=225,
305250980,Eat Natural Gluten Free Ancient Grains Muesli 450G,https://www.tesco.com/groceries/en-GB/shop/food-cupboard/all?department=Free%20From&viewAll=department&page=,£3.20,£0.71/100g,,,/groceries/en-GB/products/305250980,https://digitalcontent.api.tesco.com/v2/media/ghs/1f583a40-0567-42dd-a334-b3df0b49e95f/e5071343-7f1e-4b0f-b444-a25cf040523b_1729327304.jpeg?h=225&w=225,
303127554,Tesco Free From Lemon Slices X5,https://www.tesco.com/groceries/en-GB/shop/food-cupboard/all?department=Free%20From&viewAll=department&page=,£2.30,£0.46/each,,,/groceries/en-GB/products/303127554,https://digitalcontent.api.tesco.com/v2/media/ghs/b0e22c40-be5b-438a-8011-cb4adb0a0e95/996b6adc-c728-4ec4-803c-5149f8a2ddc2.jpeg?h=225&w=225,
307137419,Tesco Finest Free From Seeded Bread 400G,https://www.tesco.com/groceries/en-GB/shop/food-cupboard/all?department=Free%20From&viewAll=department&page=,£2.90,£0.72/100g,,,/groceries/en-GB/products/307137419,https://digitalcontent.api.tesco.com/v2/media/ghs/37f747b4-9d9c-46d2-8281-a36f11faac39/3a7c1909-758e-4f60-aa1d-128f9a9d137e.jpeg?h=225&w=225,
293199949,Trek Energy Cocoa Chaos Multipack 3X55g,https://www.tesco.com/groceries/en-GB/shop/food-cupboard/all?department=Free%20From&viewAll=department&page=,£2.75,£1.67/100g,,,/groceries/en-GB/products/293199949,https://digitalcontent.api.tesco.com/v2/media/ghs/535c0f48-a105-4fa1-b45e-8fbf5a8b0859/9de40ce6-d080-46fa-8159-38dc0e21f3a9_950212025.jpeg?h=225&w=225,
304780751,Schar Gluten Free Curvies Bbq 170G,https://www.tesco.com/groceries/en-GB/shop/food-cupboard/all?department=Free%20From&viewAll=department&page=,£2.70,£1.59/100g,,,/groceries/en-GB/products/304780751,https://digitalcontent.api.tesco.com/v2/media/ghs/3df40b90-ad30-4470-b47b-a0acfbabd506/fcc8588f-d02b-4855-82a8-95d73416868f_183875271.jpeg?h=225&w=225,
293194190,Tesco Free From Chocolate Brownie Mix 284G,https://www.tesco.com/groceries/en-GB/shop/food-cupboard/all?department=Free%20From&viewAll=department&page=,£1.70,£5.99/kg,,,/groceries/en-GB/products/293194190,https://digitalcontent.api.tesco.com/v2/media/ghs/ff5aaaa3-e6ee-41ab-9569-b1e1fed37ce5/7ae351df-93e2-499f-a5dd-34587bf589cb_2079562934.jpeg?h=225&w=225,
278769148,Eat Real Lentil Chips Creamy Dil 113G,https://www.tesco.com/groceries/en-GB/shop/food-cupboard/all?department=Free%20From&viewAll=department&page=,£2.00,£1.77/100g,,,/groceries/en-GB/products/278769148,https://digitalcontent.api.tesco.com/v2/media/ghs/45141615-7894-40d8-aaf1-11dc645880cd/5ccf69e7-19b2-428f-843f-743843fb4e8f_1174491031.jpeg?h=225&w=225,
299425604,Trek Flapjack Morning Berry 3X50g,https://www.tesco.com/groceries/en-GB/shop/food-cupboard/all?department=Free%20From&viewAll=department&page=,£2.75,£1.84/100g,£2.00 Clubcard Price,,/groceries/en-GB/products/299425604,https://digitalcontent.api.tesco.com/v2/media/ghs/c12315b7-f4be-46c5-91bf-6a798903e250/d5f116c6-65d2-4744-81e8-31ab9fe5e058_1267441376.jpeg?h=225&w=225,
308495472,Tesco Free From 5 Oaty Bakes 150G,https://www.tesco.com/groceries/en-GB/shop/food-cupboard/all?department=Free%20From&viewAll=department&page=,£2.00,£1.34/100g,,,/groceries/en-GB/products/308495472,https://digitalcontent.api.tesco.com/v2/media/ghs/bb32ef2d-dcc7-44ea-ac97-99820230361f/a50a0c7e-1e62-4547-a3e8-2b1b79221932.jpeg?h=225&w=225,
304783575,Tesco Free From 4 Hot Dog Rolls,https://www.tesco.com/groceries/en-GB/shop/food-cupboard/all?department=Free%20From&viewAll=department&page=,£2.25,£0.56/each,,,/groceries/en-GB/products/304783575,https://digitalcontent.api.tesco.com/v2/media/ghs/1475aced-949e-4ae3-a2f9-a53878b7768b/db8f65c3-1826-4226-8b87-16238e2b8a44.jpeg?h=225&w=225,
293506933,Prewetts Gluten Free Jammy Wheel 160G,https://www.tesco.com/groceries/en-GB/shop/food-cupboard/all?department=Free%20From&viewAll=department&page=,£2.00,£1.25/100g,,,/groceries/en-GB/products/293506933,https://digitalcontent.api.tesco.com/v2/media/ghs/647778aa-ea7b-4e09-bb05-3b0024cb2cd4/97f9f8f9-a7fe-4226-b6e5-4a1643a9655e_344107843.jpeg?h=225&w=225,
307146640,Tesco Free From 2 Chocolate Twists,https://www.tesco.com/groceries/en-GB/shop/food-cupboard/all?department=Free%20From&viewAll=department&page=,£2.60,£1.30/each,,,/groceries/en-GB/products/307146640,https://digitalcontent.api.tesco.com/v2/media/ghs/cced3099-a51e-4f2b-9440-e78d7abaf6db/03b70299-fb24-49a3-8ff1-16390c70033c.jpeg?h=225&w=225,
268920065,Doves Farm Xanthan Gum 100G,https://www.tesco.com/groceries/en-GB/shop/food-cupboard/all?department=Free%20From&viewAll=department&page=,£2.65,£26.50/kg,,,/groceries/en-GB/products/268920065,https://digitalcontent.api.tesco.com/v2/media/ghs/6f6e798b-5609-46e0-9651-82301a025544/5c28c4cf-8626-48c9-8e25-08dd3f96231b_1544733130.jpeg?h=225&w=225,
304781433,Tesco Free From 2 Croissants,https://www.tesco.com/groceries/en-GB/shop/food-cupboard/all?department=Free%20From&viewAll=department&page=,£2.20,£1.10/each,,,/groceries/en-GB/products/304781433,https://digitalcontent.api.tesco.com/v2/media/ghs/c8892580-ca44-4f70-836c-8fc2c5d02d4a/fbeea199-585a-4949-a66f-f51b33da5b7c.jpeg?h=225&w=225,
310111216,Milky Way Magic Stars Dairy Free Chocolate 85G,https://www.tesco.com/groceries/en-GB/shop/food-cupboard/all?department=Free%20From&viewAll=department&page=,£2.60,£3.06/100g,£2.00 Clubcard Price,,/groceries/en-GB/products/310111216,https://digitalcontent.api.tesco.com/v2/media/ghs/2daf8aeb-6c0e-4252-8f4f-bac8546178e3/7191bdd2-1823-4d12-b9ec-87391080690a_1096654841.jpeg?h=225&w=225,
307141616,Bounce Nut Butter Protein Ball Salted Caramel 35G,https://www.tesco.com/groceries/en-GB/shop/food-cupboard/all?department=Free%20From&viewAll=department&page=,£1.60,£4.58/100g,,,/groceries/en-GB/products/307141616,https://digitalcontent.api.tesco.com/v2/media/ghs/7978cf8c-6ccb-457b-933e-a2a9af489966/2e6fbea9-c356-4b1d-921b-cb34045d091e_73398356.jpeg?h=225&w=225,
305959211,Nomo Free From Hazelnot Crunch Chocolate Bar 82G,https://www.tesco.com/groceries/en-GB/shop/food-cupboard/all?department=Free%20From&viewAll=department&page=,£2.00,£2.44/100g,,,/groceries/en-GB/products/305959211,https://digitalcontent.api.tesco.com/v2/media/ghs/858ab43d-fcda-4e72-b15d-11abdd4eed5e/9c717649-e772-49fc-a302-ea46cf429fb1_995091454.jpeg?h=225&w=225,
307148908,Bounce Nut Butter Protein Ball Almond 35G,https://www.tesco.com/groceries/en-GB/shop/food-cupboard/all?department=Free%20From&viewAll=department&page=,£1.60,£4.58/100g,,,/groceries/en-GB/products/307148908,https://digitalcontent.api.tesco.com/v2/media/ghs/bf54f79d-e329-486c-8698-66dececdc499/ee88e70f-3cc5-4ca0-a246-6d6109558d76_484744895.jpeg?h=225&w=225,
304406469,Tesco Free From Cream Crunchies 180G,https://www.tesco.com/groceries/en-GB/shop/food-cupboard/all?department=Free%20From&viewAll=department&page=,£1.65,£0.92/100g,,,/groceries/en-GB/products/304406469,https://digitalcontent.api.tesco.com/v2/media/ghs/12df0fcc-8e38-435f-87bc-e594fa2e15ec/ad69e49d-5eba-44ae-89d9-521abc02aa0e_858675632.jpeg?h=225&w=225,
311273206,Kind Maple Pecan & Almond Bars 3X30g,https://www.tesco.com/groceries/en-GB/shop/food-cupboard/all?department=Free%20From&viewAll=department&page=,£3.00,£3.34/100g,£2.00 Clubcard Price,,/groceries/en-GB/products/311273206,https://digitalcontent.api.tesco.com/v2/media/ghs/4f96b629-b530-47f6-8ed1-5da6092eb765/09b63c8b-eb45-42bc-9758-8ff113ea3c19_1130470975.jpeg?h=225&w=225,
307337777,Bepps Popped Chickpea Snacks Salt & Pepper 70G,https://www.tesco.com/groceries/en-GB/shop/food-cupboard/all?department=Free%20From&viewAll=department&page=,£1.80,£2.58/100g,,,/groceries/en-GB/products/307337777,https://digitalcontent.api.tesco.com/v2/media/ghs/ed285bb4-5789-4e19-ad79-b3af236d2b44/860ea724-c79c-4ec5-8392-9a498ae2e5fc_210242421.jpeg?h=225&w=225,
295432095,Greene King Ipa Gluten Free 500Ml,https://www.tesco.com/groceries/en-GB/shop/food-cupboard/all?department=Free%20From&viewAll=department&page=,£2.00,£4.00/litre,,,/groceries/en-GB/products/295432095,https://digitalcontent.api.tesco.com/v2/media/ghs/fb21a7e0-e6c1-477b-82f2-6d1f594464d5/e5647c62-21d0-4248-97d2-53dde226f669_532846259.jpeg?h=225&w=225,
307142120,Bepps Popped Chickpea Snacks Barbecue 70G,https://www.tesco.com/groceries/en-GB/shop/food-cupboard/all?department=Free%20From&viewAll=department&page=,£1.80,£2.58/100g,,,/groceries/en-GB/products/307142120,https://digitalcontent.api.tesco.com/v2/media/ghs/3c6700d2-c24d-46e3-86f0-65aeda61613c/15de0742-7fa8-4628-ac5c-47559fee2379_1185329569.jpeg?h=225&w=225,
309463290,Tesco Free From Pigs In Blankets Popped Chips 80G,https://www.tesco.com/groceries/en-GB/shop/food-cupboard/all?department=Free%20From&viewAll=department&page=,£1.15,£1.44/100g,,,/groceries/en-GB/products/309463290,https://digitalcontent.api.tesco.com/v2/media/ghs/e8a73bc3-ebe0-450f-a3ac-09c3173228f8/b38a5e7f-7ece-4b99-8d12-4e2b51dbd86e_1975526912.jpeg?h=225&w=225,
308081316,Tesco Free From Ginger Nuts 180G,https://www.tesco.com/groceries/en-GB/shop/food-cupboard/all?department=Free%20From&viewAll=department&page=,£1.45,£0.81/100g,,,/groceries/en-GB/products/308081316,https://digitalcontent.api.tesco.com/v2/media/ghs/11f56559-268a-43b9-882b-d92ed1a75707/f10429bc-4bc0-4621-a8c1-fe5da2aa43f4_888255956.jpeg?h=225&w=225,
307144636,Trek Power Peanut Butter Crunch Bar 55G,https://www.tesco.com/groceries/en-GB/shop/food-cupboard/all?department=Free%20From&viewAll=department&page=,£1.75,£3.19/100g,£1.50 Clubcard Price,,/groceries/en-GB/products/307144636,https://digitalcontent.api.tesco.com/v2/media/ghs/6c9504b0-2fb8-4baa-9bc6-5ae3e81347c7/4c0244a0-e327-4492-a5e6-00a65ffa4ecb_268189413.jpeg?h=225&w=225,
304400275,Tesco Free From Turkey & Stuffing Tortilla Chips 150G,https://www.tesco.com/groceries/en-GB/shop/food-cupboard/all?department=Free%20From&viewAll=department&page=,£1.15,£0.77/100g,,,/groceries/en-GB/products/304400275,https://digitalcontent.api.tesco.com/v2/media/ghs/73343925-e702-406c-ab49-e56c6bb1274f/1460d928-1190-46ba-9cfa-6d2edce4701a_184912531.jpeg?h=225&w=225,
301107570,Livia's Kitchen Nugglets Raw Chocolate Brownie 35G,https://www.tesco.com/groceries/en-GB/shop/food-cupboard/all?department=Free%20From&viewAll=department&page=,£1.50,£4.29/100g,,,/groceries/en-GB/products/301107570,https://digitalcontent.api.tesco.com/v2/media/ghs/0ee1830e-a41d-4a43-8bd7-e1148b8234e1/382c2f5a-a690-4ea0-96eb-708a0ab4f61d_762377125.jpeg?h=225&w=225,
297387749,Tesco Free From 5 Oaty Crunch Granola Bar 210G,https://www.tesco.com/groceries/en-GB/shop/food-cupboard/all?department=Free%20From&viewAll=department&page=,£2.00,£0.95/100g,,,/groceries/en-GB/products/297387749,https://digitalcontent.api.tesco.com/v2/media/ghs/6b25dcdf-044d-4fba-888c-401c8f72e731/snapshotimagehandler_778062883.jpeg?h=225&w=225,
304386826,Tesco Free From Vanilla Cookies & Cream Biscuits 192G,https://www.tesco.com/groceries/en-GB/shop/food-cupboard/all?department=Free%20From&viewAll=department&page=,£2.05,£1.07/100g,,,/groceries/en-GB/products/304386826,https://digitalcontent.api.tesco.com/v2/media/ghs/cd34bc7b-7728-4d4c-855a-f8d895eb0847/5253a62b-661d-4be5-8fb4-a0d001d5e906_1965025387.jpeg?h=225&w=225,
311254293,Tesco Free From Garlic Mayonnaise 250Ml,https://www.tesco.com/groceries/en-GB/shop/food-cupboard/all?department=Free%20From&viewAll=department&page=,£1.00,£4.00/litre,,,/groceries/en-GB/products/311254293,https://digitalcontent.api.tesco.com/v2/media/ghs/34b6bc2d-d882-4c2a-8091-c53ed0f04109/919077d6-4cf1-4462-a673-940f6e8917fb_626853239.jpeg?h=225&w=225,
311264577,Tesco Free From Bread Sauce Mix 40G,https://www.tesco.com/groceries/en-GB/shop/food-cupboard/all?department=Free%20From&viewAll=department&page=,£1.00,£2.50/100g,,,/groceries/en-GB/products/311264577,https://digitalcontent.api.tesco.com/v2/media/ghs/038f2b27-5b85-4510-af00-4509072f1142/5500b6d8-d730-49f6-9f4f-bfb05f0aeaec_53498047.jpeg?h=225&w=225,
305982735,Kind Dark Chocolate Nuts & Sea Salt 40G,https://www.tesco.com/groceries/en-GB/shop/food-cupboard/all?department=Free%20From&viewAll=department&page=,£1.30,£3.25/100g,£1.00 Clubcard Price,,/groceries/en-GB/products/305982735,https://digitalcontent.api.tesco.com/v2/media/ghs/86f793b3-baf4-4024-b70d-5fd847883b9d/e37292d7-1ca6-4141-bfc7-bd573ec4b10a_953036391.jpeg?h=225&w=225,
311678661,Tesco Free From Hunters Cooking Sauce 510G,https://www.tesco.com/groceries/en-GB/shop/food-cupboard/all?department=Free%20From&viewAll=department&page=,£1.00,£0.20/100g,,,/groceries/en-GB/products/311678661,https://digitalcontent.api.tesco.com/v2/media/ghs/08af33fa-b385-48f7-9299-b50c4ba7a1ce/b577be05-c770-4c71-8ffb-4933987faaf6_899275627.jpeg?h=225&w=225,
304379680,Tesco Free From Vanilla Tray Bake,https://www.tesco.com/groceries/en-GB/shop/food-cupboard/all?department=Free%20From&viewAll=department&page=,£4.00,£4.00/each,,,/groceries/en-GB/products/304379680,https://digitalcontent.api.tesco.com/v2/media/ghs/917d0771-28e3-4993-be59-2fa55c8324dd/94c33010-1d39-449e-aa61-664524646baa.jpeg?h=225&w=225,
309754699,Tesco Finest Free From 12 Tiffin Selection Box,https://www.tesco.com/groceries/en-GB/shop/food-cupboard/all?department=Free%20From&viewAll=department&page=,£4.50,£0.38/each,,,/groceries/en-GB/products/309754699,https://digitalcontent.api.tesco.com/v2/media/ghs/d6a69970-346e-41fb-928a-830d42a51878/e4b226b4-2c58-40b2-9b7a-64b23cc6230b_195027497.jpeg?h=225&w=225,
307340703,San Miguel Gluten Free Beer 4 X 330Ml,https://www.tesco.com/groceries/en-GB/shop/food-cupboard/all?department=Free%20From&viewAll=department&page=,£6.30,£4.78/litre,,,/groceries/en-GB/products/307340703,https://digitalcontent.api.tesco.com/v2/media/ghs/8cc76846-946e-4e6b-a4ac-b7499db99400/31fc8e7c-ca1b-4d53-b20a-966377d0d0a9_1504725284.jpeg?h=225&w=225,
309491709,Tesco Finest Free From Luxury Truffle Selection 136G,https://www.tesco.com/groceries/en-GB/shop/food-cupboard/all?department=Free%20From&viewAll=department&page=,£4.50,£3.31/100g,,,/groceries/en-GB/products/309491709,https://digitalcontent.api.tesco.com/v2/media/ghs/4cfc13e7-01d9-4dee-b8f9-3bd281a3765c/a148bdcc-9260-4f71-906c-0120d554aa77_1632364667.jpeg?h=225&w=225,
311421084,Deliciously Ella Berry Granola 400G,https://www.tesco.com/groceries/en-GB/shop/food-cupboard/all?department=Free%20From&viewAll=department&page=,£3.80,£0.95/100g,,,/groceries/en-GB/products/311421084,https://digitalcontent.api.tesco.com/v2/media/ghs/00634481-c1ea-42c1-8161-05fe319620ed/c082c1d4-8a8a-4757-9c67-1ee6d9b44e97_22204798.jpeg?h=225&w=225,
308081322,Tesco Free From 4 Chocolate Chip Brioche Rolls,https://www.tesco.com/groceries/en-GB/shop/food-cupboard/all?department=Free%20From&viewAll=department&page=,£2.20,£0.55/each,,,/groceries/en-GB/products/308081322,https://digitalcontent.api.tesco.com/v2/media/ghs/90d63949-59d4-4f22-bec3-490576313bbf/8af9ca59-2d9a-4359-971b-0e35b0e8bd49.jpeg?h=225&w=225,
287938223,Tesco Finest Free From Chocolate Cake,https://www.tesco.com/groceries/en-GB/shop/food-cupboard/all?department=Free%20From&viewAll=department&page=,£3.50,£3.50/each,,,/groceries/en-GB/products/287938223,https://digitalcontent.api.tesco.com/v2/media/ghs/3b9fb82c-4f62-4803-a6a1-ef942978d588/bbf74bfa-8761-4b97-b487-a0936f0590ef.jpeg?h=225&w=225,
287937944,Tesco Finest Free From Victoria Sponge Cake,https://www.tesco.com/groceries/en-GB/shop/food-cupboard/all?department=Free%20From&viewAll=department&page=,£3.50,£3.50/each,,,/groceries/en-GB/products/287937944,https://digitalcontent.api.tesco.com/v2/media/ghs/ff3d4c9b-33b4-41ed-a0fb-35fa61b53604/cbc9abb3-7d34-4e99-8c19-5e358e0c4664.jpeg?h=225&w=225,
309461129,Buttermilk Plant Powered Vegan Chocolate Bombe 57G,https://www.tesco.com/groceries/en-GB/shop/food-cupboard/all?department=Free%20From&viewAll=department&page=,£2.50,£4.39/100g,,,/groceries/en-GB/products/309461129,https://digitalcontent.api.tesco.com/v2/media/ghs/c76d40ee-844c-4542-8d33-73b46fab1bc2/eb84a6ea-4921-47c3-977b-fd0be2916cb6_245419925.jpeg?h=225&w=225,
297686430,Skinny Brands Lager 4X330ml,https://www.tesco.com/groceries/en-GB/shop/food-cupboard/all?department=Free%20From&viewAll=department&page=,£5.75,£4.36/litre,£4.60 Clubcard Price,,/groceries/en-GB/products/297686430,https://digitalcontent.api.tesco.com/v2/media/ghs/286feef4-3c16-4529-a0a4-34c7e8c56c10/fd80e53f-1a3b-4d9b-8e7c-945eee09e0c0_990972713.jpeg?h=225&w=225,
310115621,Tesco Free From White Cob With Sourdough 400G,https://www.tesco.com/groceries/en-GB/shop/food-cupboard/all?department=Free%20From&viewAll=department&page=,£2.90,£0.72/100g,,,/groceries/en-GB/products/310115621,https://digitalcontent.api.tesco.com/v2/media/ghs/63f29c8b-833c-4cf1-947e-8f93f31f7d88/9e4c8c14-efc2-408e-955d-a8ff55dbc679.jpeg?h=225&w=225,
287938338,Tesco Finest Free From Carrot Cake,https://www.tesco.com/groceries/en-GB/shop/food-cupboard/all?department=Free%20From&viewAll=department&page=,£3.50,£3.50/each,,,/groceries/en-GB/products/287938338,https://digitalcontent.api.tesco.com/v2/media/ghs/05c4f0fa-6d02-4624-addb-ea71b2f1e354/8ba3858d-a340-4d96-8543-942dddcedb92.jpeg?h=225&w=225,
310110442,Nature's Path Gluten Free Pumpkin Seeds Almond Granola 300G,https://www.tesco.com/groceries/en-GB/shop/food-cupboard/all?department=Free%20From&viewAll=department&page=,£3.00,£1.00/100g,,,/groceries/en-GB/products/310110442,https://digitalcontent.api.tesco.com/v2/media/ghs/ab60c1d3-bd64-483e-8238-0b5b04672394/014df4e0-bba2-4543-8b3f-305534ab1229_2129455792.jpeg?h=225&w=225,
297754718,Nakd Berry Bliss Bar 4X30g,https://www.tesco.com/groceries/en-GB/shop/food-cupboard/all?department=Free%20From&viewAll=department&page=,£2.75,£2.30/100g,£2.00 Clubcard Price,,/groceries/en-GB/products/297754718,https://digitalcontent.api.tesco.com/v2/media/ghs/ac251435-d0e9-4780-a7e6-7f42d997ebce/f0a86114-44ff-48e9-8515-4fbdfffd3ec6_2023359878.jpeg?h=225&w=225,
297754570,Nakd Banana Bread Bar 4X30g,https://www.tesco.com/groceries/en-GB/shop/food-cupboard/all?department=Free%20From&viewAll=department&page=,£2.75,£2.30/100g,£2.00 Clubcard Price,,/groceries/en-GB/products/297754570,https://digitalcontent.api.tesco.com/v2/media/ghs/3e428391-5fc0-4795-b60a-e32a0502d0c8/1bf502bc-0447-4b67-a1ec-01044d283e96_896227739.jpeg?h=225&w=225,
302306943,Well&Truly Crunchy Smokey Paprika 100G,https://www.tesco.com/groceries/en-GB/shop/food-cupboard/all?department=Free%20From&viewAll=department&page=,£2.00,£2.00/100g,,,/groceries/en-GB/products/302306943,https://digitalcontent.api.tesco.com/v2/media/ghs/48e62a8b-5838-4e47-a638-f79ff27521b8/fe19d628-b9ff-4ab3-a455-a176d92758d6_275967547.jpeg?h=225&w=225,
307143257,Moo Free Cocoa Baking Drops 100G,https://www.tesco.com/groceries/en-GB/shop/food-cupboard/all?department=Free%20From&viewAll=department&page=,£1.70,£1.70/100g,,,/groceries/en-GB/products/307143257,https://digitalcontent.api.tesco.com/v2/media/ghs/643cdcb7-6230-4d59-a3d6-aed41901d149/491b3e04-4103-493d-b4ee-c5fd84e97fac_698157642.jpeg?h=225&w=225,
307136047,Bounce Nut Butter Protein Ball Peanut 35G,https://www.tesco.com/groceries/en-GB/shop/food-cupboard/all?department=Free%20From&viewAll=department&page=,£1.60,£4.58/100g,,,/groceries/en-GB/products/307136047,https://digitalcontent.api.tesco.com/v2/media/ghs/8dd154a7-f08a-4ad4-b0d0-9542cdfab74d/8ff34963-a0cf-4970-aa21-43140dc2186b_1834084936.jpeg?h=225&w=225,
306499223,Moma Jumbo Oat Porridge Almond Butter & Salted Caramel 6X35g,https://www.tesco.com/groceries/en-GB/shop/food-cupboard/all?department=Free%20From&viewAll=department&page=,£2.90,£1.39/100g,£2.00 Clubcard Price,,/groceries/en-GB/products/306499223,https://digitalcontent.api.tesco.com/v2/media/ghs/b23b26c4-b03a-44dc-9354-e19bd2cbca80/92f272f4-e530-4fc3-a399-8afc529b413f_947379246.jpeg?h=225&w=225,
308456634,Tesco Free From Flapjack Bites 20 Pack,https://www.tesco.com/groceries/en-GB/shop/food-cupboard/all?department=Free%20From&viewAll=department&page=,£2.10,£0.10/each,,,/groceries/en-GB/products/308456634,https://digitalcontent.api.tesco.com/v2/media/ghs-mktg/b0b04216-fa73-466d-a9d7-c9fcfa1ce9b3/no-image.jpeg,
309764930,Meridian Chocca Crunchy Chocolate Spread 240G,https://www.tesco.com/groceries/en-GB/shop/food-cupboard/all?department=Free%20From&viewAll=department&page=,£3.30,£1.38/100g,£2.00 Clubcard Price,,/groceries/en-GB/products/309764930,https://digitalcontent.api.tesco.com/v2/media/ghs/c0c7097f-2f61-4524-af48-1d453f03443c/b8a002e4-201a-4f5b-9c55-bb245511e51e_411107134.jpeg?h=225&w=225,
301107593,Livia's Kitchen Nugglets Cookie Dough 35G,https://www.tesco.com/groceries/en-GB/shop/food-cupboard/all?department=Free%20From&viewAll=department&page=,£1.50,£4.29/100g,,,/groceries/en-GB/products/301107593,https://digitalcontent.api.tesco.com/v2/media/ghs/55bb8b7e-dd48-42aa-b1a5-0aa11cc1a15d/bc4bd7a7-b26e-4a9a-a357-964a087a3195_43106919.jpeg?h=225&w=225,
305830720,Kind Protein Crunchy Peanut Butter Bar 50G,https://www.tesco.com/groceries/en-GB/shop/food-cupboard/all?department=Free%20From&viewAll=department&page=,£1.60,£3.20/100g,,,/groceries/en-GB/products/305830720,https://digitalcontent.api.tesco.com/v2/media/ghs/17b229d8-2114-4075-ac5c-838dfa91156b/69691095-c579-4192-a34b-fe8c2bc666fc_690638165.jpeg?h=225&w=225,
309477331,Buttermilk Plant Powered Salted Caramel Cups 42G,https://www.tesco.com/groceries/en-GB/shop/food-cupboard/all?department=Free%20From&viewAll=department&page=,£1.50,£3.58/100g,,,/groceries/en-GB/products/309477331,https://digitalcontent.api.tesco.com/v2/media/ghs/86074491-f86a-4189-8eee-93b2e4728f40/56fc7b2b-b2ab-4967-b7fd-e59fcc6695a5_1664909346.jpeg?h=225&w=225,
306933263,Kind Protein Dark Chocolate Nut Bar 50G,https://www.tesco.com/groceries/en-GB/shop/food-cupboard/all?department=Free%20From&viewAll=department&page=,£1.60,£3.20/100g,,,/groceries/en-GB/products/306933263,https://digitalcontent.api.tesco.com/v2/media/ghs/7adbda6e-4af4-4c69-8694-8d14afb39a5a/f811c8a1-cfb3-4d43-ba6f-82af3807bec7_1621129814.jpeg?h=225&w=225,
307146127,Kind Almond & Coconut Bar 40G,https://www.tesco.com/groceries/en-GB/shop/food-cupboard/all?department=Free%20From&viewAll=department&page=,£1.30,£3.25/100g,£1.00 Clubcard Price,,/groceries/en-GB/products/307146127,https://digitalcontent.api.tesco.com/v2/media/ghs/c2ba54f1-40b2-4750-959d-ea42f762f7ab/6c1fad57-5a2c-4f16-9ba5-a8a5c7c0b27a_787307950.jpeg?h=225&w=225,
308107484,Tesco Free From Teriyaki Stir Fry Sauce 120G,https://www.tesco.com/groceries/en-GB/shop/food-cupboard/all?department=Free%20From&viewAll=department&page=,£0.85,£0.71/100g,,,/groceries/en-GB/products/308107484,https://digitalcontent.api.tesco.com/v2/media/ghs/bf4ae57a-b609-4008-93dd-4519c039140f/410cfeae-9ab6-4a58-a665-003fdef234aa_1514257644.jpeg?h=225&w=225,
308108287,Tesco Free From Hoisin & Garlic Stir Fry Sauce 120G,https://www.tesco.com/groceries/en-GB/shop/food-cupboard/all?department=Free%20From&viewAll=department&page=,£0.85,£0.71/100g,,,/groceries/en-GB/products/308108287,https://digitalcontent.api.tesco.com/v2/media/ghs/e2709ec9-0bd8-41c2-b92f-f3c87b69fe67/5535a491-1799-4a7f-931a-df517cc5e215_440711248.jpeg?h=225&w=225,
305199919,Old El Paso Gluten Free 518G Enchilada Kit,https://www.tesco.com/groceries/en-GB/shop/food-cupboard/all?department=Free%20From&viewAll=department&page=,£2.99,£5.78/kg,Aldi Price Match,,/groceries/en-GB/products/305199919,https://digitalcontent.api.tesco.com/v2/media/ghs/00db1a84-6108-4024-bd6b-b7c45008522d/e4f2f08a-a1c3-4e82-9b2c-9d69636c0964_1301430676.jpeg?h=225&w=225,
305960836,Kind Peanut Butter & Dark Chocolate 40G,https://www.tesco.com/groceries/en-GB/shop/food-cupboard/all?department=Free%20From&viewAll=department&page=,£1.30,£3.25/100g,£1.00 Clubcard Price,,/groceries/en-GB/products/305960836,https://digitalcontent.api.tesco.com/v2/media/ghs/4fef67b7-5f00-42b2-a8d8-5047b13d0552/a4d9b24f-339a-4b8c-bcd5-0c57153370d4_1296177018.jpeg?h=225&w=225,
311212867,Tesco Free From Piri Piri Mayonnaise 250Ml,https://www.tesco.com/groceries/en-GB/shop/food-cupboard/all?department=Free%20From&viewAll=department&page=,£1.00,£0.40/100ml,,,/groceries/en-GB/products/311212867,https://digitalcontent.api.tesco.com/v2/media/ghs/61642bc7-0590-4195-a235-fd5202df776c/26a6d337-deb5-4950-8548-73922b640f25_1908618297.jpeg?h=225&w=225,
308118839,Tesco Free From Black Bean Stir Fry Sauce 120G,https://www.tesco.com/groceries/en-GB/shop/food-cupboard/all?department=Free%20From&viewAll=department&page=,£0.85,£0.71/100g,,,/groceries/en-GB/products/308118839,https://digitalcontent.api.tesco.com/v2/media/ghs/7ae86d5b-c6b1-41b5-8d9e-9f696d9b08ae/542cfd6d-dd7c-47a4-bc52-fcf2d3d3a601_1727944878.jpeg?h=225&w=225,
308104959,Kind Dark Chocolate Orange Almond Bar 40G,https://www.tesco.com/groceries/en-GB/shop/food-cupboard/all?department=Free%20From&viewAll=department&page=,£1.30,£3.25/100g,£1.00 Clubcard Price,,/groceries/en-GB/products/308104959,https://digitalcontent.api.tesco.com/v2/media/ghs/715988ad-f50c-4664-830c-54888b57bec8/a1a04333-3f22-4726-a314-9dc6a62f8167_1003418610.jpeg?h=225&w=225,
254176022,Eat Natural Gold Cranberry & Macadamia Fruit Bar 45G,https://www.tesco.com/groceries/en-GB/shop/food-cupboard/all?department=Free%20From&viewAll=department&page=,£1.00,£2.23/100g,"£3.40 Meal Deal Clubcard Price £3.90 Meal Deal Regular Price - Selected Drink, Snack, Wrap, Sandwich, Roll, Pasty Or Salad",,/groceries/en-GB/products/254176022,https://digitalcontent.api.tesco.com/v2/media/ghs/d31196f2-14d7-40ce-a3ee-1c96030f0bcb/ff6e3ca8-06ab-4bb1-a284-4fb050eb6c1e_834309114.jpeg?h=225&w=225,
252961461,Eat Natural Almond & Apricot Yogurt Coated Bar 50G,https://www.tesco.com/groceries/en-GB/shop/food-cupboard/all?department=Free%20From&viewAll=department&page=,£1.00,£2.00/100g,"£3.40 Meal Deal Clubcard Price £3.90 Meal Deal Regular Price - Selected Drink, Snack, Wrap, Sandwich, Roll, Pasty Or Salad",,/groceries/en-GB/products/252961461,https://digitalcontent.api.tesco.com/v2/media/ghs/38ef1c63-53d1-4192-9480-711fa5a67cdf/1e5d196d-ce2f-4336-98e9-ef0e5331277c_1178859938.jpeg?h=225&w=225,
290404747,Kind Caramel Almond & Sea Salt 40G,https://www.tesco.com/groceries/en-GB/shop/food-cupboard/all?department=Free%20From&viewAll=department&page=,£1.30,£3.25/100g,£1.00 Clubcard Price,,/groceries/en-GB/products/290404747,https://digitalcontent.api.tesco.com/v2/media/ghs/fb3afa90-6b15-4b48-a59a-17ea44cfb0a0/4f11832f-45e0-408b-a5d2-172189c6e1db_1996584355.jpeg?h=225&w=225,
307140341,Kind Salted Caramel Dark Chocolate Bar 40G,https://www.tesco.com/groceries/en-GB/shop/food-cupboard/all?department=Free%20From&viewAll=department&page=,£1.30,£3.25/100g,£1.00 Clubcard Price,,/groceries/en-GB/products/307140341,https://digitalcontent.api.tesco.com/v2/media/ghs/6e72b5c0-0b60-462b-a2d8-eabe33fe6c53/3646d868-d76d-4a08-88b9-bbffb7d8cae9_1936720709.jpeg?h=225&w=225,
311430482,Tesco Free From Tomato And Herb Sauce 500G,https://www.tesco.com/groceries/en-GB/shop/food-cupboard/all?department=Free%20From&viewAll=department&page=,£1.00,£0.20/100g,,,/groceries/en-GB/products/311430482,https://digitalcontent.api.tesco.com/v2/media/ghs/88985ce4-0368-483a-a16b-48bf43b4f8ac/f2a176db-fc39-4050-8e7f-4d0c6b809da0_261923602.jpeg?h=225&w=225,
309744292,Schar Gluten Free Panettone With Raisins 420G,https://www.tesco.com/groceries/en-GB/shop/food-cupboard/all?department=Free%20From&viewAll=department&page=,£7.00,£1.67/100g,,,/groceries/en-GB/products/309744292,https://digitalcontent.api.tesco.com/v2/media/ghs/188ad232-8efd-4ea8-944d-1ce9dc956dea/231320fe-8a72-4b63-92d1-df3ffd0e65b9_393456735.jpeg?h=225&w=225,
309467838,Tesco Finest Free From Honeycomb Christmas Dome 460G,https://www.tesco.com/groceries/en-GB/shop/food-cupboard/all?department=Free%20From&viewAll=department&page=,£6.00,£1.31/100g,,,/groceries/en-GB/products/309467838,https://digitalcontent.api.tesco.com/v2/media/ghs/0996503f-9b00-4ba0-8dce-aa178bd0c757/d5bc68e0-535a-4d67-814d-19cfd3907a22_1307711964.jpeg?h=225&w=225,
307349285,Livia's Million Squares Chocolate Orange 4 X 38G,https://www.tesco.com/groceries/en-GB/shop/food-cupboard/all?department=Free%20From&viewAll=department&page=,£3.50,£2.31/100g,£2.50 Clubcard Price,,/groceries/en-GB/products/307349285,https://digitalcontent.api.tesco.com/v2/media/ghs/f97ab545-26f1-4006-9ab3-2b7894fb5958/4d96b108-3b77-42ea-a66d-f6a908ac895e_1353632622.jpeg?h=225&w=225,
297747347,Juvela Gluten Free Fresh White Loaf 400G,https://www.tesco.com/groceries/en-GB/shop/food-cupboard/all?department=Free%20From&viewAll=department&page=,£2.95,£0.74/100g,,,/groceries/en-GB/products/297747347,https://digitalcontent.api.tesco.com/v2/media/ghs/5c780882-62fd-414e-89af-e732e0de72da/2c8e691b-533a-46d0-a7b7-826a8d9a8ff0.jpeg?h=225&w=225,
301554229,Nature's Path Gorilla Munch Corn Puffs 300G,https://www.tesco.com/groceries/en-GB/shop/food-cupboard/all?department=Free%20From&viewAll=department&page=,£3.00,£1.00/100g,,,/groceries/en-GB/products/301554229,https://digitalcontent.api.tesco.com/v2/media/ghs/ec13a188-2939-49ec-84c1-a1b4f67fb1d5/69d66c95-b52d-49e4-a81d-bc23d7d6a040_918669609.jpeg?h=225&w=225,
311279868,Brewdog Punk Ipa Gluten Free 4 X 330Ml,https://www.tesco.com/groceries/en-GB/shop/food-cupboard/all?department=Free%20From&viewAll=department&page=,£5.50,£4.17/litre,,,/groceries/en-GB/products/311279868,https://digitalcontent.api.tesco.com/v2/media/ghs/b6ac1ea4-8f2f-4dbe-8585-02c7ef041201/6be32627-3ef0-4ecb-b146-f8f4881d485c_964232555.jpeg?h=225&w=225,
308838131,Tesco Free From 14 Brownie Mini Bites,https://www.tesco.com/groceries/en-GB/shop/food-cupboard/all?department=Free%20From&viewAll=department&page=,£2.60,£0.19/each,,,/groceries/en-GB/products/308838131,https://digitalcontent.api.tesco.com/v2/media/ghs/0ce83e50-54cc-4f4c-ad7c-8eadf021a0f9/20fe2d3f-f132-4236-bafe-0f0d8a36c7ad.jpeg?h=225&w=225,
308109849,Tesco Free From 2 Cheese Twists,https://www.tesco.com/groceries/en-GB/shop/food-cupboard/all?department=Free%20From&viewAll=department&page=,£2.60,£1.30/each,,,/groceries/en-GB/products/308109849,https://digitalcontent.api.tesco.com/v2/media/ghs/6926afcb-6716-4add-a83b-78dc3ba838ef/eea34eed-2e44-44d9-9665-62be39dacbaa.jpeg?h=225&w=225,
297754471,Nakd Cocoa Twist Bar 4X30g,https://www.tesco.com/groceries/en-GB/shop/food-cupboard/all?department=Free%20From&viewAll=department&page=,£2.75,£2.30/100g,£2.00 Clubcard Price,,/groceries/en-GB/products/297754471,https://digitalcontent.api.tesco.com/v2/media/ghs/651f6f79-d77a-4b99-8ece-8daf16feccfc/92e1f041-ff84-4a92-ac24-23a9c2f0a165_1859128692.jpeg?h=225&w=225,
311433692,Tesco Free From Maize Couscous 375G,https://www.tesco.com/groceries/en-GB/shop/food-cupboard/all?department=Free%20From&viewAll=department&page=,£2.10,£5.60/kg,,,/groceries/en-GB/products/311433692,https://digitalcontent.api.tesco.com/v2/media/ghs/f041029e-3e94-4b38-9b55-76a4b34919ef/67684116-d4aa-4a98-bb96-14a33a8a036a_1027555060.jpeg?h=225&w=225,
307742147,Tesco Free From Surprise Cupcake Kit 300G,https://www.tesco.com/groceries/en-GB/shop/food-cupboard/all?department=Free%20From&viewAll=department&page=,£2.00,£6.67/kg,,,/groceries/en-GB/products/307742147,https://digitalcontent.api.tesco.com/v2/media/ghs/bea673fc-43bf-445b-a3f8-6f2b0253070c/057c8bbb-957b-4baa-904e-203d4682c20f_209456819.jpeg?h=225&w=225,
310657054,Deliciously Ella Sweet Potato Veggie Chips 100G,https://www.tesco.com/groceries/en-GB/shop/food-cupboard/all?department=Free%20From&viewAll=department&page=,£2.00,£2.00/100g,,,/groceries/en-GB/products/310657054,https://digitalcontent.api.tesco.com/v2/media/ghs/423cfff0-3128-4b75-b0b0-4778ab406040/99ec77e7-3988-4c85-80f2-268b31896fc3_1786374405.jpeg?h=225&w=225,
306942488,Sweetpea Banana & Chocolate Gluten Free Muffin Mix 220G,https://www.tesco.com/groceries/en-GB/shop/food-cupboard/all?department=Free%20From&viewAll=department&page=,£2.75,£12.50/kg,,,/groceries/en-GB/products/306942488,https://digitalcontent.api.tesco.com/v2/media/ghs/2b18d5dc-ab87-42fd-8f53-d233986eb6ce/ea383325-897f-4d96-bfd8-7c04597bf298_1900236959.jpeg?h=225&w=225,
310151597,Deliciously Ella Olive Oil Veggie Chips 100G,https://www.tesco.com/groceries/en-GB/shop/food-cupboard/all?department=Free%20From&viewAll=department&page=,£2.00,£2.00/100g,,,/groceries/en-GB/products/310151597,https://digitalcontent.api.tesco.com/v2/media/ghs/1a7f3e64-8047-4439-a477-1d080b677604/c6813aa1-0abb-4220-ab63-0fe8f8ed3097_1799720816.jpeg?h=225&w=225,
307140940,Moo Free White Cocoa Baking Drops 100G,https://www.tesco.com/groceries/en-GB/shop/food-cupboard/all?department=Free%20From&viewAll=department&page=,£1.70,£1.70/100g,,,/groceries/en-GB/products/307140940,https://digitalcontent.api.tesco.com/v2/media/ghs/3284432d-81c0-43ba-be58-89e2c4a26cb3/b35fead1-2afc-4b05-acb6-6c07939e1670_1835411807.jpeg?h=225&w=225,
306496802,Moma Jumbo Oat Porridge Coconut & Chia 6 X 35G,https://www.tesco.com/groceries/en-GB/shop/food-cupboard/all?department=Free%20From&viewAll=department&page=,£2.90,£1.39/100g,£2.00 Clubcard Price,,/groceries/en-GB/products/306496802,https://digitalcontent.api.tesco.com/v2/media/ghs/2c9c968e-2257-410b-b758-dec4d537e6da/e8b9de62-351f-46aa-9fe0-04be8a8c902f_1310264195.jpeg?h=225&w=225,
308080628,Tesco Free From Lemon Drizzle Cake Kit 300G,https://www.tesco.com/groceries/en-GB/shop/food-cupboard/all?department=Free%20From&viewAll=department&page=,£1.70,£5.67/kg,,,/groceries/en-GB/products/308080628,https://digitalcontent.api.tesco.com/v2/media/ghs/2c9adfba-fb7e-49ca-b121-e95849893fa3/fa7416d4-4a02-4625-8f35-9f3dc160ee1b_1425538325.jpeg?h=225&w=225,
307758238,Tesco Free From 10 Waffle Cones,https://www.tesco.com/groceries/en-GB/shop/food-cupboard/all?department=Free%20From&viewAll=department&page=,£2.00,£0.20/each,,,/groceries/en-GB/products/307758238,https://digitalcontent.api.tesco.com/v2/media/ghs/9bcce516-7980-446f-a60e-63d347a66b9a/3f71a314-34ff-46bf-9b40-fbb7302b0a03_3046882.jpeg?h=225&w=225,
311213215,Tesco Free From Falafel Mix 160G 160G,https://www.tesco.com/groceries/en-GB/shop/food-cupboard/all?department=Free%20From&viewAll=department&page=,£1.80,£11.25/kg,,,/groceries/en-GB/products/311213215,https://digitalcontent.api.tesco.com/v2/media/ghs/fef42a8b-95c0-4247-b9e6-6cc240b29614/5670490e-bcd1-4084-80ca-fea80ae27bb1_2038984027.jpeg?h=225&w=225,
310179697,Milky Way Dairy Free Bar With Popping Candy 85G,https://www.tesco.com/groceries/en-GB/shop/food-cupboard/all?department=Free%20From&viewAll=department&page=,£2.60,£3.06/100g,£2.00 Clubcard Price,,/groceries/en-GB/products/310179697,https://digitalcontent.api.tesco.com/v2/media/ghs/9ac82fe6-2612-45ec-8c22-28681a64f5c7/d47b46f1-e5e8-498a-b5f4-56e9120e2482_1434695646.jpeg?h=225&w=225,
311258087,Tesco Free From Original Quick Cook Oats 6 Sachets 162G,https://www.tesco.com/groceries/en-GB/shop/food-cupboard/all?department=Free%20From&viewAll=department&page=,£1.80,£1.12/100g,,,/groceries/en-GB/products/311258087,https://digitalcontent.api.tesco.com/v2/media/ghs/27173ee3-2335-4f32-9a55-d0946d34303b/d6f930fe-0f39-4d12-bf2c-dcdf176a11da_106070839.jpeg?h=225&w=225,
308485311,Tesco Free From Gingerbread Kit 134G,https://www.tesco.com/groceries/en-GB/shop/food-cupboard/all?department=Free%20From&viewAll=department&page=,£2.05,£1.53/100g,,,/groceries/en-GB/products/308485311,https://digitalcontent.api.tesco.com/v2/media/ghs/15c9948e-03db-467c-9823-4d6bf1be8456/b71122bc-d58d-495c-8c71-313ea44bb75e_1583835532.jpeg?h=225&w=225,
308100877,Tesco Free From Chow Mein Sauce 120G,https://www.tesco.com/groceries/en-GB/shop/food-cupboard/all?department=Free%20From&viewAll=department&page=,£0.85,£0.71/100g,,,/groceries/en-GB/products/308100877,https://digitalcontent.api.tesco.com/v2/media/ghs/79432047-2050-45b3-94ba-fa85a63d1394/ee6e0ccc-dfee-4a0d-8345-c9ae06b6aafe_2129019330.jpeg?h=225&w=225,
311224035,T.F/From Golden Syrup Quick Cook Oats 6X27g 162G,https://www.tesco.com/groceries/en-GB/shop/food-cupboard/all?department=Free%20From&viewAll=department&page=,£1.80,£1.12/100g,,,/groceries/en-GB/products/311224035,https://digitalcontent.api.tesco.com/v2/media/ghs-mktg/b0b04216-fa73-466d-a9d7-c9fcfa1ce9b3/no-image.jpeg,
311204756,Tesco Free From Nut Free Satay Sauce 120G,https://www.tesco.com/groceries/en-GB/shop/food-cupboard/all?department=Free%20From&viewAll=department&page=,£0.80,£0.67/100g,,,/groceries/en-GB/products/311204756,https://digitalcontent.api.tesco.com/v2/media/ghs/b4915469-bff2-4e40-acd0-c48286d062bf/b8e76c52-de68-4a73-b131-6daed8b0237c_428297187.jpeg?h=225&w=225,
252633026,Heinz Baked Beans & Pork Sausages 415G,https://www.tesco.com/groceries/en-GB/shop/food-cupboard/all?department=Tins%2C%20Cans%20%26%20Packets&viewAll=department&page=,£1.70,£4.10/kg,Any 3 for £4 Clubcard Price - Selected Heinz Big Soup And Meals 400g 0r 415g,,/groceries/en-GB/products/252633026,https://digitalcontent.api.tesco.com/v2/media/ghs/3b6a6de1-8201-4c0b-9642-921fe91e494b/bf239d03-b56e-486a-b9be-26d345c2392c_404415380.jpeg?h=225&w=225,
300992005,Tesco Drained Tuna Steak In Spring Water 110G,https://www.tesco.com/groceries/en-GB/shop/food-cupboard/all?department=Tins%2C%20Cans%20%26%20Packets&viewAll=department&page=,£1.25,£1.14/100g,Any 3 for £3 Clubcard Price - Selected Tesco Drained Tuna Steak 110g,,/groceries/en-GB/products/300992005,https://digitalcontent.api.tesco.com/v2/media/ghs/e6e1dc89-ba01-4caa-9965-38aacd56ba8b/d8b9996a-096e-41ea-8527-100516a5fded_858179422.jpeg?h=225&w=225,
252004443,Heinz Baked Beans In Tomato Sauce 4X415g,https://www.tesco.com/groceries/en-GB/shop/food-cupboard/all?department=Tins%2C%20Cans%20%26%20Packets&viewAll=department&page=,£3.49,£2.11/kg,Aldi Price Match,,/groceries/en-GB/products/252004443,https://digitalcontent.api.tesco.com/v2/media/ghs/930ed133-e856-4f0c-8581-6ee57bb0b0c7/303100e8-2cdf-45ae-9f97-f2b1b77d0c64_580704658.jpeg?h=225&w=225,
254299631,Napolina Chopped Tomatoes 4 X 400G,https://www.tesco.com/groceries/en-GB/shop/food-cupboard/all?department=Tins%2C%20Cans%20%26%20Packets&viewAll=department&page=,£2.50,£1.57/kg,,,/groceries/en-GB/products/254299631,https://digitalcontent.api.tesco.com/v2/media/ghs/7e780677-b388-47c9-9e85-8a1556f5c9ad/8a7b60e2-5124-4f5d-96ae-012a59cd1612_1271304642.jpeg?h=225&w=225,
254875174,Green Giant Original Sweet Corn 198G,https://www.tesco.com/groceries/en-GB/shop/food-cupboard/all?department=Tins%2C%20Cans%20%26%20Packets&viewAll=department&page=,£0.90,£5.46/kg DR.WT,Any 4 for £3.15 Clubcard Price - Green Giant Sweetcorn 198g,,/groceries/en-GB/products/254875174,https://digitalcontent.api.tesco.com/v2/media/ghs/d3cf0993-fd11-4f54-aaa4-1e244409ed45/6cc9eab9-4f19-45d8-bd01-13460d6140a0_1854444751.jpeg?h=225&w=225,
258147391,Heinz Cream Of Tomato Soup 400G,https://www.tesco.com/groceries/en-GB/shop/food-cupboard/all?department=Tins%2C%20Cans%20%26%20Packets&viewAll=department&page=,£1.40,£0.35/100g,Any 4 for £4 Clubcard Price - Selected Heinz Classic Soup 400g,,/groceries/en-GB/products/258147391,https://digitalcontent.api.tesco.com/v2/media/ghs/1da81d6e-b2cb-4981-b216-fefb6fbe04b1/dab12b4f-e5af-47cb-8fd4-344bab48748b_570429964.jpeg?h=225&w=225,
275205504,Branston Beans In Tomato Sauce 410G,https://www.tesco.com/groceries/en-GB/shop/food-cupboard/all?department=Tins%2C%20Cans%20%26%20Packets&viewAll=department&page=,£0.90,£2.20/kg,,,/groceries/en-GB/products/275205504,https://digitalcontent.api.tesco.com/v2/media/ghs/abc5f659-00e6-444e-8514-2b38db5963b3/b261156b-3927-4797-8671-f80c18c7c76c_906345237.jpeg?h=225&w=225,
258147794,Heinz Vegetable Soup 400G,https://www.tesco.com/groceries/en-GB/shop/food-cupboard/all?department=Tins%2C%20Cans%20%26%20Packets&viewAll=department&page=,£1.40,£0.35/100g,Any 4 for £4 Clubcard Price - Selected Heinz Classic Soup 400g,,/groceries/en-GB/products/258147794,https://digitalcontent.api.tesco.com/v2/media/ghs/5abe36f5-d8bf-46b7-b377-1451797c6d2f/bb1e8593-6320-451b-b2d2-eb4e3fb31d39_514150107.jpeg?h=225&w=225,
252261477,Heinz Baked Beans In Tomato Sauce 415G,https://www.tesco.com/groceries/en-GB/shop/food-cupboard/all?department=Tins%2C%20Cans%20%26%20Packets&viewAll=department&page=,£1.20,£2.90/kg,Any 2 for £2 Clubcard Price - Heinz Beanz In Tomato Sauce Or No Added Sugar 415g,,/groceries/en-GB/products/252261477,https://digitalcontent.api.tesco.com/v2/media/ghs/a95a3624-25d1-4d59-af20-6c9c958e957c/f2cac985-5759-4e4e-9877-2b57c21950af_2056305487.jpeg?h=225&w=225,
250993529,Heinz Baked Beans In Tomato Sauce 200G,https://www.tesco.com/groceries/en-GB/shop/food-cupboard/all?department=Tins%2C%20Cans%20%26%20Packets&viewAll=department&page=,£0.80,£4.00/kg,Any 4 for £2.50 Clubcard Price - Heinz Beanz In Tomato Sauce Or No Added Sugar 200g,,/groceries/en-GB/products/250993529,https://digitalcontent.api.tesco.com/v2/media/ghs/6596c67d-fe80-4df9-b81e-def0e4e56243/2db0f4e8-c411-40ab-b76f-762d19c9e2c0_1337127131.jpeg?h=225&w=225,
258147293,Heinz Cream Of Chicken Soup 400G,https://www.tesco.com/groceries/en-GB/shop/food-cupboard/all?department=Tins%2C%20Cans%20%26%20Packets&viewAll=department&page=,£1.40,£0.35/100g,Any 4 for £4 Clubcard Price - Selected Heinz Classic Soup 400g,,/groceries/en-GB/products/258147293,https://digitalcontent.api.tesco.com/v2/media/ghs/45fba2ce-0d78-495d-ae71-c5290fe049d0/053a2d75-c245-411b-87d8-dbbc8544d015_601862227.jpeg?h=225&w=225,
303887546,Tesco Tuna Chunks In Spring Water 145G,https://www.tesco.com/groceries/en-GB/shop/food-cupboard/all?department=Tins%2C%20Cans%20%26%20Packets&viewAll=department&page=,£0.85,£0.83/100g DR.WT,Any 4 for £3 Clubcard Price - Selected Tesco Tuna Chunks 145g,,/groceries/en-GB/products/303887546,https://digitalcontent.api.tesco.com/v2/media/ghs/347f5dc9-f195-4e53-8b73-d1121197674a/ef298526-67b5-4579-b74f-25c7508bc996_1358071434.jpeg?h=225&w=225,
303882199,Tesco Tuna Chunks In Sunflower Oil 145G,https://www.tesco.com/groceries/en-GB/shop/food-cupboard/all?department=Tins%2C%20Cans%20%26%20Packets&viewAll=department&page=,£0.85,£0.83/100g DR.WT,Any 4 for £3 Clubcard Price - Selected Tesco Tuna Chunks 145g,,/groceries/en-GB/products/303882199,https://digitalcontent.api.tesco.com/v2/media/ghs/f4520c00-1202-40c1-87ed-63e9db95870c/ff91f26d-82bc-4bdb-bd55-6bab4ad6e6dd_310314048.jpeg?h=225&w=225,
303887523,Tesco Tuna Chunks In Brine 145G,https://www.tesco.com/groceries/en-GB/shop/food-cupboard/all?department=Tins%2C%20Cans%20%26%20Packets&viewAll=department&page=,£0.85,£0.83/100g DR.WT,Any 4 for £3 Clubcard Price - Selected Tesco Tuna Chunks 145g,,/groceries/en-GB/products/303887523,https://digitalcontent.api.tesco.com/v2/media/ghs/f2180cde-0077-48cb-b05a-be80735efafa/f6a0b559-59dd-454d-bcd0-af1fa2160ad5_1015857459.jpeg?h=225&w=225,
262490576,Tesco Chickpeas In Water 400G,https://www.tesco.com/groceries/en-GB/shop/food-cupboard/all?department=Tins%2C%20Cans%20%26%20Packets&viewAll=department&page=,£0.70,£2.92/kg DR.WT,,,/groceries/en-GB/products/262490576,https://digitalcontent.api.tesco.com/v2/media/ghs/901498ed-7de2-450e-a265-cadd69bf94eb/dc780ed2-df76-4bca-a9eb-ff5252ec48b4_277667541.jpeg?h=225&w=225,
254875341,Tesco Natural Sweet Sweetcorn In Water 325G,https://www.tesco.com/groceries/en-GB/shop/food-cupboard/all?department=Tins%2C%20Cans%20%26%20Packets&viewAll=department&page=,£0.70,£2.70/kg DR.WT,,,/groceries/en-GB/products/254875341,https://digitalcontent.api.tesco.com/v2/media/ghs/7294bfc9-c76a-4a69-b54a-333198784f38/86cedbc4-6697-4892-a838-78f24dbc2740_1555312417.jpeg?h=225&w=225,
259061829,Tesco Red Kidney Beans 400G,https://www.tesco.com/groceries/en-GB/shop/food-cupboard/all?department=Tins%2C%20Cans%20%26%20Packets&viewAll=department&page=,£0.70,£2.92/kg DR.WT,,,/groceries/en-GB/products/259061829,https://digitalcontent.api.tesco.com/v2/media/ghs/78db581a-66ae-4cb7-b671-ad171a4fc555/a69abff9-2e1a-4342-8bea-4cff927b6544_937166597.jpeg?h=225&w=225,
250412487,Tesco Vegetable Soup 400G,https://www.tesco.com/groceries/en-GB/shop/food-cupboard/all?department=Tins%2C%20Cans%20%26%20Packets&viewAll=department&page=,£0.60,£0.15/100g,,,/groceries/en-GB/products/250412487,https://digitalcontent.api.tesco.com/v2/media/ghs/840eed07-cb88-4e88-a1a7-899b23a9fe74/f7406213-6c9d-45c3-8420-bf517cec25d8_900348407.jpeg?h=225&w=225,
297021336,Tesco Black Beans 400G,https://www.tesco.com/groceries/en-GB/shop/food-cupboard/all?department=Tins%2C%20Cans%20%26%20Packets&viewAll=department&page=,£0.70,£2.98/kg DR.WT,,,/groceries/en-GB/products/297021336,https://digitalcontent.api.tesco.com/v2/media/ghs/c76fa781-98cb-40b2-98e5-bd0d494f3406/15a0813b-e76d-4f7d-98ec-dec849da2e6f_1934699285.jpeg?h=225&w=225,
250412245,Tesco Cream Of Tomato Soup 400G,https://www.tesco.com/groceries/en-GB/shop/food-cupboard/all?department=Tins%2C%20Cans%20%26%20Packets&viewAll=department&page=,£0.60,£0.15/100g,,,/groceries/en-GB/products/250412245,https://digitalcontent.api.tesco.com/v2/media/ghs/794cd47d-cf12-4411-baf0-51a137e49207/44437a87-3ed8-4195-8851-5610e97cb225_1823829477.jpeg?h=225&w=225,
262490708,Tesco Butter Beans 400G,https://www.tesco.com/groceries/en-GB/shop/food-cupboard/all?department=Tins%2C%20Cans%20%26%20Packets&viewAll=department&page=,£0.70,£2.98/kg DR.WT,,,/groceries/en-GB/products/262490708,https://digitalcontent.api.tesco.com/v2/media/ghs/3e042bf6-6a02-4e45-aac6-5c751f4f543d/b78df960-f996-48f4-a383-aa769c1eb795_1741957026.jpeg?h=225&w=225,
256228356,Tesco Sliced Carrots In Water 300G,https://www.tesco.com/groceries/en-GB/shop/food-cupboard/all?department=Tins%2C%20Cans%20%26%20Packets&viewAll=department&page=,£0.40,£2.50/kg DR.WT,,,/groceries/en-GB/products/256228356,https://digitalcontent.api.tesco.com/v2/media/ghs/bd91b59f-de7d-4d70-9504-ecb5d1409c1e/28cb787c-0778-4018-906b-daea64f3d46e_1201746034.jpeg?h=225&w=225,
289055728,Tesco Spaghetti Rings 410G,https://www.tesco.com/groceries/en-GB/shop/food-cupboard/all?department=Tins%2C%20Cans%20%26%20Packets&viewAll=department&page=,£0.40,£0.98/kg,,,/groceries/en-GB/products/289055728,https://digitalcontent.api.tesco.com/v2/media/ghs/6a009015-f72a-4f8b-bdd1-84dda64bac05/0302a19f-1743-47d8-bd3d-c1e3eec20d48_774164224.jpeg?h=225&w=225,
251825089,Tesco Italian Chopped Tomatoes 400G Ce,https://www.tesco.com/groceries/en-GB/shop/food-cupboard/all?department=Tins%2C%20Cans%20%26%20Packets&viewAll=department&page=,£0.45,£1.13/kg,Any 4 for £1.70 Clubcard Price - Tesco Peeled Plum Or Italian Chopped Tomatoes 400g,,/groceries/en-GB/products/251825089,https://digitalcontent.api.tesco.com/v2/media/ghs/891382dd-f2df-49d2-bdef-b175c4381247/5eef108e-c40b-460d-a2fd-18d233619e9c_1793816619.jpeg?h=225&w=225,
254900018,Tesco Peach Slices In Juice 410G,https://www.tesco.com/groceries/en-GB/shop/food-cupboard/all?department=Tins%2C%20Cans%20%26%20Packets&viewAll=department&page=,£1.00,£4.00/kg DR.WT,,,/groceries/en-GB/products/254900018,https://digitalcontent.api.tesco.com/v2/media/ghs/77eb6e9c-3ffe-40cc-9ff5-9cde41e04ce7/9355e4e1-32de-492a-9dd1-9b92dd5ade2c_1029050364.jpeg?h=225&w=225,
254757959,Tesco Italian Finely Chopped Tomatoes 400G,https://www.tesco.com/groceries/en-GB/shop/food-cupboard/all?department=Tins%2C%20Cans%20%26%20Packets&viewAll=department&page=,£0.45,£1.13/kg,,,/groceries/en-GB/products/254757959,https://digitalcontent.api.tesco.com/v2/media/ghs/109b4952-d867-4b2e-b3a8-72e66714e0a5/205326fc-8e16-4aa4-ac72-34ace118305a_1781388944.jpeg?h=225&w=225,
251825037,Tesco Italian Plum Peeled Tomatoes 400G,https://www.tesco.com/groceries/en-GB/shop/food-cupboard/all?department=Tins%2C%20Cans%20%26%20Packets&viewAll=department&page=,£0.45,£1.13/kg,Any 4 for £1.70 Clubcard Price - Tesco Peeled Plum Or Italian Chopped Tomatoes 400g,,/groceries/en-GB/products/251825037,https://digitalcontent.api.tesco.com/v2/media/ghs/9f297fdc-f5b3-4c3e-abc8-166891197caf/fd2eacd2-c431-4c77-baf8-841ede55b9d1_1349813731.jpeg?h=225&w=225,
254874296,Tesco Sieved Tomatoes Passata 500G Ce,https://www.tesco.com/groceries/en-GB/shop/food-cupboard/all?department=Tins%2C%20Cans%20%26%20Packets&viewAll=department&page=,£0.50,£1.00/kg,,,/groceries/en-GB/products/254874296,https://digitalcontent.api.tesco.com/v2/media/ghs/ba669256-8a10-4d6c-bed4-40e1f3de64b2/e0ce999a-6896-4d54-bb79-e5b11ae6fbd6_1583392160.jpeg?h=225&w=225,
310182373,Growers Harvest Sweetcorn 325G,https://www.tesco.com/groceries/en-GB/shop/food-cupboard/all?department=Tins%2C%20Cans%20%26%20Packets&viewAll=department&page=,£0.50,£1.93/kg DR.WT,Aldi Price Match,,/groceries/en-GB/products/310182373,https://digitalcontent.api.tesco.com/v2/media/ghs/a0afb47d-3252-4adf-bf09-b9b4d99e754a/46099231-c035-4fac-ba18-8ebb8fffe090_215230802.jpeg?h=225&w=225,
250412533,Tesco Cream Of Chicken Soup 400G,https://www.tesco.com/groceries/en-GB/shop/food-cupboard/all?department=Tins%2C%20Cans%20%26%20Packets&viewAll=department&page=,£0.60,£0.15/100g,,,/groceries/en-GB/products/250412533,https://digitalcontent.api.tesco.com/v2/media/ghs/f4f1b9bd-a865-462a-899e-0669ce394a2a/dd95592d-1dba-4216-8582-9ce2d0e303fb_1714385626.jpeg?h=225&w=225,
254873660,Tesco Marrow Fat Peas 300G,https://www.tesco.com/groceries/en-GB/shop/food-cupboard/all?department=Tins%2C%20Cans%20%26%20Packets&viewAll=department&page=,£0.35,£1.95/kg DR.WT,,,/groceries/en-GB/products/254873660,https://digitalcontent.api.tesco.com/v2/media/ghs/12af98f4-46d5-4513-93b7-31bebaab1dd8/068d347b-e30e-46e8-9da5-f7603abf2e07_702589261.jpeg?h=225&w=225,
263903641,Tesco Mushy Peas 300G,https://www.tesco.com/groceries/en-GB/shop/food-cupboard/all?department=Tins%2C%20Cans%20%26%20Packets&viewAll=department&page=,£0.35,£1.17/kg,,,/groceries/en-GB/products/263903641,https://digitalcontent.api.tesco.com/v2/media/ghs/ed95b066-7d13-402d-bd0e-4216998b4c33/935fa2dd-2776-4fbc-b2dd-8c816e18aa72_1315829682.jpeg?h=225&w=225,
300522845,Growers Harvest Tomato Passata 500G,https://www.tesco.com/groceries/en-GB/shop/food-cupboard/all?department=Tins%2C%20Cans%20%26%20Packets&viewAll=department&page=,£0.42,£0.84/kg,Aldi Price Match,,/groceries/en-GB/products/300522845,https://digitalcontent.api.tesco.com/v2/media/ghs/8a175f0e-2d90-4cf3-9082-b0a445527d60/64282f1a-8d87-4102-a64e-cf8635ca05a8_2010767548.jpeg?h=225&w=225,
258574380,Tesco Sardines In Sunflower Oil 120G,https://www.tesco.com/groceries/en-GB/shop/food-cupboard/all?department=Tins%2C%20Cans%20%26%20Packets&viewAll=department&page=,£0.50,£0.60/100g DR.WT,,,/groceries/en-GB/products/258574380,https://digitalcontent.api.tesco.com/v2/media/ghs/af7c2314-e78b-4980-9995-53a8d50f3183/75fa80ac-1c3b-4951-ab94-277cfab1f24a_878515161.jpeg?h=225&w=225,
254876305,Tesco Baked Beans In Tomato Sauce 220G,https://www.tesco.com/groceries/en-GB/shop/food-cupboard/all?department=Tins%2C%20Cans%20%26%20Packets&viewAll=department&page=,£0.35,£1.60/kg,,,/groceries/en-GB/products/254876305,https://digitalcontent.api.tesco.com/v2/media/ghs/70226590-4fce-4cd7-b97e-76a31678f860/6326bb05-6bfa-4ad5-a1f0-f0c464471cc0_1548180333.jpeg?h=225&w=225,
254879475,Tesco Tomato Puree Tube 200G,https://www.tesco.com/groceries/en-GB/shop/food-cupboard/all?department=Tins%2C%20Cans%20%26%20Packets&viewAll=department&page=,£0.50,£2.50/kg,,,/groceries/en-GB/products/254879475,https://digitalcontent.api.tesco.com/v2/media/ghs/ec248117-eabd-46bc-95f4-8cbe9cdcb145/52b248bc-940a-4ba3-aa96-863a6cd4f7ab_2067473772.jpeg?h=225&w=225,
300594632,Growers Harvest British Mushy Peas 300G,https://www.tesco.com/groceries/en-GB/shop/food-cupboard/all?department=Tins%2C%20Cans%20%26%20Packets&viewAll=department&page=,£0.32,£1.07/kg,Aldi Price Match,,/groceries/en-GB/products/300594632,https://digitalcontent.api.tesco.com/v2/media/ghs/dcae24d6-9128-489b-96ae-ed69cbf49373/bf4f1f4d-9237-4c66-b8bd-53f157d999e3_985899341.jpeg?h=225&w=225,
310093518,Growers Harvest Tomato Puree 200G,https://www.tesco.com/groceries/en-GB/shop/food-cupboard/all?department=Tins%2C%20Cans%20%26%20Packets&viewAll=department&page=,£0.43,£2.15/kg,Aldi Price Match,,/groceries/en-GB/products/310093518,https://digitalcontent.api.tesco.com/v2/media/ghs/19c7af42-d254-4f50-b83b-5b55522dd1e2/6fccf0fc-132e-450d-bbc1-525b4da036e9_1445718452.jpeg?h=225&w=225,
258510116,Tesco Baked Beans In Tomato Sauce 420G,https://www.tesco.com/groceries/en-GB/shop/food-cupboard/all?department=Tins%2C%20Cans%20%26%20Packets&viewAll=department&page=,£0.45,£1.08/kg,Any 4 for £1.30 Clubcard Price - Tesco Baked Beans In Tomato Sauce 420g,,/groceries/en-GB/products/258510116,https://digitalcontent.api.tesco.com/v2/media/ghs/c2858fab-e8ef-4bb8-980a-3f0d5162cdfe/12d5fe39-13dc-4cb5-bee3-314a08a20ad4_243183224.jpeg?h=225&w=225,
300808531,Growers Harvest Red Kidney Beans In Water 400G,https://www.tesco.com/groceries/en-GB/shop/food-cupboard/all?department=Tins%2C%20Cans%20%26%20Packets&viewAll=department&page=,£0.33,£1.38/kg DR.WT,Aldi Price Match,,/groceries/en-GB/products/300808531,https://digitalcontent.api.tesco.com/v2/media/ghs/bb22b6f8-8075-485c-87ca-f5a63e94d5e9/53db92af-2001-44c8-a90c-3837f04d161e_355305228.jpeg?h=225&w=225,
299768716,Grower's Harvest Chopped Tomatoes 400G,https://www.tesco.com/groceries/en-GB/shop/food-cupboard/all?department=Tins%2C%20Cans%20%26%20Packets&viewAll=department&page=,£0.32,£0.80/kg,Aldi Price Match,,/groceries/en-GB/products/299768716,https://digitalcontent.api.tesco.com/v2/media/ghs/22613281-2bb8-4c49-afc0-c5ba2371bb48/aa30f23d-e04e-4338-be2e-8fcb4c5ee16f_995759123.jpeg?h=225&w=225,
309203408,Tesco Reduced Sugar And Salt Baked Beans In Tomato Sauce 420G,https://www.tesco.com/groceries/en-GB/shop/food-cupboard/all?department=Tins%2C%20Cans%20%26%20Packets&viewAll=department&page=,£0.45,£1.08/kg,Any 4 for £1.30 Clubcard Price - Tesco Baked Beans In Tomato Sauce 420g,,/groceries/en-GB/products/309203408,https://digitalcontent.api.tesco.com/v2/media/ghs/fb1fea85-704e-4ffc-b7d1-1e7bc60cfd68/ea7b0aa6-3f39-46ff-9c7c-eb026ff50b46_235679258.jpeg?h=225&w=225,
300522822,Grower's Harvest Plum Tomatoes 400G,https://www.tesco.com/groceries/en-GB/shop/food-cupboard/all?department=Tins%2C%20Cans%20%26%20Packets&viewAll=department&page=,£0.28,£0.70/kg,Aldi Price Match,,/groceries/en-GB/products/300522822,https://digitalcontent.api.tesco.com/v2/media/ghs/18117284-9bb5-4429-8b25-6a6b6e2dc8e9/829a354b-708e-4411-ab97-fe28cc7c5807_1545684421.jpeg?h=225&w=225,
299669062,Stockwell & Co Baked Beans In Tomato Sauce 420G,https://www.tesco.com/groceries/en-GB/shop/food-cupboard/all?department=Tins%2C%20Cans%20%26%20Packets&viewAll=department&page=,£0.27,£0.64/kg,Aldi Price Match,,/groceries/en-GB/products/299669062,https://digitalcontent.api.tesco.com/v2/media/ghs/cf776d72-7d6c-4204-be41-a33e734063ef/efcda446-bf3b-4d0a-80af-f6320ee049f8_2045217398.jpeg?h=225&w=225,
300535536,Stockwell & Co Tuna Chunks In Brine 145G,https://www.tesco.com/groceries/en-GB/shop/food-cupboard/all?department=Tins%2C%20Cans%20%26%20Packets&viewAll=department&page=,£0.55,£0.54/100g DR.WT,Aldi Price Match,,/groceries/en-GB/products/300535536,https://digitalcontent.api.tesco.com/v2/media/ghs/f6daf93e-e33a-40f7-ba85-d93681314c1b/d1a76730-95a0-48cb-a7f8-71a83b4dabca_1281855789.jpeg?h=225&w=225,
300991260,Growers Harvest New Potatoes In Water 567G,https://www.tesco.com/groceries/en-GB/shop/food-cupboard/all?department=Tins%2C%20Cans%20%26%20Packets&viewAll=department&page=,,,,,/groceries/en-GB/products/300991260,https://digitalcontent.api.tesco.com/v2/media/ghs/eea00f42-76ea-45e3-806d-026e9b5b17cf/8c39fbc6-a233-4040-bcaa-17465af6dc7c_2022800506.jpeg?h=225&w=225,This product's currently out of stock
253034146,Heinz Baked Beans In Tomato Sauce 6 X 415G,https://www.tesco.com/groceries/en-GB/shop/food-cupboard/all?department=Tins%2C%20Cans%20%26%20Packets&viewAll=department&page=,£4.50,£1.81/kg,,New,/groceries/en-GB/products/253034146,https://digitalcontent.api.tesco.com/v2/media/ghs/1a11a55f-3590-4faf-a38c-01a6c0578bf5/6d1c28d7-342d-4300-8ee0-d0a0c5e0c446_75268256.jpeg?h=225&w=225,
302197264,Princes Tuna Chunks In Spring Water 4X145g,https://www.tesco.com/groceries/en-GB/shop/food-cupboard/all?department=Tins%2C%20Cans%20%26%20Packets&viewAll=department&page=,£4.00,£0.98/100g DR.WT,,,/groceries/en-GB/products/302197264,,
264771074,Heinz Ravioli In Tomato Sauce 400G,https://www.tesco.com/groceries/en-GB/shop/food-cupboard/all?department=Tins%2C%20Cans%20%26%20Packets&viewAll=department&page=,£1.70,£4.25/kg,Any 3 for £4 Clubcard Price - Selected Heinz Big Soup And Meals 400g 0r 415g,,/groceries/en-GB/products/264771074,https://digitalcontent.api.tesco.com/v2/media/ghs/181f0b90-c524-4adc-bd0a-4e9016597ca5/3526cded-bc1a-43ce-aa90-287ffcdf5492_928547657.jpeg?h=225&w=225,
300991951,Tesco Drained Tuna Steak In Brine 110G,https://www.tesco.com/groceries/en-GB/shop/food-cupboard/all?department=Tins%2C%20Cans%20%26%20Packets&viewAll=department&page=,£1.25,£1.14/100g,Any 3 for £3 Clubcard Price - Selected Tesco Drained Tuna Steak 110g,,/groceries/en-GB/products/300991951,https://digitalcontent.api.tesco.com/v2/media/ghs/60c90ab3-4189-4f6e-bc49-22262c8a8898/05a14d08-ff1f-4b82-9df9-4e9c89d58c8d_165278660.jpeg?h=225&w=225,
258147016,Heinz Big Soup Chicken & Vegetable 400G,https://www.tesco.com/groceries/en-GB/shop/food-cupboard/all?department=Tins%2C%20Cans%20%26%20Packets&viewAll=department&page=,£1.70,£0.42/100g,Any 3 for £4 Clubcard Price - Selected Heinz Big Soup And Meals 400g 0r 415g,,/groceries/en-GB/products/258147016,https://digitalcontent.api.tesco.com/v2/media/ghs/805fe779-0629-4aef-abaa-1dc03836b711/2734ee5d-9fb8-42d7-a950-836804c04de7_999333754.jpeg?h=225&w=225,
300992028,Tesco Drained Tuna Steak In Sunflower Oil 110G,https://www.tesco.com/groceries/en-GB/shop/food-cupboard/all?department=Tins%2C%20Cans%20%26%20Packets&viewAll=department&page=,£1.25,£1.14/100g,Any 3 for £3 Clubcard Price - Selected Tesco Drained Tuna Steak 110g,,/groceries/en-GB/products/300992028,https://digitalcontent.api.tesco.com/v2/media/ghs/4ccf6512-0a6b-4193-a5e1-8e4d01a90b97/38d48241-f950-44ad-8aad-9486fb656844_1845396748.jpeg?h=225&w=225,
258156783,Heinz Cream Of Tomato Soup 4 X 400G,https://www.tesco.com/groceries/en-GB/shop/food-cupboard/all?department=Tins%2C%20Cans%20%26%20Packets&viewAll=department&page=,£3.49,£0.22/100g,Aldi Price Match,,/groceries/en-GB/products/258156783,https://digitalcontent.api.tesco.com/v2/media/ghs/6ad05406-a484-4aa1-bc4d-63176c4e2622/e2d769fb-cb69-46cc-815a-c8d252a8760f_1332535540.jpeg?h=225&w=225,
254875329,Green Giant No Added Salt Sweet Corn 198G,https://www.tesco.com/groceries/en-GB/shop/food-cupboard/all?department=Tins%2C%20Cans%20%26%20Packets&viewAll=department&page=,£0.90,£5.46/kg DR.WT,Any 4 for £3.15 Clubcard Price - Green Giant Sweetcorn 198g,,/groceries/en-GB/products/254875329,https://digitalcontent.api.tesco.com/v2/media/ghs/379ad0b5-63a6-442a-b3e5-bdea61eb66ea/cf8aa8d6-6845-4ced-a8ff-1d83238a6c52_1669042320.jpeg?h=225&w=225,
254900030,Del Monte Peach Slices In Juice 415G,https://www.tesco.com/groceries/en-GB/shop/food-cupboard/all?department=Tins%2C%20Cans%20%26%20Packets&viewAll=department&page=,£1.10,£4.40/kg DR.WT,,,/groceries/en-GB/products/254900030,https://digitalcontent.api.tesco.com/v2/media/ghs/8e84e902-103a-4610-a57a-789e70c4d2ff/608555fa-05db-436e-b0db-3c5df5947577_649649002.jpeg?h=225&w=225,
258147425,Heinz Minestrone Soup 400G,https://www.tesco.com/groceries/en-GB/shop/food-cupboard/all?department=Tins%2C%20Cans%20%26%20Packets&viewAll=department&page=,£1.40,£0.35/100g,Any 4 for £4 Clubcard Price - Selected Heinz Classic Soup 400g,,/groceries/en-GB/products/258147425,https://digitalcontent.api.tesco.com/v2/media/ghs/f863106b-13dc-4fb1-839d-980c7fd68f3b/a4f622b2-3d03-49e4-96b8-68017fba5fb3_542130079.jpeg?h=225&w=225,
295444766,Heinz Baked Beans No Added Sugar 415G,https://www.tesco.com/groceries/en-GB/shop/food-cupboard/all?department=Tins%2C%20Cans%20%26%20Packets&viewAll=department&page=,£1.20,£2.90/kg,Any 2 for £2 Clubcard Price - Heinz Beanz In Tomato Sauce Or No Added Sugar 415g,,/groceries/en-GB/products/295444766,https://digitalcontent.api.tesco.com/v2/media/ghs/2839e927-12cc-4fd0-ace6-332472948e2e/84e5a961-5d5f-4423-aa7e-d6b0e9f00982_1487420647.jpeg?h=225&w=225,
254901582,Del Monte Fruit Cocktail In Juice 415G,https://www.tesco.com/groceries/en-GB/shop/food-cupboard/all?department=Tins%2C%20Cans%20%26%20Packets&viewAll=department&page=,£1.10,£4.40/kg DR.WT,,,/groceries/en-GB/products/254901582,https://digitalcontent.api.tesco.com/v2/media/ghs/9b3851f9-e019-41e0-a3d5-f27749385dc4/516e8c9c-da58-48d7-85e2-53967207d41c_501872083.jpeg?h=225&w=225,
258147333,Heinz Cream Of Mushroom Soup 400G,https://www.tesco.com/groceries/en-GB/shop/food-cupboard/all?department=Tins%2C%20Cans%20%26%20Packets&viewAll=department&page=,£1.40,£0.35/100g,Any 4 for £4 Clubcard Price - Selected Heinz Classic Soup 400g,,/groceries/en-GB/products/258147333,https://digitalcontent.api.tesco.com/v2/media/ghs/5851e3ba-e55a-4bbc-b7a5-113c56aeac71/d9c061d9-de7f-40a2-b177-95240b293fe4_439269951.jpeg?h=225&w=225,
254875197,Green Giant Original Sweet Corn 340G,https://www.tesco.com/groceries/en-GB/shop/food-cupboard/all?department=Tins%2C%20Cans%20%26%20Packets&viewAll=department&page=,£1.15,£4.04/kg DR.WT,Any 3 for £2.80 Clubcard Price - Green Giant Sweetcorn 340g ,,/groceries/en-GB/products/254875197,https://digitalcontent.api.tesco.com/v2/media/ghs/6b19c148-2143-40f9-8a62-c527c65d8ecb/23e880bd-e6fa-452a-8d8e-917b19082ab4_334941583.jpeg?h=225&w=225,
258147523,Heinz Oxtail Soup 400G,https://www.tesco.com/groceries/en-GB/shop/food-cupboard/all?department=Tins%2C%20Cans%20%26%20Packets&viewAll=department&page=,£1.40,£0.35/100g,Any 4 for £4 Clubcard Price - Selected Heinz Classic Soup 400g,,/groceries/en-GB/products/258147523,https://digitalcontent.api.tesco.com/v2/media/ghs/0eac357a-29ef-49c4-821e-b71bb5fc2210/4d202d43-0fa2-40b7-b2b2-f804ea573ddc_299475984.jpeg?h=225&w=225,
256639288,Heinz Chicken Noodle Soup 400G,https://www.tesco.com/groceries/en-GB/shop/food-cupboard/all?department=Tins%2C%20Cans%20%26%20Packets&viewAll=department&page=,£1.40,£0.35/100g,Any 4 for £4 Clubcard Price - Selected Heinz Classic Soup 400g,,/groceries/en-GB/products/256639288,https://digitalcontent.api.tesco.com/v2/media/ghs/61fd595a-e1e8-4475-9be7-2cb1c7cab160/e39bcced-6c76-46f8-b61b-4a238ff44194_886733566.jpeg?h=225&w=225,
295444789,Heinz Beanz No Added Sugar 200G,https://www.tesco.com/groceries/en-GB/shop/food-cupboard/all?department=Tins%2C%20Cans%20%26%20Packets&viewAll=department&page=,£0.80,£4.00/kg,Any 4 for £2.50 Clubcard Price - Heinz Beanz In Tomato Sauce Or No Added Sugar 200g,,/groceries/en-GB/products/295444789,https://digitalcontent.api.tesco.com/v2/media/ghs/cf377a01-90e6-43cb-a13c-7e5dabd91fb9/78d05c03-4160-47c2-aee6-865df3a55f05_324597707.jpeg?h=225&w=225,
268699793,Heinz Classic Soup Carrot & Coriander 400G,https://www.tesco.com/groceries/en-GB/shop/food-cupboard/all?department=Tins%2C%20Cans%20%26%20Packets&viewAll=department&page=,£1.40,£0.35/100g,Any 4 for £4 Clubcard Price - Selected Heinz Classic Soup 400g,,/groceries/en-GB/products/268699793,https://digitalcontent.api.tesco.com/v2/media/ghs/0af17c15-4fc7-4d25-9ef4-10145b0ac69c/7266e8b1-cda9-4285-a28a-c3ea92f49356_1288814177.jpeg?h=225&w=225,
259200234,Princes Corned Beef 340G Can,https://www.tesco.com/groceries/en-GB/shop/food-cupboard/all?department=Tins%2C%20Cans%20%26%20Packets&viewAll=department&page=,£3.50,£1.03/100g,,,/groceries/en-GB/products/259200234,https://digitalcontent.api.tesco.com/v2/media/ghs/4367f790-65f2-42b3-9d89-03848906872b/54b6a9ac-5b40-41fb-a385-586d2e66245d_172064319.jpeg?h=225&w=225,
301956693,Tesco Red Kidney Beans In Chilli 390G,https://www.tesco.com/groceries/en-GB/shop/food-cupboard/all?department=Tins%2C%20Cans%20%26%20Packets&viewAll=department&page=,£0.80,£2.06/kg,,,/groceries/en-GB/products/301956693,https://digitalcontent.api.tesco.com/v2/media/ghs/60dcc44e-f341-4f74-8f6e-f8b23361b0ad/c39c71bf-6ff6-428b-a42b-8e19fe386d92_1930792410.jpeg?h=225&w=225,
264129006,Tesco Green Lentils In Water 390G,https://www.tesco.com/groceries/en-GB/shop/food-cupboard/all?department=Tins%2C%20Cans%20%26%20Packets&viewAll=department&page=,£0.70,£2.98/kg DR.WT,,,/groceries/en-GB/products/264129006,https://digitalcontent.api.tesco.com/v2/media/ghs/10ce2377-3005-4e5b-9746-359be440409b/2ad2ba3f-5f9b-4988-884a-b0f51493b8f5_1920397324.jpeg?h=225&w=225,
303881564,Wikinger 8 Hot Dogs 550G,https://www.tesco.com/groceries/en-GB/shop/food-cupboard/all?department=Tins%2C%20Cans%20%26%20Packets&viewAll=department&page=,£1.55,£0.43/100g DR.WT,£1.30 Clubcard Price,,/groceries/en-GB/products/303881564,https://digitalcontent.api.tesco.com/v2/media/ghs/d4601b2b-ebbd-4b20-968a-7ec535df6054/88ed860c-a3c5-4d8e-99e3-ebae576c743c_139455997.jpeg?h=225&w=225,
256789198,Tesco Garden Peas In Water 290G,https://www.tesco.com/groceries/en-GB/shop/food-cupboard/all?department=Tins%2C%20Cans%20%26%20Packets&viewAll=department&page=,£0.50,£2.86/kg DR.WT,,,/groceries/en-GB/products/256789198,https://digitalcontent.api.tesco.com/v2/media/ghs/47e0f2f3-33d9-4a3a-a9f6-b4e98fa5f141/454ef370-af5d-4c54-986c-50e29e805a87_1081474083.jpeg?h=225&w=225,
258306226,Heinz Spaghetti In Tomato Sauce 400G Can,https://www.tesco.com/groceries/en-GB/shop/food-cupboard/all?department=Tins%2C%20Cans%20%26%20Packets&viewAll=department&page=,£1.00,£2.50/kg,Any 2 for £1.60 Clubcard Price - Selected Heinz Spaghetti In Tomato Sauce Or No Added Sugar 400g,,/groceries/en-GB/products/258306226,https://digitalcontent.api.tesco.com/v2/media/ghs/ca082662-529a-4745-beb8-f6bae0fa3b96/776f6b14-4105-4f08-a67d-e01e673ce150_1845443849.jpeg?h=225&w=225,
275205320,Batchelors Bigga Marrow Fat Bigga Peas 300G,https://www.tesco.com/groceries/en-GB/shop/food-cupboard/all?department=Tins%2C%20Cans%20%26%20Packets&viewAll=department&page=,£0.65,£3.62/kg DR.WT,,,/groceries/en-GB/products/275205320,https://digitalcontent.api.tesco.com/v2/media/ghs/73c89118-4396-44a8-9c0d-fc0c59f5385c/5c57d162-8464-4d01-accd-bc2fb54a745a_907853620.jpeg?h=225&w=225,
262489348,Tesco Cannellini Beans 400G,https://www.tesco.com/groceries/en-GB/shop/food-cupboard/all?department=Tins%2C%20Cans%20%26%20Packets&viewAll=department&page=,£0.70,£2.85/kg DR.WT,,,/groceries/en-GB/products/262489348,https://digitalcontent.api.tesco.com/v2/media/ghs/1c2bb52d-ebfa-400c-b3ad-47cd24b4faaf/fb259692-cd01-4714-afea-2c91ec337fd4_38605177.jpeg?h=225&w=225,
258400811,Heinz Spaghetti Hoops In Tomato Sauce 400G,https://www.tesco.com/groceries/en-GB/shop/food-cupboard/all?department=Tins%2C%20Cans%20%26%20Packets&viewAll=department&page=,£1.00,£2.50/kg,Any 2 for £1.60 Clubcard Price - Selected Heinz Spaghetti In Tomato Sauce Or No Added Sugar 400g,,/groceries/en-GB/products/258400811,https://digitalcontent.api.tesco.com/v2/media/ghs/89f2ca3f-6f0e-4f7b-8b8b-7111caa1e914/f5c19a87-e6c3-4051-8215-8ce769bbea86_743632055.jpeg?h=225&w=225,
254901000,Tesco Mandarin Segments In Juice 298G,https://www.tesco.com/groceries/en-GB/shop/food-cupboard/all?department=Tins%2C%20Cans%20%26%20Packets&viewAll=department&page=,£0.90,£5.15/kg DR.WT,,,/groceries/en-GB/products/254901000,https://digitalcontent.api.tesco.com/v2/media/ghs/84cb412e-7813-4cd9-a67e-ec14f0c56b29/3f628527-fa7d-4777-9dba-44a4f5408ac3_1932719870.jpeg?h=225&w=225,
254874209,Napolina Chopped Tomatoes 400G,https://www.tesco.com/groceries/en-GB/shop/food-cupboard/all?department=Tins%2C%20Cans%20%26%20Packets&viewAll=department&page=,£0.80,£2.00/kg,,,/groceries/en-GB/products/254874209,https://digitalcontent.api.tesco.com/v2/media/ghs/4f60340c-5e4c-4485-a718-088c39a51a80/80581bd2-db8f-4bc6-9373-905e74a7aa6b_257501414.jpeg?h=225&w=225,
275205441,Branston Beans In Tomato Sauce 220G,https://www.tesco.com/groceries/en-GB/shop/food-cupboard/all?department=Tins%2C%20Cans%20%26%20Packets&viewAll=department&page=,£0.55,£2.50/kg,,,/groceries/en-GB/products/275205441,https://digitalcontent.api.tesco.com/v2/media/ghs/cfa11949-904b-4fa1-b39c-33720ca8cd6a/62f6fb89-3ba7-41bb-bd44-10b19d979021_1979737550.jpeg?h=225&w=225,
275205412,Batchelors Mushy Peas Original 300G,https://www.tesco.com/groceries/en-GB/shop/food-cupboard/all?department=Tins%2C%20Cans%20%26%20Packets&viewAll=department&page=,£0.65,£2.17/kg,,,/groceries/en-GB/products/275205412,https://digitalcontent.api.tesco.com/v2/media/ghs/e58baf83-40cf-4944-b98c-d0716493189e/d384d879-8954-45b8-be41-58cdd523005b_528123299.jpeg?h=225&w=225,
254876294,Heinz Baked Beans In Tomato Sauce 150G,https://www.tesco.com/groceries/en-GB/shop/food-cupboard/all?department=Tins%2C%20Cans%20%26%20Packets&viewAll=department&page=,£0.65,£4.34/kg,,,/groceries/en-GB/products/254876294,https://digitalcontent.api.tesco.com/v2/media/ghs/df3b32e5-55b8-4eed-9791-d3e7b5f163b5/d75dc683-aaa0-4539-92bc-6140f5752784_1729956948.jpeg?h=225&w=225,
252750146,Heinz Spaghetti Hoops In Tomato Sauce 205G,https://www.tesco.com/groceries/en-GB/shop/food-cupboard/all?department=Tins%2C%20Cans%20%26%20Packets&viewAll=department&page=,£0.75,£3.66/kg,,,/groceries/en-GB/products/252750146,https://digitalcontent.api.tesco.com/v2/media/ghs/0dd72cbe-d21c-41b5-a478-d369e0436aa6/34e2840e-2aca-4557-b952-792d87034b28_608143383.jpeg?h=225&w=225,
257350462,Kingsfood 8 Hot Dog Sausages,https://www.tesco.com/groceries/en-GB/shop/food-cupboard/all?department=Tins%2C%20Cans%20%26%20Packets&viewAll=department&page=,£0.70,£0.38/100g DR.WT,,,/groceries/en-GB/products/257350462,https://digitalcontent.api.tesco.com/v2/media/ghs/9b06130e-7d25-4107-abcd-65e14b42b4ef/2f010b61-ad3b-4aa4-87fa-ed4c1d571329_1740611005.jpeg?h=225&w=225,
258574345,Tesco Sardines In Tomato Sauce 120G,https://www.tesco.com/groceries/en-GB/shop/food-cupboard/all?department=Tins%2C%20Cans%20%26%20Packets&viewAll=department&page=,£0.50,£0.42/100g,,,/groceries/en-GB/products/258574345,https://digitalcontent.api.tesco.com/v2/media/ghs/c743e3fc-0ed3-4e14-a203-868a68b2cbc8/0cf293f5-6ecc-4df4-9b3d-a13e9cf89031_1539578059.jpeg?h=225&w=225,
289055642,Tesco Spaghetti Rings & Sausages 410G,https://www.tesco.com/groceries/en-GB/shop/food-cupboard/all?department=Tins%2C%20Cans%20%26%20Packets&viewAll=department&page=,£0.80,£1.96/kg,,,/groceries/en-GB/products/289055642,https://digitalcontent.api.tesco.com/v2/media/ghs/feb34352-394b-4c37-88ca-7e4fffddc562/73e1d659-9e22-4eb7-a552-ad0fb14b2ed7_1641933476.jpeg?h=225&w=225,
258574702,Tesco Mackerel Fillets In Tomato 125G,https://www.tesco.com/groceries/en-GB/shop/food-cupboard/all?department=Tins%2C%20Cans%20%26%20Packets&viewAll=department&page=,£0.80,£0.64/100g,,,/groceries/en-GB/products/258574702,https://digitalcontent.api.tesco.com/v2/media/ghs/b0df5557-b34a-46d5-9704-3fb74a7e3f2a/88c6a414-af42-4450-908c-ae65e428992e_1007608265.jpeg?h=225&w=225,
276975828,Tesco Mixed Baked Beans 415G,https://www.tesco.com/groceries/en-GB/shop/food-cupboard/all?department=Tins%2C%20Cans%20%26%20Packets&viewAll=department&page=,£0.60,£1.45/kg,,,/groceries/en-GB/products/276975828,https://digitalcontent.api.tesco.com/v2/media/ghs/ba81f60d-2788-47b7-90bc-7eaef8f4d633/ef2c6190-a320-4a2f-a864-fd9d00a29c2d_1050703358.jpeg?h=225&w=225,
308859526,Tesco Pineapple Chunks In Juice 425G,https://www.tesco.com/groceries/en-GB/shop/food-cupboard/all?department=Tins%2C%20Cans%20%26%20Packets&viewAll=department&page=,£1.00,£3.85/kg DR.WT,,,/groceries/en-GB/products/308859526,https://digitalcontent.api.tesco.com/v2/media/ghs/f2652f1c-dfc5-4367-984c-6a088d469eb9/dc24555a-f8b6-40b7-9f91-f2aa46ba06a8_1619858598.jpeg?h=225&w=225,
250412579,Tesco Cream Of Mushroom Soup 400G,https://www.tesco.com/groceries/en-GB/shop/food-cupboard/all?department=Tins%2C%20Cans%20%26%20Packets&viewAll=department&page=,£0.60,£0.15/100g,,,/groceries/en-GB/products/250412579,https://digitalcontent.api.tesco.com/v2/media/ghs/01ad58a2-4636-464f-b5c2-2063a846342e/abe2063c-cfe2-43f8-bd4f-580e78d3956d_1026004606.jpeg?h=225&w=225,
250412470,Tesco Minestrone Soup 400G,https://www.tesco.com/groceries/en-GB/shop/food-cupboard/all?department=Tins%2C%20Cans%20%26%20Packets&viewAll=department&page=,£0.60,£0.15/100g,,,/groceries/en-GB/products/250412470,https://digitalcontent.api.tesco.com/v2/media/ghs/a280d84b-2a18-425a-93c1-386d02adaca4/56d07fba-8f5a-41b1-b650-26846d2e98c2_2031252941.jpeg?h=225&w=225,
305986437,Tesco Peeled New Potatoes In Water 300G,https://www.tesco.com/groceries/en-GB/shop/food-cupboard/all?department=Tins%2C%20Cans%20%26%20Packets&viewAll=department&page=,,,,,/groceries/en-GB/products/305986437,https://digitalcontent.api.tesco.com/v2/media/ghs/841912ea-74ae-44ae-a263-3b27b281fecd/02d1bd36-9eac-406c-a2ba-4337ee6cd8ac_1526430977.jpeg?h=225&w=225,This product's currently out of stock
278855328,Ye Old Oak 8 Hot Dogs 400G,https://www.tesco.com/groceries/en-GB/shop/food-cupboard/all?department=Tins%2C%20Cans%20%26%20Packets&viewAll=department&page=,£0.59,£0.32/100g DR.WT,Aldi Price Match,,/groceries/en-GB/products/278855328,https://digitalcontent.api.tesco.com/v2/media/ghs/b9297b9d-476c-43a4-9b8c-8f1611c62e0c/566d8400-61bc-4815-995c-8d15a9d78914_1491193243.jpeg?h=225&w=225,
254051665,Tesco Italian Chopped Tomatoes227g,https://www.tesco.com/groceries/en-GB/shop/food-cupboard/all?department=Tins%2C%20Cans%20%26%20Packets&viewAll=department&page=,£0.35,£1.55/kg,,,/groceries/en-GB/products/254051665,https://digitalcontent.api.tesco.com/v2/media/ghs/7e1e09a0-f0f3-47a1-b01a-0d94f5a53a11/6ca176f0-f036-4397-b8ac-d6e6130028e5_990179522.jpeg?h=225&w=225,
309189073,Tesco Reduced Sugar & Salt Baked Beans 220G,https://www.tesco.com/groceries/en-GB/shop/food-cupboard/all?department=Tins%2C%20Cans%20%26%20Packets&viewAll=department&page=,£0.35,£1.60/kg,,,/groceries/en-GB/products/309189073,https://digitalcontent.api.tesco.com/v2/media/ghs/559e1492-0eaa-4daa-830b-122634f64729/8e25d457-8dbb-432f-8766-7f515c36788f_177954807.jpeg?h=225&w=225,
307145261,La Doria Sweetcorn In Water 198G,https://www.tesco.com/groceries/en-GB/shop/food-cupboard/all?department=Tins%2C%20Cans%20%26%20Packets&viewAll=department&page=,£0.37,£2.32/kg DR.WT,Reduced to Clear Was £0.55 Now £0.37,,/groceries/en-GB/products/307145261,https://digitalcontent.api.tesco.com/v2/media/ghs/04c3c2d2-8ab6-44f0-907a-0e2d575382cb/db56cfa2-6ae4-4312-99a5-ee987d4c7730_1336534556.jpeg?h=225&w=225,
302197644,Princes Tuna Chunks In Brine 4X145g,https://www.tesco.com/groceries/en-GB/shop/food-cupboard/all?department=Tins%2C%20Cans%20%26%20Packets&viewAll=department&page=,£4.00,£0.98/100g DR.WT,,,/groceries/en-GB/products/302197644,https://digitalcontent.api.tesco.com/v2/media/ghs/80791ac3-a2ab-4db9-88da-01631a6eaef9/d7fcce24-d9fc-4747-923c-9bddb8b3b94a_1749225173.jpeg?h=225&w=225,
301511619,John West No Drain Tuna Steak In Oil Fridge Pot 110G,https://www.tesco.com/groceries/en-GB/shop/food-cupboard/all?department=Tins%2C%20Cans%20%26%20Packets&viewAll=department&page=,£2.00,£1.82/100g,Any 3 for £4 Clubcard Price - Selected John West No Drain Tuna Steak 110g,,/groceries/en-GB/products/301511619,https://digitalcontent.api.tesco.com/v2/media/ghs/276350ca-248b-4acb-b29d-547e74f3fc26/1dd1a19c-1fbd-4741-a46a-d06426334259_867045720.jpeg?h=225&w=225,
258479395,Heinz Spaghetti & Sausages 400G Can,https://www.tesco.com/groceries/en-GB/shop/food-cupboard/all?department=Tins%2C%20Cans%20%26%20Packets&viewAll=department&page=,£1.70,£4.25/kg,Any 3 for £4 Clubcard Price - Selected Heinz Big Soup And Meals 400g 0r 415g,,/groceries/en-GB/products/258479395,https://digitalcontent.api.tesco.com/v2/media/ghs/cad79402-02a8-4573-a6ad-53b017fad415/e7463099-3b58-418a-b709-d8f6145a262b_1697157518.jpeg?h=225&w=225,
295444806,Heinz Beanz No Added Sugar 4 X 415G,https://www.tesco.com/groceries/en-GB/shop/food-cupboard/all?department=Tins%2C%20Cans%20%26%20Packets&viewAll=department&page=,£3.49,£2.11/kg,Aldi Price Match,,/groceries/en-GB/products/295444806,,
301510322,Napolina Passata 690G,https://www.tesco.com/groceries/en-GB/shop/food-cupboard/all?department=Tins%2C%20Cans%20%26%20Packets&viewAll=department&page=,£1.50,£2.18/kg,,,/groceries/en-GB/products/301510322,https://digitalcontent.api.tesco.com/v2/media/ghs/12d1b1aa-52b0-4942-83e5-9dbe6ce4948a/44ec05c6-a49f-44f3-b0de-559270589dbe_1235303168.jpeg?h=225&w=225,
258146927,Heinz Big Soup Beef & Vegetable 400G,https://www.tesco.com/groceries/en-GB/shop/food-cupboard/all?department=Tins%2C%20Cans%20%26%20Packets&viewAll=department&page=,£1.70,£0.42/100g,Any 3 for £4 Clubcard Price - Selected Heinz Big Soup And Meals 400g 0r 415g,,/groceries/en-GB/products/258146927,https://digitalcontent.api.tesco.com/v2/media/ghs/9b90b0ba-3538-4f6d-963a-92e236350d24/11d7a19d-a645-4510-9a7a-d0f5cf36bd1c_87709210.jpeg?h=225&w=225,
258146893,Heinz Big Soup Beef Broth 400G,https://www.tesco.com/groceries/en-GB/shop/food-cupboard/all?department=Tins%2C%20Cans%20%26%20Packets&viewAll=department&page=,£1.70,£0.42/100g,,New,/groceries/en-GB/products/258146893,https://digitalcontent.api.tesco.com/v2/media/ghs/6d5f6c5c-ef74-4f0f-9e3f-153ce3c2c54b/15b5f02f-f2ed-4d7d-9cd9-f2693f555329_961656565.jpeg?h=225&w=225,
274069050,Heinz Big Soup Chicken & Leek 400G,https://www.tesco.com/groceries/en-GB/shop/food-cupboard/all?department=Tins%2C%20Cans%20%26%20Packets&viewAll=department&page=,£1.70,£0.42/100g,,New,/groceries/en-GB/products/274069050,https://digitalcontent.api.tesco.com/v2/media/ghs/faa5814f-9c02-44c5-9f10-c9ba6b3f2d14/f385775e-3724-4885-bca1-5eeab52e500f_1649529229.jpeg?h=225&w=225,
258147402,Heinz Lentil Soup 400G,https://www.tesco.com/groceries/en-GB/shop/food-cupboard/all?department=Tins%2C%20Cans%20%26%20Packets&viewAll=department&page=,£1.40,£0.35/100g,Any 4 for £4 Clubcard Price - Selected Heinz Classic Soup 400g,,/groceries/en-GB/products/258147402,https://digitalcontent.api.tesco.com/v2/media/ghs/eaaa2f6f-401c-4d5b-b290-7eaba58d243a/64ce5fb0-2068-457c-a391-0257796d15d1_1358818250.jpeg?h=225&w=225,
295444841,Heinz Baked Beans No Added Sugar 4 Pack 4 X 200G,https://www.tesco.com/groceries/en-GB/shop/food-cupboard/all?department=Tins%2C%20Cans%20%26%20Packets&viewAll=department&page=,£2.49,£3.12/kg,,,/groceries/en-GB/products/295444841,https://digitalcontent.api.tesco.com/v2/media/ghs/b656e523-99b1-4712-be09-369a1e2927f5/323c5a64-bceb-4eb2-a6bb-6b048450cf87_1371103794.jpeg?h=225&w=225,
260748253,Heinz Cream Of Tomato & Basil Soup 400G,https://www.tesco.com/groceries/en-GB/shop/food-cupboard/all?department=Tins%2C%20Cans%20%26%20Packets&viewAll=department&page=,£1.40,£0.35/100g,Any 4 for £4 Clubcard Price - Selected Heinz Classic Soup 400g,,/groceries/en-GB/products/260748253,https://digitalcontent.api.tesco.com/v2/media/ghs/07bcf841-e453-49e0-9843-325f190fe7b9/731b8ab3-2932-421b-b2ce-0620dc74d74e_909754975.jpeg?h=225&w=225,
258147581,Heinz Beef Broth Soup 400G,https://www.tesco.com/groceries/en-GB/shop/food-cupboard/all?department=Tins%2C%20Cans%20%26%20Packets&viewAll=department&page=,£1.40,£0.35/100g,Any 4 for £4 Clubcard Price - Selected Heinz Classic Soup 400g,,/groceries/en-GB/products/258147581,https://digitalcontent.api.tesco.com/v2/media/ghs/b3d36c1f-1612-4977-b601-416881f177e3/9208f5df-b60b-4562-b6ec-2b6b42229795_854917935.jpeg?h=225&w=225,
255605263,Tesco Pineapple Slices In Natural Juice 227G,https://www.tesco.com/groceries/en-GB/shop/food-cupboard/all?department=Tins%2C%20Cans%20%26%20Packets&viewAll=department&page=,£0.90,£6.62/kg DR.WT,,,/groceries/en-GB/products/255605263,https://digitalcontent.api.tesco.com/v2/media/ghs/dfbbd910-fba4-435d-b120-9bf1bf9e9072/972279a1-d860-4098-b0c3-84a3995c4d13_1236778369.jpeg?h=225&w=225,
258147143,Heinz Chicken & Mushroom Soup 400G,https://www.tesco.com/groceries/en-GB/shop/food-cupboard/all?department=Tins%2C%20Cans%20%26%20Packets&viewAll=department&page=,£1.40,£0.35/100g,Any 4 for £4 Clubcard Price - Selected Heinz Classic Soup 400g,,/groceries/en-GB/products/258147143,https://digitalcontent.api.tesco.com/v2/media/ghs/ef66537e-05b2-4999-89e3-4e045940b2e1/7eb84076-4ba5-490d-bf2e-ebea51350eee_1863004172.jpeg?h=225&w=225,
258147609,Heinz Potato & Leek Soup 400G,https://www.tesco.com/groceries/en-GB/shop/food-cupboard/all?department=Tins%2C%20Cans%20%26%20Packets&viewAll=department&page=,£1.40,£0.35/100g,Any 4 for £4 Clubcard Price - Selected Heinz Classic Soup 400g,,/groceries/en-GB/products/258147609,https://digitalcontent.api.tesco.com/v2/media/ghs/73aa0c57-35e5-4c99-b68d-7b4c7efce078/125ea1f9-6e53-4e74-af53-45b5231092d1_1715634702.jpeg?h=225&w=225,
258147765,Heinz Scotch Broth Soup 400G,https://www.tesco.com/groceries/en-GB/shop/food-cupboard/all?department=Tins%2C%20Cans%20%26%20Packets&viewAll=department&page=,£1.40,£0.35/100g,Any 4 for £4 Clubcard Price - Selected Heinz Classic Soup 400g,,/groceries/en-GB/products/258147765,https://digitalcontent.api.tesco.com/v2/media/ghs/7b73bb2b-ed9b-4100-bac2-d9b06906cc01/13a02cab-b28a-419f-a27e-209dd541c8d7_288806425.jpeg?h=225&w=225,
252632995,Heinz Baked Beans & Pork Sausages 200G,https://www.tesco.com/groceries/en-GB/shop/food-cupboard/all?department=Tins%2C%20Cans%20%26%20Packets&viewAll=department&page=,£1.20,£6.00/kg,,,/groceries/en-GB/products/252632995,https://digitalcontent.api.tesco.com/v2/media/ghs/308aa20b-f754-4348-ae59-5f98aaf5aaa1/863384d1-76f6-480f-b5e3-d8d2d6ae7a83_1384433785.jpeg?h=225&w=225,
262489095,Tesco Wholefood Three Bean Salad In Water 400G,https://www.tesco.com/groceries/en-GB/shop/food-cupboard/all?department=Tins%2C%20Cans%20%26%20Packets&viewAll=department&page=,£0.80,£3.26/kg DR.WT,,,/groceries/en-GB/products/262489095,https://digitalcontent.api.tesco.com/v2/media/ghs/82eb576f-717e-49e5-a0f3-bef9feea2135/83ff9dfe-ad1f-44e6-85f4-1ac0a3df4bee_1938590078.jpeg?h=225&w=225,
301554304,John West No Drain Tuna Fridge Pot Springwater 110G,https://www.tesco.com/groceries/en-GB/shop/food-cupboard/all?department=Tins%2C%20Cans%20%26%20Packets&viewAll=department&page=,£2.00,£1.82/100g DR.WT,Any 3 for £4 Clubcard Price - Selected John West No Drain Tuna Steak 110g,,/groceries/en-GB/products/301554304,https://digitalcontent.api.tesco.com/v2/media/ghs/45dcad74-32e1-4272-aef6-4c10d46b1170/a7f855da-9b87-4cff-9467-89b69791ef48_1293750642.jpeg?h=225&w=225,
256768198,Batchelors Cup A Soup Creamy Potato & Leek 4S 107.4G,https://www.tesco.com/groceries/en-GB/shop/food-cupboard/all?department=Tins%2C%20Cans%20%26%20Packets&viewAll=department&page=,£1.09,£1.02/100g,Any 3 for £2.50 Clubcard Price - Selected Batchelors Cup A Soup 50g-122g,,/groceries/en-GB/products/256768198,https://digitalcontent.api.tesco.com/v2/media/ghs/0fea4308-5162-4669-be8a-b3c651b2f6c9/51842ead-42da-46e8-8e95-7da75a4d7294_1862904317.jpeg?h=225&w=225,
311448093,Heinz Baked Beans In Tomato Sauce Snap Pots 4X200g,https://www.tesco.com/groceries/en-GB/shop/food-cupboard/all?department=Tins%2C%20Cans%20%26%20Packets&viewAll=department&page=,£2.49,£3.12/kg,,,/groceries/en-GB/products/311448093,https://digitalcontent.api.tesco.com/v2/media/ghs/465a77be-67fc-435c-a267-77f18de45c2e/1f6f2b30-2e8b-40cd-aca3-35d112f1ae9d_1069597471.jpeg?h=225&w=225,
258574414,Tesco Sardines In Brine 120G,https://www.tesco.com/groceries/en-GB/shop/food-cupboard/all?department=Tins%2C%20Cans%20%26%20Packets&viewAll=department&page=,£0.50,£0.60/100g DR.WT,,,/groceries/en-GB/products/258574414,https://digitalcontent.api.tesco.com/v2/media/ghs/fdcada46-5146-4e12-b0e0-ddae0e20fc71/3b5d9ce5-d3cf-4fe4-abac-06a06f03d6d9_793613736.jpeg?h=225&w=225,
262876719,Tesco Red Split Lentils 1Kg,https://www.tesco.com/groceries/en-GB/shop/food-cupboard/all?department=Tins%2C%20Cans%20%26%20Packets&viewAll=department&page=,£1.80,£1.80/kg,,,/groceries/en-GB/products/262876719,https://digitalcontent.api.tesco.com/v2/media/ghs/c56cad7c-8329-4d23-aa1b-6a7cd401b1b1/a4b5011d-453d-4ba6-a11b-bc6e3b4c2491_156240038.jpeg?h=225&w=225,
254900600,Tesco Pear Quarters In Natural Juice 410G,https://www.tesco.com/groceries/en-GB/shop/food-cupboard/all?department=Tins%2C%20Cans%20%26%20Packets&viewAll=department&page=,£1.00,£4.45/kg DR.WT,,,/groceries/en-GB/products/254900600,https://digitalcontent.api.tesco.com/v2/media/ghs/c8ddf58e-81ec-4478-8454-6d2b7e9b904d/c2705c89-6475-4847-b739-26db6ab31b70_879808714.jpeg?h=225&w=225,
252681688,Heinz Spaghetti In Tomato Sauce 200G,https://www.tesco.com/groceries/en-GB/shop/food-cupboard/all?department=Tins%2C%20Cans%20%26%20Packets&viewAll=department&page=,£0.75,£3.75/kg,,,/groceries/en-GB/products/252681688,https://digitalcontent.api.tesco.com/v2/media/ghs/1bc82198-f4d2-4aa7-a4ce-ca696b1c8de2/c3a35373-da6d-4532-bb6b-75391cd66fec_2132568682.jpeg?h=225&w=225,
271947225,Tesco Garlic & Herb Passata 500G,https://www.tesco.com/groceries/en-GB/shop/food-cupboard/all?department=Tins%2C%20Cans%20%26%20Packets&viewAll=department&page=,£0.80,£1.60/kg,,,/groceries/en-GB/products/271947225,https://digitalcontent.api.tesco.com/v2/media/ghs/8d6ba4a3-770b-4c35-8ad0-9e1031286945/8411dcfd-288c-4d5f-b32b-d8ef95a64490_1061020174.jpeg?h=225&w=225,
275206273,Farrow's Giant Marrow Fat Peas 300G,https://www.tesco.com/groceries/en-GB/shop/food-cupboard/all?department=Tins%2C%20Cans%20%26%20Packets&viewAll=department&page=,£0.70,£3.89/kg DR.WT,,,/groceries/en-GB/products/275206273,https://digitalcontent.api.tesco.com/v2/media/ghs/645bf79f-4b15-4bda-9de2-9983488fe9c4/88317286-9897-4ee7-bc25-0b24f2fe0bd2_617990264.jpeg?h=225&w=225,
259318844,Tesco Italian Chopped Tomatoes With Garlic 390G,https://www.tesco.com/groceries/en-GB/shop/food-cupboard/all?department=Tins%2C%20Cans%20%26%20Packets&viewAll=department&page=,£0.60,£1.54/kg,,,/groceries/en-GB/products/259318844,https://digitalcontent.api.tesco.com/v2/media/ghs/ddf1eff4-9f92-4c5e-91ac-ff5c126390dd/dc80d0f5-254b-4b7b-80a4-588cc33b4e17_2041390695.jpeg?h=225&w=225,
309204246,Tesco Pineapple Slices In Juice 425G,https://www.tesco.com/groceries/en-GB/shop/food-cupboard/all?department=Tins%2C%20Cans%20%26%20Packets&viewAll=department&page=,£1.00,£3.85/kg DR.WT,,,/groceries/en-GB/products/309204246,https://digitalcontent.api.tesco.com/v2/media/ghs/3c3fd22e-11f1-419f-81dc-dcfda42892bd/72129b6d-8004-4776-bc5e-c5ab472431bc_17751986.jpeg?h=225&w=225,
305248281,Tesco Plant Chef Lentil & Pepper Soup 400G,https://www.tesco.com/groceries/en-GB/shop/food-cupboard/all?department=Tins%2C%20Cans%20%26%20Packets&viewAll=department&page=,£0.65,£0.16/100g,,,/groceries/en-GB/products/305248281,https://digitalcontent.api.tesco.com/v2/media/ghs/feacdfb5-21b0-4419-883e-d9835567a6c9/8f2b8ee8-c718-4cc2-a2d0-91a1ac040142_1523628758.jpeg?h=225&w=225,
258574760,Tesco Mackerel Fillets In Brine 125G,https://www.tesco.com/groceries/en-GB/shop/food-cupboard/all?department=Tins%2C%20Cans%20%26%20Packets&viewAll=department&page=,£0.80,£0.91/100g DR.WT,,,/groceries/en-GB/products/258574760,https://digitalcontent.api.tesco.com/v2/media/ghs/cf8d254a-9255-4248-a8bd-2249ec128805/63041c9d-38c1-4f5e-be6d-0598620be35f_563067943.jpeg?h=225&w=225,
254879400,Tesco Tomato Puree 142G,https://www.tesco.com/groceries/en-GB/shop/food-cupboard/all?department=Tins%2C%20Cans%20%26%20Packets&viewAll=department&page=,£0.35,£2.47/kg,,,/groceries/en-GB/products/254879400,https://digitalcontent.api.tesco.com/v2/media/ghs/ccf65693-334b-4676-91d5-10b88115dde6/56334f8a-5dd9-4001-a8f6-0d5d82627d80_269533308.jpeg?h=225&w=225,
259062039,Tesco Prunes In Juice 410G,https://www.tesco.com/groceries/en-GB/shop/food-cupboard/all?department=Tins%2C%20Cans%20%26%20Packets&viewAll=department&page=,£1.00,£4.26/kg DR.WT,,,/groceries/en-GB/products/259062039,https://digitalcontent.api.tesco.com/v2/media/ghs/3d4931d6-b5ca-412f-8782-ebed7267b694/9ae1f0d6-879a-4f42-b0b1-6028ab4e21e3_1910102113.jpeg?h=225&w=225,
267153496,Tesco Mulligatawny Soup 400G,https://www.tesco.com/groceries/en-GB/shop/food-cupboard/all?department=Tins%2C%20Cans%20%26%20Packets&viewAll=department&page=,£0.60,£0.15/100g,,,/groceries/en-GB/products/267153496,https://digitalcontent.api.tesco.com/v2/media/ghs/8f7ec2fd-0b11-48ef-b181-1d2e03e29948/72a2a2f9-dc27-4108-a05d-cddda6f6482b_1104211282.jpeg?h=225&w=225,
251108973,Tesco Broccoli And Stilton Soup 400G,https://www.tesco.com/groceries/en-GB/shop/food-cupboard/all?department=Tins%2C%20Cans%20%26%20Packets&viewAll=department&page=,£0.60,£0.15/100g,,,/groceries/en-GB/products/251108973,https://digitalcontent.api.tesco.com/v2/media/ghs/4cda1ef2-4415-43b4-9586-12d77666d11a/8430959d-a5ae-4165-ba1c-7842f42b197c_185464586.jpeg?h=225&w=225,
305437799,Tesco Plant Chef Sweet Potato & Coconut Soup 400G,https://www.tesco.com/groceries/en-GB/shop/food-cupboard/all?department=Tins%2C%20Cans%20%26%20Packets&viewAll=department&page=,£0.65,£0.16/100g,,,/groceries/en-GB/products/305437799,https://digitalcontent.api.tesco.com/v2/media/ghs/9b741875-a874-44ad-a97a-42cde6c08a35/ea29a3ee-f690-427f-bdf4-1555be5074f9_535479366.jpeg?h=225&w=225,
285132396,Tesco Lentil And Bacon Soup 400G,https://www.tesco.com/groceries/en-GB/shop/food-cupboard/all?department=Tins%2C%20Cans%20%26%20Packets&viewAll=department&page=,£0.60,£0.15/100g,,,/groceries/en-GB/products/285132396,https://digitalcontent.api.tesco.com/v2/media/ghs/0974b202-c5a5-4f65-b774-7a03a75db399/a083c665-dad1-44cc-8f11-8b2cb93b2e6e_1320689233.jpeg?h=225&w=225,
250412660,Tesco Oxtail Soup 400G,https://www.tesco.com/groceries/en-GB/shop/food-cupboard/all?department=Tins%2C%20Cans%20%26%20Packets&viewAll=department&page=,£0.60,£0.15/100g,,,/groceries/en-GB/products/250412660,https://digitalcontent.api.tesco.com/v2/media/ghs/8ea276d1-5c6e-4133-b09b-0110f3ca7a72/6fe56c52-f8ec-4453-b8db-eaeedd5a72d2_1809886620.jpeg?h=225&w=225,
306661169,Tesco Meatballs In Tomato Sauce 395G,https://www.tesco.com/groceries/en-GB/shop/food-cupboard/all?department=Tins%2C%20Cans%20%26%20Packets&viewAll=department&page=,£0.75,£1.90/kg,,,/groceries/en-GB/products/306661169,https://digitalcontent.api.tesco.com/v2/media/ghs/fb00481b-159d-4c24-93fb-c75f2cfc1de9/4805c118-01b8-4dbf-8417-eba2d0aeb525_1861265258.jpeg?h=225&w=225,
300808934,Growers Harvest Mandarin Pieces In Syrup 312G,https://www.tesco.com/groceries/en-GB/shop/food-cupboard/all?department=Tins%2C%20Cans%20%26%20Packets&viewAll=department&page=,£0.50,£2.86/kg,,,/groceries/en-GB/products/300808934,https://digitalcontent.api.tesco.com/v2/media/ghs/aee32e1b-3209-45fc-868a-3cf6bf1d029b/c93e08b1-0f55-4f60-a7df-7d76240650b3_1421838565.jpeg?h=225&w=225,
250411920,Tesco Pea And Ham Soup 400G,https://www.tesco.com/groceries/en-GB/shop/food-cupboard/all?department=Tins%2C%20Cans%20%26%20Packets&viewAll=department&page=,£0.60,£0.15/100g,,,/groceries/en-GB/products/250411920,https://digitalcontent.api.tesco.com/v2/media/ghs/c60671bb-3b85-4f69-aa9b-d80d72747a2f/ff24bd80-e887-4c57-a9a3-75949d0172b3_176889748.jpeg?h=225&w=225,
253951621,Tesco Mackerel Fillets Sunflower Oil 125G,https://www.tesco.com/groceries/en-GB/shop/food-cupboard/all?department=Tins%2C%20Cans%20%26%20Packets&viewAll=department&page=,£0.80,£0.91/100g DR.WT,,,/groceries/en-GB/products/253951621,https://digitalcontent.api.tesco.com/v2/media/ghs/82be0af8-3ca8-4537-866f-9ca5ef1285ef/08c79682-8305-44ae-a3c9-f6642dce47e4_90898637.jpeg?h=225&w=225,
300523965,Stockwell & Co Baked Beans & Pork Sausages 405G,https://www.tesco.com/groceries/en-GB/shop/food-cupboard/all?department=Tins%2C%20Cans%20%26%20Packets&viewAll=department&page=,£0.42,£1.04/kg,Aldi Price Match,,/groceries/en-GB/products/300523965,https://digitalcontent.api.tesco.com/v2/media/ghs/6353c334-d293-4da2-87f0-87e2acc4d9c3/6fad8466-c18c-4d0e-9c90-ff38ccdce03b_1253130989.jpeg?h=225&w=225,
302197621,Princes Tuna Chunks In Sunflower Oil 4X145g,https://www.tesco.com/groceries/en-GB/shop/food-cupboard/all?department=Tins%2C%20Cans%20%26%20Packets&viewAll=department&page=,£4.00,£0.98/100g DR.WT,,,/groceries/en-GB/products/302197621,https://digitalcontent.api.tesco.com/v2/media/ghs/d4fee567-07af-47e6-af8b-18d69dcefef2/17a068b9-ec41-4989-953b-b42c8c3a8dc4_1636356270.jpeg?h=225&w=225,
281464913,Tesco Tuna Chunks In Spring Water 3X80g,https://www.tesco.com/groceries/en-GB/shop/food-cupboard/all?department=Tins%2C%20Cans%20%26%20Packets&viewAll=department&page=,£2.00,£1.20/100g DR.WT,,,/groceries/en-GB/products/281464913,https://digitalcontent.api.tesco.com/v2/media/ghs/89ba0cb4-e911-415b-9588-de5baba85a47/e0d2e115-ac8d-46ae-977b-0c997cdcee97_73356079.jpeg?h=225&w=225,
306930957,Tesco Finest Cantabrian Anchovy Fillets 50G,https://www.tesco.com/groceries/en-GB/shop/food-cupboard/all?department=Tins%2C%20Cans%20%26%20Packets&viewAll=department&page=,£1.65,£5.50/100g DR.WT,,,/groceries/en-GB/products/306930957,https://digitalcontent.api.tesco.com/v2/media/ghs/88f7ff10-2e4a-4494-bb45-f3d4ace39bdc/snapshotimagehandler_1868853498.jpeg?h=225&w=225,
252749984,Heinz Spaghetti Bolognese 400G,https://www.tesco.com/groceries/en-GB/shop/food-cupboard/all?department=Tins%2C%20Cans%20%26%20Packets&viewAll=department&page=,£1.70,£4.25/kg,Any 3 for £4 Clubcard Price - Selected Heinz Big Soup And Meals 400g 0r 415g,,/groceries/en-GB/products/252749984,https://digitalcontent.api.tesco.com/v2/media/ghs/4276d1b3-6431-4d57-af7b-e9357ea9f308/87db0e96-547a-4888-97e5-c38f765312b2_979624448.jpeg?h=225&w=225,
255206418,Spam Chopped Pork & Ham 340G,https://www.tesco.com/groceries/en-GB/shop/food-cupboard/all?department=Tins%2C%20Cans%20%26%20Packets&viewAll=department&page=,£3.00,£0.88/100g,£2.45 Clubcard Price,,/groceries/en-GB/products/255206418,https://digitalcontent.api.tesco.com/v2/media/ghs/165663cd-73ff-4cac-be7f-b03a3dc891e2/a5c638e0-ae68-454e-8804-3739db516bbb_126488679.jpeg?h=225&w=225,
258147108,Heinz Big Soup Chunky Vegetable 400G,https://www.tesco.com/groceries/en-GB/shop/food-cupboard/all?department=Tins%2C%20Cans%20%26%20Packets&viewAll=department&page=,£1.70,£0.42/100g,Any 3 for £4 Clubcard Price - Selected Heinz Big Soup And Meals 400g 0r 415g,,/groceries/en-GB/products/258147108,https://digitalcontent.api.tesco.com/v2/media/ghs/21b470ce-679a-450b-a7f9-702ab91fdf69/a267e50f-3531-466f-b199-c3ccc1161528_732134484.jpeg?h=225&w=225,
300535513,Tesco Italian Cherry Tomatoes 400G,https://www.tesco.com/groceries/en-GB/shop/food-cupboard/all?department=Tins%2C%20Cans%20%26%20Packets&viewAll=department&page=,£1.10,£2.75/kg,,,/groceries/en-GB/products/300535513,https://digitalcontent.api.tesco.com/v2/media/ghs/fd0929b0-7f96-412e-880d-f8d7143452c3/3d5ba080-f66e-46fc-be5b-ec5833a26aef_710367457.jpeg?h=225&w=225,
252909507,Del Monte Prunes In Juice 410G,https://www.tesco.com/groceries/en-GB/shop/food-cupboard/all?department=Tins%2C%20Cans%20%26%20Packets&viewAll=department&page=,£1.10,£4.59/kg DR.WT,,,/groceries/en-GB/products/252909507,https://digitalcontent.api.tesco.com/v2/media/ghs/a9c80bb7-f0af-4f69-a574-85cd0813aef4/f1bb1192-1c84-448b-a9b4-a7b2097273af_1186696913.jpeg?h=225&w=225,
266819805,Tesco Whole Button Can Mushrooms 285G,https://www.tesco.com/groceries/en-GB/shop/food-cupboard/all?department=Tins%2C%20Cans%20%26%20Packets&viewAll=department&page=,£1.10,£7.06/kg DR.WT,,,/groceries/en-GB/products/266819805,https://digitalcontent.api.tesco.com/v2/media/ghs/a785f9e4-1ae0-4d43-9f8b-cb16cc3c51a0/f81afc59-f310-4bb0-ac93-a4de4ad04ba6_348360965.jpeg?h=225&w=225,
254899981,Del Monte Peach Slices In Syrup 420G,https://www.tesco.com/groceries/en-GB/shop/food-cupboard/all?department=Tins%2C%20Cans%20%26%20Packets&viewAll=department&page=,£1.10,£4.40/kg DR.WT,,,/groceries/en-GB/products/254899981,https://digitalcontent.api.tesco.com/v2/media/ghs/6cd59f2c-7dd8-4ab5-a9d5-bc3e889577a8/750909db-f85c-442d-ac4c-12e86b86fff4_815011233.jpeg?h=225&w=225,
263536171,Princes Reduced Salt Corned Beef 340G,https://www.tesco.com/groceries/en-GB/shop/food-cupboard/all?department=Tins%2C%20Cans%20%26%20Packets&viewAll=department&page=,£3.50,£1.03/100g,,,/groceries/en-GB/products/263536171,https://digitalcontent.api.tesco.com/v2/media/ghs/c729a8db-894c-4130-bc99-6c3fc2c4035a/33f09034-c2ea-4f74-984d-f8596c5d4d14_1014835029.jpeg?h=225&w=225,
260748351,Heinz Cream Of Chicken Soup 4 X 400G,https://www.tesco.com/groceries/en-GB/shop/food-cupboard/all?department=Tins%2C%20Cans%20%26%20Packets&viewAll=department&page=,£3.49,£0.22/100g,Aldi Price Match,,/groceries/en-GB/products/260748351,https://digitalcontent.api.tesco.com/v2/media/ghs/9b73c998-fd6e-402a-b305-ffb8656a6139/d998b8c9-c45f-44f0-b1a9-2c1ce33af7f5_2033937408.jpeg?h=225&w=225,
307337414,Heinz Big Soup Steak & Potato 400G,https://www.tesco.com/groceries/en-GB/shop/food-cupboard/all?department=Tins%2C%20Cans%20%26%20Packets&viewAll=department&page=,£1.70,£0.42/100g,Any 3 for £4 Clubcard Price - Selected Heinz Big Soup And Meals 400g 0r 415g,,/groceries/en-GB/products/307337414,https://digitalcontent.api.tesco.com/v2/media/ghs/92e2ac96-8839-4135-af0f-247351ca6166/2eccb1ac-4793-4f64-ac98-ca1ecd023b50_764378736.jpeg?h=225&w=225,
297118188,Heinz No Added Sugar Cream Of Tomato Soup 400G,https://www.tesco.com/groceries/en-GB/shop/food-cupboard/all?department=Tins%2C%20Cans%20%26%20Packets&viewAll=department&page=,£1.40,£0.35/100g,Any 4 for £4 Clubcard Price - Selected Heinz Classic Soup 400g,,/groceries/en-GB/products/297118188,https://digitalcontent.api.tesco.com/v2/media/ghs/26a731f3-837d-49bc-8717-449525f2c3d0/a57e897c-5bf1-4ebe-884b-f5cc1bb3c3b3_1281014100.jpeg?h=225&w=225,
307760033,Tesco Chicken In White Sauce 392G,https://www.tesco.com/groceries/en-GB/shop/food-cupboard/all?department=Tins%2C%20Cans%20%26%20Packets&viewAll=department&page=,£1.85,£4.72/kg,,,/groceries/en-GB/products/307760033,https://digitalcontent.api.tesco.com/v2/media/ghs/10849ff5-919b-4deb-9ae5-61e3ad742f0d/51ba72e8-aab1-46e3-9105-de4c4b06a045_1150681196.jpeg?h=225&w=225,
256534728,Tesco Red Split Lentils 500G,https://www.tesco.com/groceries/en-GB/shop/food-cupboard/all?department=Tins%2C%20Cans%20%26%20Packets&viewAll=department&page=,£1.35,£2.70/kg,,,/groceries/en-GB/products/256534728,https://digitalcontent.api.tesco.com/v2/media/ghs/251ee0a7-b37e-4981-a09b-39715c84f14d/a6af220b-363a-4270-b2ef-bb797f58feb2_1201884308.jpeg?h=225&w=225,
284478339,Heinz Cream Of Tomato Cup Soup 88G,https://www.tesco.com/groceries/en-GB/shop/food-cupboard/all?department=Tins%2C%20Cans%20%26%20Packets&viewAll=department&page=,£1.00,£1.14/100g,,,/groceries/en-GB/products/284478339,https://digitalcontent.api.tesco.com/v2/media/ghs/f254a1c7-df12-4e09-aac1-7929339cf288/e81b0c8d-12d0-4867-b688-7f945f0ec513_398684080.jpeg?h=225&w=225,
256639359,Heinz Spring Vegetable Soup 400G,https://www.tesco.com/groceries/en-GB/shop/food-cupboard/all?department=Tins%2C%20Cans%20%26%20Packets&viewAll=department&page=,£1.40,£0.35/100g,Any 4 for £4 Clubcard Price - Selected Heinz Classic Soup 400g,,/groceries/en-GB/products/256639359,https://digitalcontent.api.tesco.com/v2/media/ghs/003e7cc8-fa63-45dc-8b30-6eb3fe2a3cc9/da72eaee-7ac3-4393-996e-adb5e9905362_813434.jpeg?h=225&w=225,
306944699,Ship Corned Beef 340G,https://www.tesco.com/groceries/en-GB/shop/food-cupboard/all?department=Tins%2C%20Cans%20%26%20Packets&viewAll=department&page=,£2.95,£0.87/100g,,,/groceries/en-GB/products/306944699,https://digitalcontent.api.tesco.com/v2/media/ghs/58a0224e-689d-4bfb-8bba-f37cf3bc392c/6d26bf0b-5cd3-4aeb-a1ae-b7d4af66f2c3_295545868.jpeg?h=225&w=225,
257977129,Del Monte Pineapple Chunks In Juice 432G,https://www.tesco.com/groceries/en-GB/shop/food-cupboard/all?department=Tins%2C%20Cans%20%26%20Packets&viewAll=department&page=,£1.10,£4.24/kg DR.WT,,,/groceries/en-GB/products/257977129,https://digitalcontent.api.tesco.com/v2/media/ghs/64fde6fd-3549-4a0d-8c75-f848343d4b21/2294f8de-d997-44e3-8b60-21ee3ca169c7_162355492.jpeg?h=225&w=225,
270978921,Campbells Condensed Cream Of Mushroom Soup 294G,https://www.tesco.com/groceries/en-GB/shop/food-cupboard/all?department=Tins%2C%20Cans%20%26%20Packets&viewAll=department&page=,£1.15,£0.39/100g,,,/groceries/en-GB/products/270978921,https://digitalcontent.api.tesco.com/v2/media/ghs/f2d60a0a-75f3-4ff1-9a46-f8c60b52cfad/8f06d4e2-c627-4500-98a3-01343eee8e10_1019063633.jpeg?h=225&w=225,
270900985,Campbells Cream Of Chicken Condensed Soup 294G,https://www.tesco.com/groceries/en-GB/shop/food-cupboard/all?department=Tins%2C%20Cans%20%26%20Packets&viewAll=department&page=,£1.15,£0.39/100g,,,/groceries/en-GB/products/270900985,https://digitalcontent.api.tesco.com/v2/media/ghs/0976a75c-f298-482f-9377-226cc453da06/bff1b526-4ecd-4692-8ff6-a7c63d56237e_991537666.jpeg?h=225&w=225,
264447977,Napolina Chick Peas 400G,https://www.tesco.com/groceries/en-GB/shop/food-cupboard/all?department=Tins%2C%20Cans%20%26%20Packets&viewAll=department&page=,£0.85,£3.55/kg DR.WT,,,/groceries/en-GB/products/264447977,https://digitalcontent.api.tesco.com/v2/media/ghs/30c598ba-488e-44f9-addd-ff0b61d6a512/3f4e9c61-1f55-415d-b0bd-12a83ec97218_1581571845.jpeg?h=225&w=225,
309199752,Tesco Tropical Fruit Salad 425G,https://www.tesco.com/groceries/en-GB/shop/food-cupboard/all?department=Tins%2C%20Cans%20%26%20Packets&viewAll=department&page=,£1.00,£3.71/kg DR.WT,,,/groceries/en-GB/products/309199752,https://digitalcontent.api.tesco.com/v2/media/ghs/a0500ce3-4a9a-471b-8388-397ded9eebcd/870f330d-0074-460c-9ec3-ae38b7baeaee_11269284.jpeg?h=225&w=225,
264448861,Napolina Red Kidney Beans 400G,https://www.tesco.com/groceries/en-GB/shop/food-cupboard/all?department=Tins%2C%20Cans%20%26%20Packets&viewAll=department&page=,£0.85,£3.55/kg DR.WT,,,/groceries/en-GB/products/264448861,https://digitalcontent.api.tesco.com/v2/media/ghs/cd91b05d-6944-4592-a651-61b8c76950bf/b7282d46-4984-4072-9d08-59a5214080a2_584842382.jpeg?h=225&w=225,
301323859,Heinz Spaghetti Hoops In Tomato Sauce 4 X 400G,https://www.tesco.com/groceries/en-GB/shop/food-cupboard/all?department=Tins%2C%20Cans%20%26%20Packets&viewAll=department&page=,£2.49,£1.56/kg,Aldi Price Match,,/groceries/en-GB/products/301323859,https://digitalcontent.api.tesco.com/v2/media/ghs/177311db-2036-48a1-a485-7aa7d2e3732f/1bc19081-eb32-40d9-9bbf-88289807b48c_1245732961.jpeg?h=225&w=225,
254210351,Batchelors Cup A Soup Powder Cream Of Vegetable 4S 122G,https://www.tesco.com/groceries/en-GB/shop/food-cupboard/all?department=Tins%2C%20Cans%20%26%20Packets&viewAll=department&page=,£1.09,£0.89/100g,Any 3 for £2.50 Clubcard Price - Selected Batchelors Cup A Soup 50g-122g,,/groceries/en-GB/products/254210351,https://digitalcontent.api.tesco.com/v2/media/ghs/d0ecedb2-2a40-485c-bab2-6a1ca106bcb8/ac62f75e-eddf-40fb-bea1-33c146f130a6_33052756.jpeg?h=225&w=225,
270978898,Batchelors Cup A Soup Tomato 93G,https://www.tesco.com/groceries/en-GB/shop/food-cupboard/all?department=Tins%2C%20Cans%20%26%20Packets&viewAll=department&page=,£1.09,£1.18/100g,Any 3 for £2.50 Clubcard Price - Selected Batchelors Cup A Soup 50g-122g,,/groceries/en-GB/products/270978898,https://digitalcontent.api.tesco.com/v2/media/ghs/95d4ed73-2e7d-479d-9fe2-43eada890cef/a2d846f5-9314-4b5b-8a0d-2c9acd40a3ee_1590213511.jpeg?h=225&w=225,
270974142,Batchelors Cup A Soup Chicken 81G,https://www.tesco.com/groceries/en-GB/shop/food-cupboard/all?department=Tins%2C%20Cans%20%26%20Packets&viewAll=department&page=,£1.09,£1.35/100g,Any 3 for £2.50 Clubcard Price - Selected Batchelors Cup A Soup 50g-122g,,/groceries/en-GB/products/270974142,https://digitalcontent.api.tesco.com/v2/media/ghs/242306af-5bc9-461b-a7b6-12b8ac350bd9/0c616923-f385-4389-87f6-a701761f1d62_1400430524.jpeg?h=225&w=225,
262489966,Tesco Borlotti Beans In Water 400G,https://www.tesco.com/groceries/en-GB/shop/food-cupboard/all?department=Tins%2C%20Cans%20%26%20Packets&viewAll=department&page=,£0.70,£2.85/kg DR.WT,,,/groceries/en-GB/products/262489966,https://digitalcontent.api.tesco.com/v2/media/ghs/009fae83-8244-4f67-8cd2-a3364d1b4d0a/259f2678-f3aa-475c-85c9-f7426cf2a02c_1368294382.jpeg?h=225&w=225,
253732351,Tesco Chunky Chicken & Vegetable Soup 400G,https://www.tesco.com/groceries/en-GB/shop/food-cupboard/all?department=Tins%2C%20Cans%20%26%20Packets&viewAll=department&page=,£1.00,£0.25/100g,,,/groceries/en-GB/products/253732351,https://digitalcontent.api.tesco.com/v2/media/ghs/7c94f215-fd16-44c5-bc34-74a7b3b55d7e/b17882f7-db58-44f7-a2d8-5f881fac504a_1817044763.jpeg?h=225&w=225,
254202948,Batchelors Cup A Soup Special Creamed Asparagus 117G,https://www.tesco.com/groceries/en-GB/shop/food-cupboard/all?department=Tins%2C%20Cans%20%26%20Packets&viewAll=department&page=,£1.09,£0.93/100g,Any 3 for £2.50 Clubcard Price - Selected Batchelors Cup A Soup 50g-122g,,/groceries/en-GB/products/254202948,https://digitalcontent.api.tesco.com/v2/media/ghs/5616ad75-3543-4db0-87d9-045e64377da6/ccddfaa4-dd36-4076-84cd-70dd24bc3902_1209194139.jpeg?h=225&w=225,
254900894,Tesco Apricot Halves In Juice 411G,https://www.tesco.com/groceries/en-GB/shop/food-cupboard/all?department=Tins%2C%20Cans%20%26%20Packets&viewAll=department&page=,£1.00,£4.28/kg DR.WT,,,/groceries/en-GB/products/254900894,https://digitalcontent.api.tesco.com/v2/media/ghs/e1f726a5-4e7a-4a14-abc4-85baad4c8e5c/f9a4ae9b-147f-461c-bfa4-cca390939618_891868810.jpeg?h=225&w=225,
268746536,Heinz Shaped Pasta Varieties Peppa Pig 205G,https://www.tesco.com/groceries/en-GB/shop/food-cupboard/all?department=Tins%2C%20Cans%20%26%20Packets&viewAll=department&page=,£0.75,£3.66/kg,,,/groceries/en-GB/products/268746536,https://digitalcontent.api.tesco.com/v2/media/ghs/6b941c51-8e5d-461c-83ec-332bc7b001ed/0d30a23c-92f9-4388-a206-b5cee405595e_340125839.jpeg?h=225&w=225,
254900681,Tesco Pear Halves In Juice 410G,https://www.tesco.com/groceries/en-GB/shop/food-cupboard/all?department=Tins%2C%20Cans%20%26%20Packets&viewAll=department&page=,£1.00,£4.45/kg DR.WT,,,/groceries/en-GB/products/254900681,https://digitalcontent.api.tesco.com/v2/media/ghs/4cebb2a9-cc4f-4fca-bdf4-5f6b00e1fddc/cf8fc181-10b9-4068-90a6-557bbc00e8bb_1988092001.jpeg?h=225&w=225,
312720137,Batchelors Cup A Soup Thai Green Curry 4 Sachets 69G,https://www.tesco.com/groceries/en-GB/shop/food-cupboard/all?department=Tins%2C%20Cans%20%26%20Packets&viewAll=department&page=,£1.09,£1.58/100g,Any 3 for £2.50 Clubcard Price - Selected Batchelors Cup A Soup 50g-122g,,/groceries/en-GB/products/312720137,https://digitalcontent.api.tesco.com/v2/media/ghs/22a6c981-2a9a-48fc-808d-3a2568b1df68/a1348014-15b8-4f82-bd55-3c2585846609_771163513.jpeg?h=225&w=225,
305834318,Tesco Plant Chef Tomato And Basil Soup 400G,https://www.tesco.com/groceries/en-GB/shop/food-cupboard/all?department=Tins%2C%20Cans%20%26%20Packets&viewAll=department&page=,£0.65,£0.16/100g,,,/groceries/en-GB/products/305834318,https://digitalcontent.api.tesco.com/v2/media/ghs/ffcc2cfb-f6de-4114-a802-9f18d9b45ace/d4254cf1-ecc2-40c7-9241-fe683de114ac_1683426347.jpeg?h=225&w=225,
312696741,Batchelors Cup A Soup Thai Sweet Potato & Carrot 4 Sachts 86G,https://www.tesco.com/groceries/en-GB/shop/food-cupboard/all?department=Tins%2C%20Cans%20%26%20Packets&viewAll=department&page=,£1.09,£1.27/100g,Any 3 for £2.50 Clubcard Price - Selected Batchelors Cup A Soup 50g-122g,,/groceries/en-GB/products/312696741,https://digitalcontent.api.tesco.com/v2/media/ghs/8487d29e-b7e1-40b6-9150-031d7b45a013/fae1a790-4504-4882-98f4-4260ee0c508b_515966987.jpeg?h=225&w=225,
254863672,Glenryck Pilchards In Tomato Sauce 155G,https://www.tesco.com/groceries/en-GB/shop/food-cupboard/all?department=Tins%2C%20Cans%20%26%20Packets&viewAll=department&page=,£0.60,£0.39/100g,,,/groceries/en-GB/products/254863672,https://digitalcontent.api.tesco.com/v2/media/ghs/1ffd9c33-7a64-47e8-80ea-4cc5795ae3e6/e5c00aff-d441-4d3d-a572-752403646a93_1422542091.jpeg?h=225&w=225,
263487016,Tesco New Potatoes In Water Tinned 567G,https://www.tesco.com/groceries/en-GB/shop/food-cupboard/all?department=Tins%2C%20Cans%20%26%20Packets&viewAll=department&page=,,,,,/groceries/en-GB/products/263487016,https://digitalcontent.api.tesco.com/v2/media/ghs/c74e5b6f-b3f8-4874-a18a-483bd2cabffc/ba43d1a6-8ed8-4775-8b0e-8b4bf6b916a7_94553760.jpeg?h=225&w=225,This product's currently out of stock
263725811,Tesco Chunky Beef & Vegetable Soup 400G,https://www.tesco.com/groceries/en-GB/shop/food-cupboard/all?department=Tins%2C%20Cans%20%26%20Packets&viewAll=department&page=,£1.00,£0.25/100g,,,/groceries/en-GB/products/263725811,https://digitalcontent.api.tesco.com/v2/media/ghs/77236240-4e7b-47da-b7ac-05c789d2f2cd/d61cdb38-6d91-43e9-9f96-df22599e99a5_411865165.jpeg?h=225&w=225,
254851605,Tesco Chicken Paste 75G,https://www.tesco.com/groceries/en-GB/shop/food-cupboard/all?department=Tins%2C%20Cans%20%26%20Packets&viewAll=department&page=,£0.45,£0.60/100g,,,/groceries/en-GB/products/254851605,https://digitalcontent.api.tesco.com/v2/media/ghs/dd028730-1a61-449b-96b5-8c8cfb4b4c4b/75b7b0ad-ae63-4d75-913d-762017ea50a7_727131343.jpeg?h=225&w=225,
251937089,Tesco Danish Ham 200G,https://www.tesco.com/groceries/en-GB/shop/food-cupboard/all?department=Tins%2C%20Cans%20%26%20Packets&viewAll=department&page=,£1.30,£0.65/100g,,,/groceries/en-GB/products/251937089,https://digitalcontent.api.tesco.com/v2/media/ghs/c8ccb97e-7555-45df-8f97-f1c58e83089f/9441ece0-f4ce-4a4a-b1f5-e488b70752b0_1457460760.jpeg?h=225&w=225,
267145667,Tesco Mackerel In Spicy Tomato Sauce 125G,https://www.tesco.com/groceries/en-GB/shop/food-cupboard/all?department=Tins%2C%20Cans%20%26%20Packets&viewAll=department&page=,£0.80,£0.64/100g,,,/groceries/en-GB/products/267145667,https://digitalcontent.api.tesco.com/v2/media/ghs/ad4c34b7-d096-43f0-b7c6-ec9c2c9fd22a/085917ad-069c-4717-85e6-9363dc897b7e_1727155424.jpeg?h=225&w=225,
300535778,Stockwell & Co Chicken Paste 75G,https://www.tesco.com/groceries/en-GB/shop/food-cupboard/all?department=Tins%2C%20Cans%20%26%20Packets&viewAll=department&page=,£0.39,£0.52/100g,Aldi Price Match,,/groceries/en-GB/products/300535778,https://digitalcontent.api.tesco.com/v2/media/ghs/f123772b-0a20-4e69-826d-190a5f882f35/snapshotimagehandler_404775504.jpeg?h=225&w=225,
256220232,Tesco Pitted Prunes In Juice 290G,https://www.tesco.com/groceries/en-GB/shop/food-cupboard/all?department=Tins%2C%20Cans%20%26%20Packets&viewAll=department&page=,£1.00,£5.72/kg DR.WT,,,/groceries/en-GB/products/256220232,https://digitalcontent.api.tesco.com/v2/media/ghs/9459b4ff-5b1d-431f-8b4a-74346d7d9805/cd9d0996-632f-4d50-8e13-7ef42e217a01_1858999402.jpeg?h=225&w=225,
296901938,Idahoan Buttery Mash 109G,https://www.tesco.com/groceries/en-GB/shop/food-cupboard/all?department=Tins%2C%20Cans%20%26%20Packets&viewAll=department&page=,£1.45,£13.31/kg,,,/groceries/en-GB/products/296901938,https://digitalcontent.api.tesco.com/v2/media/ghs/50c57eb9-0ab9-4953-bc8d-072139047b57/snapshotimagehandler_718924524.jpeg?h=225&w=225,
258098125,Tesco Wild Pacific Red Salmon 212G,https://www.tesco.com/groceries/en-GB/shop/food-cupboard/all?department=Tins%2C%20Cans%20%26%20Packets&viewAll=department&page=,£3.00,£1.42/100g,,,/groceries/en-GB/products/258098125,https://digitalcontent.api.tesco.com/v2/media/ghs/2c02085d-3806-429c-8eae-142bd90a6bca/f2743f43-b97a-4fab-bfab-c07e3c82e7eb_548420882.jpeg?h=225&w=225,
272878086,Ye Olde Oak Premium Jumbo Hot Dogs 560G,https://www.tesco.com/groceries/en-GB/shop/food-cupboard/all?department=Tins%2C%20Cans%20%26%20Packets&viewAll=department&page=,£1.60,£0.53/100g DR.WT,,,/groceries/en-GB/products/272878086,https://digitalcontent.api.tesco.com/v2/media/ghs/bdf99454-d96c-419a-adbc-4dce91f019ed/c20c002b-4bde-4008-affd-5a3e2e57050a_2050911353.jpeg?h=225&w=225,
252750031,Heinz Macaroni Cheese 400G,https://www.tesco.com/groceries/en-GB/shop/food-cupboard/all?department=Tins%2C%20Cans%20%26%20Packets&viewAll=department&page=,£1.70,£4.25/kg,Any 3 for £4 Clubcard Price - Selected Heinz Big Soup And Meals 400g 0r 415g,,/groceries/en-GB/products/252750031,https://digitalcontent.api.tesco.com/v2/media/ghs/8e9e4386-fe51-428c-8550-fb6af8815797/7286c7d3-a81a-44e2-81a2-9457322c8387_35570937.jpeg?h=225&w=225,
268218690,Wikinger Hot Dogs 1030G,https://www.tesco.com/groceries/en-GB/shop/food-cupboard/all?department=Tins%2C%20Cans%20%26%20Packets&viewAll=department&page=,£2.50,£0.35/100g DR.WT,,,/groceries/en-GB/products/268218690,https://digitalcontent.api.tesco.com/v2/media/ghs/388bfe9b-5b44-4c40-980a-2c2b850b56e2/b423f5b3-029f-42c1-865b-e2d1a39c2777_748273939.jpeg?h=225&w=225,
268597222,Knorr Super Chicken Noodle Dry Soup 51G,https://www.tesco.com/groceries/en-GB/shop/food-cupboard/all?department=Tins%2C%20Cans%20%26%20Packets&viewAll=department&page=,£1.00,£1.97/100g,,,/groceries/en-GB/products/268597222,https://digitalcontent.api.tesco.com/v2/media/ghs/ea392295-36d8-4c2b-98c1-074f32d4bc27/e9139374-5577-4da9-9ff5-d513fe7a4509_421884474.jpeg?h=225&w=225,
254872131,Heinz Weight Watchers Tomato Soup 295G Can,https://www.tesco.com/groceries/en-GB/shop/food-cupboard/all?department=Tins%2C%20Cans%20%26%20Packets&viewAll=department&page=,£1.20,£0.41/100g,,,/groceries/en-GB/products/254872131,https://digitalcontent.api.tesco.com/v2/media/ghs/4e9c7b3f-2229-44f1-8b72-5b5c4a768103/67c50b07-b343-46d3-a3fe-297709af87a3_1995174478.jpeg?h=225&w=225,
302319006,Tesco Organic Chick Peas In Water 400G,https://www.tesco.com/groceries/en-GB/shop/food-cupboard/all?department=Tins%2C%20Cans%20%26%20Packets&viewAll=department&page=,£1.00,£4.17/kg DR.WT,,,/groceries/en-GB/products/302319006,https://digitalcontent.api.tesco.com/v2/media/ghs/cfda669f-d7ae-4d90-800c-fbdf49899b8c/9ad64696-c938-4931-9f9d-31c2e175fd8c_674567258.jpeg?h=225&w=225,
275154114,Heinz Beanz Barbecue 390G,https://www.tesco.com/groceries/en-GB/shop/food-cupboard/all?department=Tins%2C%20Cans%20%26%20Packets&viewAll=department&page=,£1.40,£3.59/kg,Any 3 for £3 Clubcard Price - Selected Heinz Beanz 390g Or 415g,,/groceries/en-GB/products/275154114,https://digitalcontent.api.tesco.com/v2/media/ghs/9f9f82d8-54fd-42e3-8598-ac45f4805219/89dd98a2-9397-4100-ae41-9e7176c3d402_1311357567.jpeg?h=225&w=225,
257467704,Napolina Plum Tomatoes 4 X 400G,https://www.tesco.com/groceries/en-GB/shop/food-cupboard/all?department=Tins%2C%20Cans%20%26%20Packets&viewAll=department&page=,£2.50,£1.57/kg,,,/groceries/en-GB/products/257467704,https://digitalcontent.api.tesco.com/v2/media/ghs/cd1f91bb-584c-4a1f-b726-6df05526cb00/172fee89-d827-483d-ba79-4ec3668c848e_1057575142.jpeg?h=225&w=225,
300535732,Stockwell & Co Chilli Con Carne 392G,https://www.tesco.com/groceries/en-GB/shop/food-cupboard/all?department=Tins%2C%20Cans%20%26%20Packets&viewAll=department&page=,£1.46,£3.73/kg,Aldi Price Match,,/groceries/en-GB/products/300535732,,
258859585,Princes Corned Beef 200G,https://www.tesco.com/groceries/en-GB/shop/food-cupboard/all?department=Tins%2C%20Cans%20%26%20Packets&viewAll=department&page=,£2.85,£1.43/100g,,,/groceries/en-GB/products/258859585,https://digitalcontent.api.tesco.com/v2/media/ghs/36de2055-b0d6-44f6-8486-c58c00a84c85/a65d0762-c888-4e90-ae21-9dc1024ef33c_2126609694.jpeg?h=225&w=225,
255951566,Tesco Tuscan Inspired Bean Soup 400G,https://www.tesco.com/groceries/en-GB/shop/food-cupboard/all?department=Tins%2C%20Cans%20%26%20Packets&viewAll=department&page=,£1.00,£0.25/100g,,,/groceries/en-GB/products/255951566,https://digitalcontent.api.tesco.com/v2/media/ghs/d8b09b53-99c2-4680-a8cd-1c20ef8b901d/99ebc1aa-254b-4d2f-a8c2-d7d773349b42_26787375.jpeg?h=225&w=225,
307737959,Tesco Chilli Con Carne 392G,https://www.tesco.com/groceries/en-GB/shop/food-cupboard/all?department=Tins%2C%20Cans%20%26%20Packets&viewAll=department&page=,£1.85,£4.72/kg,,,/groceries/en-GB/products/307737959,https://digitalcontent.api.tesco.com/v2/media/ghs/a5c14520-6724-4d8b-8210-863d8a03bd10/dd6bdf05-5b29-4490-a16c-32e737473e5c_1289068485.jpeg?h=225&w=225,
266478902,Stagg Chilli Classic Chilli Con Carne 400G,https://www.tesco.com/groceries/en-GB/shop/food-cupboard/all?department=Tins%2C%20Cans%20%26%20Packets&viewAll=department&page=,£2.00,£5.00/kg,,,/groceries/en-GB/products/266478902,https://digitalcontent.api.tesco.com/v2/media/ghs/40c3514d-66da-49ed-948e-aa0bdd8bb1fe/77eccb44-23a9-4da0-be74-a9ab8c601e82_1199435888.jpeg?h=225&w=225,
264166324,Tesco Petits Pois & Baby Carrot In Water 200G,https://www.tesco.com/groceries/en-GB/shop/food-cupboard/all?department=Tins%2C%20Cans%20%26%20Packets&viewAll=department&page=,£0.80,£6.16/kg DR.WT,,,/groceries/en-GB/products/264166324,https://digitalcontent.api.tesco.com/v2/media/ghs/b628a522-b6d1-44c7-a050-4bee0438cbb1/58563676-d567-464a-a468-a6b161265b0f_419972472.jpeg?h=225&w=225,
250833069,Cirio Passata Carton 500G,https://www.tesco.com/groceries/en-GB/shop/food-cupboard/all?department=Tins%2C%20Cans%20%26%20Packets&viewAll=department&page=,£0.90,£1.80/kg,,,/groceries/en-GB/products/250833069,https://digitalcontent.api.tesco.com/v2/media/ghs/edff19f9-291e-43d5-bed5-7b8818bc9c24/20cd17d1-6e54-4009-ae4c-c7c9be59b451_1880764198.jpeg?h=225&w=225,
263741025,Napolina Passata 500G,https://www.tesco.com/groceries/en-GB/shop/food-cupboard/all?department=Tins%2C%20Cans%20%26%20Packets&viewAll=department&page=,£1.20,£2.40/kg,,,/groceries/en-GB/products/263741025,https://digitalcontent.api.tesco.com/v2/media/ghs/e89fc7df-2f7e-441e-b032-3815a8aaae44/2313d231-77ec-42c6-82fc-220945fc9c76_87091640.jpeg?h=225&w=225,
258147045,Heinz Big Soup Lamb And Vegetable 400G,https://www.tesco.com/groceries/en-GB/shop/food-cupboard/all?department=Tins%2C%20Cans%20%26%20Packets&viewAll=department&page=,£1.70,£0.42/100g,Any 3 for £4 Clubcard Price - Selected Heinz Big Soup And Meals 400g 0r 415g,,/groceries/en-GB/products/258147045,https://digitalcontent.api.tesco.com/v2/media/ghs/0fd930d7-d70e-4918-88d4-3c80def4a5f3/03434884-ae1e-4643-b97a-80a1267fffad_20740661.jpeg?h=225&w=225,
252193252,Napolina Tomato Puree Tube 142G,https://www.tesco.com/groceries/en-GB/shop/food-cupboard/all?department=Tins%2C%20Cans%20%26%20Packets&viewAll=department&page=,£1.20,£8.46/kg,,,/groceries/en-GB/products/252193252,https://digitalcontent.api.tesco.com/v2/media/ghs/29dd254d-5dc3-4688-b34e-7eb3ebb94be5/af028742-6a8c-46af-823d-6e1ba9dd00bd_1949819213.jpeg?h=225&w=225,
254900709,Del Monte Pear Halves In Juice 415G,https://www.tesco.com/groceries/en-GB/shop/food-cupboard/all?department=Tins%2C%20Cans%20%26%20Packets&viewAll=department&page=,£1.10,£4.79/kg DR.WT,,,/groceries/en-GB/products/254900709,https://digitalcontent.api.tesco.com/v2/media/ghs/4a9fd3e7-44af-4e6e-80f8-fe20df9935b1/92ae5744-3e2b-4d8e-b4f9-71a6c44109bd_252831604.jpeg?h=225&w=225,
259453182,Tesco Petit Pois & Baby Carrots 340G Jar,https://www.tesco.com/groceries/en-GB/shop/food-cupboard/all?department=Tins%2C%20Cans%20%26%20Packets&viewAll=department&page=,£1.00,£4.55/kg DR.WT,,,/groceries/en-GB/products/259453182,https://digitalcontent.api.tesco.com/v2/media/ghs/dcaf7f10-300a-4da2-a581-0f2896a5f6f0/acc29385-ece9-41a2-9f76-893b5d08565d_1502120952.jpeg?h=225&w=225,
258437779,La Doria Ratatouille Provencale 390G,https://www.tesco.com/groceries/en-GB/shop/food-cupboard/all?department=Tins%2C%20Cans%20%26%20Packets&viewAll=department&page=,£0.90,£2.31/kg,,,/groceries/en-GB/products/258437779,https://digitalcontent.api.tesco.com/v2/media/ghs/1eda14eb-8b63-4f41-87e3-a5cdc2bccd6e/acc4d9c7-3a95-47ed-b6b0-1c48f0e5714f_876226504.jpeg?h=225&w=225,
264209442,Tesco Whole Green Beans In Water 400G,https://www.tesco.com/groceries/en-GB/shop/food-cupboard/all?department=Tins%2C%20Cans%20%26%20Packets&viewAll=department&page=,£0.85,£3.87/kg DR.WT,,,/groceries/en-GB/products/264209442,https://digitalcontent.api.tesco.com/v2/media/ghs/5e27e85d-2df6-4be7-ba43-9f7a26265e8c/64e26eb0-c005-4e7d-b4be-7f22e945f58f_788826923.jpeg?h=225&w=225,
254900387,Del Monte Sliced Pineapple In Juice 220G,https://www.tesco.com/groceries/en-GB/shop/food-cupboard/all?department=Tins%2C%20Cans%20%26%20Packets&viewAll=department&page=,£0.90,£6.43/kg DR.WT,,,/groceries/en-GB/products/254900387,https://digitalcontent.api.tesco.com/v2/media/ghs/6af355a9-94b3-4336-8034-7df40f1f7af3/e25ee924-d40e-4b7c-a35f-25377ebf5852_23028923.jpeg?h=225&w=225,
266989316,Tesco Organic Chopped Tomatoes 390G,https://www.tesco.com/groceries/en-GB/shop/food-cupboard/all?department=Tins%2C%20Cans%20%26%20Packets&viewAll=department&page=,£0.90,£2.31/kg,,,/groceries/en-GB/products/266989316,https://digitalcontent.api.tesco.com/v2/media/ghs/a55d4405-e6b7-4755-9d03-57b2ce50cefd/5c8b06b8-4576-4fa0-a1ab-ba7f19d74067_454167891.jpeg?h=225&w=225,
259061910,Tesco Taco Mix Beans & Mexican Sauce 395G,https://www.tesco.com/groceries/en-GB/shop/food-cupboard/all?department=Tins%2C%20Cans%20%26%20Packets&viewAll=department&page=,£0.80,£2.03/kg,,,/groceries/en-GB/products/259061910,https://digitalcontent.api.tesco.com/v2/media/ghs/e379eaae-0264-4c7c-86da-96042bf46f2c/cd4429f1-46c7-4203-a27b-a35dbd03b1e0_471878423.jpeg?h=225&w=225,
258148741,Heinz Cream Of Tomato Soup Mug Size 300G,https://www.tesco.com/groceries/en-GB/shop/food-cupboard/all?department=Tins%2C%20Cans%20%26%20Packets&viewAll=department&page=,£1.20,£0.40/100g,,,/groceries/en-GB/products/258148741,https://digitalcontent.api.tesco.com/v2/media/ghs/8d9f38f8-17a3-4c7b-af66-c304236f4ac8/325f87f0-ac96-429b-8474-a2d352db3c48_797606676.jpeg?h=225&w=225,
252877215,Heinz Spaghetti & Sausages 200G,https://www.tesco.com/groceries/en-GB/shop/food-cupboard/all?department=Tins%2C%20Cans%20%26%20Packets&viewAll=department&page=,£1.20,£6.00/kg,,,/groceries/en-GB/products/252877215,https://digitalcontent.api.tesco.com/v2/media/ghs/1f6fa2e1-d9a6-4a77-82c9-f51ab0f60921/81d49d69-d268-4724-ae45-fca91feaf139_214784340.jpeg?h=225&w=225,
279648653,Heinz Classic Lentil & Bacon Soup 400G,https://www.tesco.com/groceries/en-GB/shop/food-cupboard/all?department=Tins%2C%20Cans%20%26%20Packets&viewAll=department&page=,£1.40,£0.35/100g,Any 4 for £4 Clubcard Price - Selected Heinz Classic Soup 400g,,/groceries/en-GB/products/279648653,https://digitalcontent.api.tesco.com/v2/media/ghs/a8d0730d-4c97-4dbf-ad08-96b9bb905b43/da832d56-2c97-42bf-a1c6-968ed4781dc7_516251132.jpeg?h=225&w=225,
279749159,Heinz Classic Chicken & Sweetcorn Soups 400G,https://www.tesco.com/groceries/en-GB/shop/food-cupboard/all?department=Tins%2C%20Cans%20%26%20Packets&viewAll=department&page=,£1.40,£0.35/100g,Any 4 for £4 Clubcard Price - Selected Heinz Classic Soup 400g,,/groceries/en-GB/products/279749159,https://digitalcontent.api.tesco.com/v2/media/ghs/1dc3150e-3b70-465f-8912-ea02a4236c85/653b24c2-d2b6-4684-87f1-5918c8366322_1630436230.jpeg?h=225&w=225,
297021273,Napolina Lentils 400G,https://www.tesco.com/groceries/en-GB/shop/food-cupboard/all?department=Tins%2C%20Cans%20%26%20Packets&viewAll=department&page=,£0.85,£2.13/kg,,,/groceries/en-GB/products/297021273,https://digitalcontent.api.tesco.com/v2/media/ghs/b550ded1-9856-4fdf-994c-69bacf39f08d/2054bf75-8cc5-4c15-9b41-c08c3c9a55d0_1874806411.jpeg?h=225&w=225,
254204301,Batchelors Cup A Soup Minestrone 4 Pack 94G,https://www.tesco.com/groceries/en-GB/shop/food-cupboard/all?department=Tins%2C%20Cans%20%26%20Packets&viewAll=department&page=,£1.09,£1.16/100g,Any 3 for £2.50 Clubcard Price - Selected Batchelors Cup A Soup 50g-122g,,/groceries/en-GB/products/254204301,https://digitalcontent.api.tesco.com/v2/media/ghs/42967b07-cea6-4dbd-bb3b-239225b0cefb/ed563339-4d14-45ec-a058-f5b162fa239f_1099048621.jpeg?h=225&w=225,
302301620,Tesco Pinto Beans In Water 390G,https://www.tesco.com/groceries/en-GB/shop/food-cupboard/all?department=Tins%2C%20Cans%20%26%20Packets&viewAll=department&page=,£0.70,£2.98/kg DR.WT,,,/groceries/en-GB/products/302301620,https://digitalcontent.api.tesco.com/v2/media/ghs/71edc041-5bdc-4541-a2f3-0cb585b28f9a/e6ecb2e5-9713-4cfd-b013-b9d793fba33e_2018271153.jpeg?h=225&w=225,
262167712,Tesco Haricot Beans In Water 400G,https://www.tesco.com/groceries/en-GB/shop/food-cupboard/all?department=Tins%2C%20Cans%20%26%20Packets&viewAll=department&page=,£0.70,£2.98/kg DR.WT,,,/groceries/en-GB/products/262167712,https://digitalcontent.api.tesco.com/v2/media/ghs/d55517f1-20ff-49a2-941f-c617495cbc7a/d479eba9-7adf-4f5a-8865-0ff992af4ba7_1427330513.jpeg?h=225&w=225,
293061916,Heinz Minions Pasta Shapes 205G,https://www.tesco.com/groceries/en-GB/shop/food-cupboard/all?department=Tins%2C%20Cans%20%26%20Packets&viewAll=department&page=,£0.75,£3.66/kg,,,/groceries/en-GB/products/293061916,https://digitalcontent.api.tesco.com/v2/media/ghs/c9478f11-19ff-49ff-8244-a1b6211cdb6b/22fdff0b-fe6f-4196-bc2b-5ed84e266ad4_207283430.jpeg?h=225&w=225,
258098062,Tesco Wild Pacific Pink Salmon 212G,https://www.tesco.com/groceries/en-GB/shop/food-cupboard/all?department=Tins%2C%20Cans%20%26%20Packets&viewAll=department&page=,£1.70,£0.80/100g,,,/groceries/en-GB/products/258098062,https://digitalcontent.api.tesco.com/v2/media/ghs/a687e2ce-f16c-47e1-92f2-a0e2c5770182/snapshotimagehandler_1731556256.jpeg?h=225&w=225,
262489469,Tesco Black Eye Beans In Water 400G,https://www.tesco.com/groceries/en-GB/shop/food-cupboard/all?department=Tins%2C%20Cans%20%26%20Packets&viewAll=department&page=,£0.70,£2.85/kg DR.WT,,,/groceries/en-GB/products/262489469,https://digitalcontent.api.tesco.com/v2/media/ghs/b3b7b6e0-c106-43fc-8463-52faa46e1617/3f1f46ba-c32a-42f7-a00d-7beb37f14645_368717502.jpeg?h=225&w=225,
254202983,Batchelors Cup A Soup Special Chicken Noodle 4S 94G,https://www.tesco.com/groceries/en-GB/shop/food-cupboard/all?department=Tins%2C%20Cans%20%26%20Packets&viewAll=department&page=,£1.09,£1.16/100g,Any 3 for £2.50 Clubcard Price - Selected Batchelors Cup A Soup 50g-122g,,/groceries/en-GB/products/254202983,https://digitalcontent.api.tesco.com/v2/media/ghs/ce0e1244-46fc-40fb-b8cb-e7339aafd2be/2000b0bd-2e4c-45ed-8031-d17d85f385b5_1443894332.jpeg?h=225&w=225,
256538041,Tesco Pearl Barley 500G,https://www.tesco.com/groceries/en-GB/shop/food-cupboard/all?department=Tins%2C%20Cans%20%26%20Packets&viewAll=department&page=,£0.65,£1.30/kg,,,/groceries/en-GB/products/256538041,https://digitalcontent.api.tesco.com/v2/media/ghs/b823c78e-e895-4c6c-b4db-4248903ea0f9/80a14f1d-d495-4588-941b-7eb847e91969_1218215327.jpeg?h=225&w=225,
300524002,Stockwell & Co Vegetable Soup 400G,https://www.tesco.com/groceries/en-GB/shop/food-cupboard/all?department=Tins%2C%20Cans%20%26%20Packets&viewAll=department&page=,£0.49,£0.12/100g,Aldi Price Match,,/groceries/en-GB/products/300524002,https://digitalcontent.api.tesco.com/v2/media/ghs/5198e9da-f945-4e5f-b417-1f54e01b4980/2d844e0b-cbaf-4b7d-8ff0-9d0f2ddaacdb_324308286.jpeg?h=225&w=225,
250411816,Tesco Cream Of Chicken And Mushroom Soup 400G,https://www.tesco.com/groceries/en-GB/shop/food-cupboard/all?department=Tins%2C%20Cans%20%26%20Packets&viewAll=department&page=,£0.60,£0.15/100g,,,/groceries/en-GB/products/250411816,https://digitalcontent.api.tesco.com/v2/media/ghs/8a667528-caa4-4a2f-8313-94ca0424443a/6b9632f8-65bf-43a5-af95-50a8176bc0c6_1772494796.jpeg?h=225&w=225,
250412412,Tesco Scotch Broth 400G,https://www.tesco.com/groceries/en-GB/shop/food-cupboard/all?department=Tins%2C%20Cans%20%26%20Packets&viewAll=department&page=,£0.60,£0.15/100g,,,/groceries/en-GB/products/250412412,https://digitalcontent.api.tesco.com/v2/media/ghs/068b40fd-b15b-4bb6-8c86-f11a42bd455e/c6f215c3-9bda-4f1e-b8b6-2b3d37438e04_534984703.jpeg?h=225&w=225,
304378829,Tesco Mixed Vegetables In Water 300G,https://www.tesco.com/groceries/en-GB/shop/food-cupboard/all?department=Tins%2C%20Cans%20%26%20Packets&viewAll=department&page=,£0.40,£2.06/kg DR.WT,,,/groceries/en-GB/products/304378829,https://digitalcontent.api.tesco.com/v2/media/ghs/07683c2f-8823-4485-915b-06bdaf5cd73d/d2fff08d-541b-4a9d-96f1-2ec93fe97caa_675683378.jpeg?h=225&w=225,
293397559,Princes Red Salmon Skinless & Boneless 105G,https://www.tesco.com/groceries/en-GB/shop/food-cupboard/all?department=Tins%2C%20Cans%20%26%20Packets&viewAll=department&page=,£3.50,£3.34/100g,,,/groceries/en-GB/products/293397559,https://digitalcontent.api.tesco.com/v2/media/ghs/c7beda8d-ac55-415b-9087-e7c9ec5000a8/snapshotimagehandler_709363019.jpeg?h=225&w=225,
292010305,Tesco Quinoa 300G,https://www.tesco.com/groceries/en-GB/shop/food-cupboard/all?department=Tins%2C%20Cans%20%26%20Packets&viewAll=department&page=,£2.00,£6.67/kg,,,/groceries/en-GB/products/292010305,https://digitalcontent.api.tesco.com/v2/media/ghs/a3384c34-27e4-440a-9647-abd5e4fd14b7/5bb9cb84-37f7-4842-9d73-bd14edcc5111_1394109377.jpeg?h=225&w=225,
267193839,Baxters Favourite Chicken Broth Soup 400G,https://www.tesco.com/groceries/en-GB/shop/food-cupboard/all?department=Tins%2C%20Cans%20%26%20Packets&viewAll=department&page=,£1.60,£0.40/100g,,,/groceries/en-GB/products/267193839,https://digitalcontent.api.tesco.com/v2/media/ghs/9cfb22f2-6677-41ad-9c47-1ad0ec625b0a/4cb95fdf-6fa7-48a8-bc85-6293a04901ff_543325312.jpeg?h=225&w=225,
267193880,Baxters Favourite Cream Of Tomato Soup 400G,https://www.tesco.com/groceries/en-GB/shop/food-cupboard/all?department=Tins%2C%20Cans%20%26%20Packets&viewAll=department&page=,£1.60,£0.40/100g,,,/groceries/en-GB/products/267193880,https://digitalcontent.api.tesco.com/v2/media/ghs/fd8a0345-65fd-4b47-901c-9cb40c81ccfe/snapshotimagehandler_206458458.jpeg?h=225&w=225,
304795618,Princes Tuna Chunks In Spring Water 8 X 145G,https://www.tesco.com/groceries/en-GB/shop/food-cupboard/all?department=Tins%2C%20Cans%20%26%20Packets&viewAll=department&page=,£6.30,£7.73/kg DR.WT,,,/groceries/en-GB/products/304795618,https://digitalcontent.api.tesco.com/v2/media/ghs/d6b67072-1f7a-4af0-aab8-154c879d42b8/72e8ae8a-cc08-42b3-919f-4a14d677d6ff_955673634.jpeg?h=225&w=225,
306827389,Biona Organic Black Beans 400G,https://www.tesco.com/groceries/en-GB/shop/food-cupboard/all?department=Tins%2C%20Cans%20%26%20Packets&viewAll=department&page=,£1.30,£5.42/kg DR.WT,,,/groceries/en-GB/products/306827389,https://digitalcontent.api.tesco.com/v2/media/ghs/e49f0ddc-71ff-450c-b0a1-ab203955d41b/15fe69c4-2f2c-43b9-b900-59ef25e79062_2123325535.jpeg?h=225&w=225,
306954128,Smash The Original Instant Mash Potato 360G,https://www.tesco.com/groceries/en-GB/shop/food-cupboard/all?department=Tins%2C%20Cans%20%26%20Packets&viewAll=department&page=,£2.30,£6.39/kg,,,/groceries/en-GB/products/306954128,https://digitalcontent.api.tesco.com/v2/media/ghs/e61cfc5a-a663-4e99-895f-5f561c9586a0/12ff5e27-e8a4-4127-9202-7a010e2bfe5b_1160604389.jpeg?h=225&w=225,
254901478,Del Monte Fruit Cocktail In Syrup 420G,https://www.tesco.com/groceries/en-GB/shop/food-cupboard/all?department=Tins%2C%20Cans%20%26%20Packets&viewAll=department&page=,£1.10,£4.40/kg DR.WT,,,/groceries/en-GB/products/254901478,https://digitalcontent.api.tesco.com/v2/media/ghs/af6b063d-762a-47de-8328-9c34236f9f0d/6965a080-07e7-47e4-8f57-f21d82b8c08f_1261717250.jpeg?h=225&w=225,
290133664,Tesco Chunky Vegetable Soup 400G,https://www.tesco.com/groceries/en-GB/shop/food-cupboard/all?department=Tins%2C%20Cans%20%26%20Packets&viewAll=department&page=,£1.00,£0.25/100g,,,/groceries/en-GB/products/290133664,https://digitalcontent.api.tesco.com/v2/media/ghs/9b9a8664-f16a-4430-b1d8-df7f933fd4bb/c8619436-eb7e-48fe-a504-2a032051a713_702039392.jpeg?h=225&w=225,
297021359,Tesco Petit Pois 290G,https://www.tesco.com/groceries/en-GB/shop/food-cupboard/all?department=Tins%2C%20Cans%20%26%20Packets&viewAll=department&page=,£0.90,£5.00/kg DR.WT,,,/groceries/en-GB/products/297021359,https://digitalcontent.api.tesco.com/v2/media/ghs/7305bd74-ff7a-4052-800e-cbe8f90cf862/62455ce0-f092-4f2d-94d7-72691d0373f8_1652584260.jpeg?h=225&w=225,
273724002,Heinz Five Beanz In Tomato Sauce 415G,https://www.tesco.com/groceries/en-GB/shop/food-cupboard/all?department=Tins%2C%20Cans%20%26%20Packets&viewAll=department&page=,£1.40,£3.38/kg,Any 3 for £3 Clubcard Price - Selected Heinz Beanz 390g Or 415g,,/groceries/en-GB/products/273724002,https://digitalcontent.api.tesco.com/v2/media/ghs/92144824-a2df-4b99-8691-7368b8e23449/dd944a1e-1791-493b-b223-70e2f4355232_349930576.jpeg?h=225&w=225,
256533144,Tesco Bulgur Wheat 500G,https://www.tesco.com/groceries/en-GB/shop/food-cupboard/all?department=Tins%2C%20Cans%20%26%20Packets&viewAll=department&page=,£1.35,£2.70/kg,,,/groceries/en-GB/products/256533144,https://digitalcontent.api.tesco.com/v2/media/ghs/682cc028-afd2-424c-9dda-fa35018e9f03/77e0dd20-933f-42a6-b99b-68abee22dbbd_476885796.jpeg?h=225&w=225,
262742890,Fray Bentos Chicken Meatballs Tomato Sauce 380G,https://www.tesco.com/groceries/en-GB/shop/food-cupboard/all?department=Tins%2C%20Cans%20%26%20Packets&viewAll=department&page=,£1.00,£2.64/kg,,,/groceries/en-GB/products/262742890,https://digitalcontent.api.tesco.com/v2/media/ghs/8afe5b0b-0e40-4fd7-866b-70d31e0e15e7/341996df-34a0-4421-8ddd-4fae92211f2f_1108225831.jpeg?h=225&w=225,
305835611,Princes Apple Slices 385G,https://www.tesco.com/groceries/en-GB/shop/food-cupboard/all?department=Tins%2C%20Cans%20%26%20Packets&viewAll=department&page=,£1.30,£3.38/kg,,,/groceries/en-GB/products/305835611,https://digitalcontent.api.tesco.com/v2/media/ghs/fbd614f9-4e38-4ba8-ae34-a4fff8a50755/63ed1c0a-8f41-4b51-b5ce-b3a693be3dde_196529840.jpeg?h=225&w=225,
254900560,Del Monte Pineapple Chunks In Juice 230G,https://www.tesco.com/groceries/en-GB/shop/food-cupboard/all?department=Tins%2C%20Cans%20%26%20Packets&viewAll=department&page=,£0.90,£6.43/kg DR.WT,,,/groceries/en-GB/products/254900560,https://digitalcontent.api.tesco.com/v2/media/ghs/5dacc6b5-dc5a-462b-ad84-820faf0489ad/18dceb5b-9892-4427-82a2-1b6a4f78ab30_1261431628.jpeg?h=225&w=225,
312851362,Princes Mackerel Fillets Indian Style Coconut Curry 125G,https://www.tesco.com/groceries/en-GB/shop/food-cupboard/all?department=Tins%2C%20Cans%20%26%20Packets&viewAll=department&page=,£1.40,£1.12/100g,,New,/groceries/en-GB/products/312851362,https://digitalcontent.api.tesco.com/v2/media/ghs/57d04fe8-6573-4f44-89d7-1d5e70c4409f/d87a5053-e79e-4dfb-825a-0bff5fe63b8a_60081994.jpeg?h=225&w=225,
254900364,Del Monte Sliced Pineapple In Juice 435G,https://www.tesco.com/groceries/en-GB/shop/food-cupboard/all?department=Tins%2C%20Cans%20%26%20Packets&viewAll=department&page=,£1.10,£4.24/kg DR.WT,,,/groceries/en-GB/products/254900364,https://digitalcontent.api.tesco.com/v2/media/ghs/3a1bb996-302a-4752-a3a1-c5bf37431abc/5a397bc7-b6be-4212-b16d-a1e9497d7b9e_39524916.jpeg?h=225&w=225,
300524048,Tesco Low Fat Tomato Soup 400G,https://www.tesco.com/groceries/en-GB/shop/food-cupboard/all?department=Tins%2C%20Cans%20%26%20Packets&viewAll=department&page=,£0.60,£0.15/100g,,,/groceries/en-GB/products/300524048,https://digitalcontent.api.tesco.com/v2/media/ghs/eb680dba-e9c5-4863-85f6-e2591c55115d/d9384553-496f-49dd-b8df-638fc7a61761_1064109223.jpeg?h=225&w=225,
252927566,Tesco Mixed Bean Salad Vinaigrette 400G,https://www.tesco.com/groceries/en-GB/shop/food-cupboard/all?department=Tins%2C%20Cans%20%26%20Packets&viewAll=department&page=,£0.80,£3.02/kg,,,/groceries/en-GB/products/252927566,https://digitalcontent.api.tesco.com/v2/media/ghs/efab3566-ce4d-493b-b147-6927204c9786/e301913c-8810-4c38-844f-622d0c7ab5c2_628348849.jpeg?h=225&w=225,
268350176,Tesco Chopped Pork & Ham 200G,https://www.tesco.com/groceries/en-GB/shop/food-cupboard/all?department=Tins%2C%20Cans%20%26%20Packets&viewAll=department&page=,£1.30,£0.65/100g,,,/groceries/en-GB/products/268350176,https://digitalcontent.api.tesco.com/v2/media/ghs/7c5f37ea-234e-4b3e-83ec-67aacd14434c/1feee21f-ac31-4461-a790-d79cf2621772_387312356.jpeg?h=225&w=225,
297040866,Heinz Hoops No Added Sugar 205G,https://www.tesco.com/groceries/en-GB/shop/food-cupboard/all?department=Tins%2C%20Cans%20%26%20Packets&viewAll=department&page=,£0.75,£3.66/kg,,,/groceries/en-GB/products/297040866,https://digitalcontent.api.tesco.com/v2/media/ghs/8fde1a88-c346-49cf-9f14-119832c5cb30/05df7ac9-fea3-4b52-877e-d7ee707710e7_118930582.jpeg?h=225&w=225,
276778394,Tesco Organic Baked Beans 420G,https://www.tesco.com/groceries/en-GB/shop/food-cupboard/all?department=Tins%2C%20Cans%20%26%20Packets&viewAll=department&page=,£0.75,£1.79/kg,,,/groceries/en-GB/products/276778394,https://digitalcontent.api.tesco.com/v2/media/ghs/7bde2ade-4430-4b06-94f1-3b38aabef827/045e54e6-a6c8-4818-b6f6-f440ddfb6441_1935097415.jpeg?h=225&w=225,
306666930,Tesco Grapefruit Segments In Juice 411G,https://www.tesco.com/groceries/en-GB/shop/food-cupboard/all?department=Tins%2C%20Cans%20%26%20Packets&viewAll=department&page=,£0.90,£4.02/kg DR.WT,,,/groceries/en-GB/products/306666930,https://digitalcontent.api.tesco.com/v2/media/ghs/cf19b32c-a2a7-4332-b08b-298c9be93d52/aa1fefa6-9462-4e94-95b8-43039c58ff3a_252554105.jpeg?h=225&w=225,
281973506,Glenryck Pilchards In Tomato Sauce 400G,https://www.tesco.com/groceries/en-GB/shop/food-cupboard/all?department=Tins%2C%20Cans%20%26%20Packets&viewAll=department&page=,£1.10,£0.28/100g,,,/groceries/en-GB/products/281973506,https://digitalcontent.api.tesco.com/v2/media/ghs/fd87f3c5-77c9-4559-932e-7622a53457e4/a0e6b86d-4cd4-400d-bc0d-3935fc4a0915_313757916.jpeg?h=225&w=225,
274246877,Crosse And Blackwell Best Of British Roast Chicken & Vegetable Soup 400G,https://www.tesco.com/groceries/en-GB/shop/food-cupboard/all?department=Tins%2C%20Cans%20%26%20Packets&viewAll=department&page=,£0.90,£0.22/100g,,,/groceries/en-GB/products/274246877,https://digitalcontent.api.tesco.com/v2/media/ghs/9909f786-6273-411c-9bbe-5bb59cf798b6/0598a016-756b-43e3-b24f-a7a44656338a_641630924.jpeg?h=225&w=225,
270996277,Batchelors Cup A Soup Chicken & Leek 86G,https://www.tesco.com/groceries/en-GB/shop/food-cupboard/all?department=Tins%2C%20Cans%20%26%20Packets&viewAll=department&page=,£1.09,£1.27/100g,Any 3 for £2.50 Clubcard Price - Selected Batchelors Cup A Soup 50g-122g,,/groceries/en-GB/products/270996277,https://digitalcontent.api.tesco.com/v2/media/ghs/7540c481-b58a-4ecd-9efa-581128b9b525/fa662bad-fd16-4bab-aa27-61feb57ff3db_232590620.jpeg?h=225&w=225,
254174289,Princes Tuna & Mayonnaise Paste 75G,https://www.tesco.com/groceries/en-GB/shop/food-cupboard/all?department=Tins%2C%20Cans%20%26%20Packets&viewAll=department&page=,£0.65,£0.87/100g,,,/groceries/en-GB/products/254174289,https://digitalcontent.api.tesco.com/v2/media/ghs/b75ae457-7d97-4ab9-8d5a-11ed356659c9/7d45f0a4-c3a3-4db5-bc75-37aad2af2721_1029868879.jpeg?h=225&w=225,
255457846,Heinz Alphabetti Pasta Shapes 400G,https://www.tesco.com/groceries/en-GB/shop/food-cupboard/all?department=Tins%2C%20Cans%20%26%20Packets&viewAll=department&page=,£1.00,£2.50/kg,Any 2 for £1.60 Clubcard Price - Selected Heinz Spaghetti In Tomato Sauce Or No Added Sugar 400g,,/groceries/en-GB/products/255457846,https://digitalcontent.api.tesco.com/v2/media/ghs/8b58e0f0-c58e-4f62-98a2-8f3de0017215/72d68d17-b711-480c-b500-d03d72baabec_925532860.jpeg?h=225&w=225,
254174519,Princes Sardine & Tomato Paste 75G,https://www.tesco.com/groceries/en-GB/shop/food-cupboard/all?department=Tins%2C%20Cans%20%26%20Packets&viewAll=department&page=,£0.65,£0.87/100g,,,/groceries/en-GB/products/254174519,https://digitalcontent.api.tesco.com/v2/media/ghs/43bc5516-df9b-4445-93dc-902767b7d17f/e4abaec3-47a8-4fa5-95f1-74bcc7408136_191605263.jpeg?h=225&w=225,
300524100,Tesco Low Fat Lentil & Vegetable Soup 400G,https://www.tesco.com/groceries/en-GB/shop/food-cupboard/all?department=Tins%2C%20Cans%20%26%20Packets&viewAll=department&page=,£0.60,£0.15/100g,,,/groceries/en-GB/products/300524100,https://digitalcontent.api.tesco.com/v2/media/ghs/854b3714-dc0f-4c85-a06b-630231dc67eb/6cca0324-f92d-4d13-9556-54cb6ea79861_1029177776.jpeg?h=225&w=225,
310118693,Batchelors Cup A Soup Broccoli & Cauliflower 4 Sachets 101G,https://www.tesco.com/groceries/en-GB/shop/food-cupboard/all?department=Tins%2C%20Cans%20%26%20Packets&viewAll=department&page=,£1.09,£1.08/100g,Any 3 for £2.50 Clubcard Price - Selected Batchelors Cup A Soup 50g-122g,,/groceries/en-GB/products/310118693,https://digitalcontent.api.tesco.com/v2/media/ghs/ddec1244-e929-4b33-a604-09fc03d27aac/0fba4963-b6f3-4f35-9eac-168c42c09b46_615736488.jpeg?h=225&w=225,
307734693,Tesco Irish Stew 392G,https://www.tesco.com/groceries/en-GB/shop/food-cupboard/all?department=Tins%2C%20Cans%20%26%20Packets&viewAll=department&page=,£1.85,£4.72/kg,,,/groceries/en-GB/products/307734693,https://digitalcontent.api.tesco.com/v2/media/ghs/967f613e-9fff-4c8c-b169-8b52b075ad36/5c2996df-3752-4687-b4d1-194f0cd217d1_765318800.jpeg?h=225&w=225,
306647832,Tesco Ruby Red Grapefruit Segments In Juice 411G,https://www.tesco.com/groceries/en-GB/shop/food-cupboard/all?department=Tins%2C%20Cans%20%26%20Packets&viewAll=department&page=,£0.90,£4.02/kg DR.WT,,,/groceries/en-GB/products/306647832,https://digitalcontent.api.tesco.com/v2/media/ghs/f6f60356-5a77-4012-a82c-48d7696fd970/e29a041d-936e-4d71-87f7-e89a7e245257_282413579.jpeg?h=225&w=225,
254875859,Batchelors Bigga Dried Peas 250G,https://www.tesco.com/groceries/en-GB/shop/food-cupboard/all?department=Tins%2C%20Cans%20%26%20Packets&viewAll=department&page=,£0.55,£2.20/kg,,,/groceries/en-GB/products/254875859,https://digitalcontent.api.tesco.com/v2/media/ghs/c978ca64-7b3c-4072-a13c-f6d503cc017f/ca5b30b3-17e5-4b10-8fd7-fe2038294924_1305411391.jpeg?h=225&w=225,
297132222,Tesco Roast Chicken Soup In A Mug 5 Pack (5X26) 130G,https://www.tesco.com/groceries/en-GB/shop/food-cupboard/all?department=Tins%2C%20Cans%20%26%20Packets&viewAll=department&page=,£0.85,£0.65/100g,,,/groceries/en-GB/products/297132222,https://digitalcontent.api.tesco.com/v2/media/ghs/87db2138-3586-4b26-8f23-5c0cab911bb0/7dbc7d4c-c16d-49fa-a552-7c1e01bf43fb_839462847.jpeg?h=225&w=225,
307347961,Tesco Mackerel In Katsu Curry Sauce 125G,https://www.tesco.com/groceries/en-GB/shop/food-cupboard/all?department=Tins%2C%20Cans%20%26%20Packets&viewAll=department&page=,£0.80,£0.64/100g,,,/groceries/en-GB/products/307347961,https://digitalcontent.api.tesco.com/v2/media/ghs/a275a731-53d6-4691-9e2d-799457b4d9b5/38d709f5-fb6e-4155-948f-8e5c48514f03_162844592.jpeg?h=225&w=225,
304383340,Tesco Broad Beans In Water 300G,https://www.tesco.com/groceries/en-GB/shop/food-cupboard/all?department=Tins%2C%20Cans%20%26%20Packets&viewAll=department&page=,£0.65,£3.43/kg DR.WT,,,/groceries/en-GB/products/304383340,https://digitalcontent.api.tesco.com/v2/media/ghs/1ec54a16-ac25-4155-b57f-4e9011778c05/984b9c67-edec-46b0-8b5e-32d162411bd4_1501857532.jpeg?h=225&w=225,
264641879,Tesco Short Cut Spaghetti In Tomato Sauce 410G,https://www.tesco.com/groceries/en-GB/shop/food-cupboard/all?department=Tins%2C%20Cans%20%26%20Packets&viewAll=department&page=,£0.40,£0.98/kg,Any 4 for £1.30 Clubcard Price - Tesco Spaghetti In Tomato Sauce 410g,,/groceries/en-GB/products/264641879,https://digitalcontent.api.tesco.com/v2/media/ghs/f9d3b662-2ec0-4d9d-8c9a-9f676058932c/4f91cccb-8090-49b1-aa84-b4637a35bc6d_404576988.jpeg?h=225&w=225,
305437973,"Tesco Plant Chef Tomato , Chickpea Aubergine Soup 400G",https://www.tesco.com/groceries/en-GB/shop/food-cupboard/all?department=Tins%2C%20Cans%20%26%20Packets&viewAll=department&page=,£0.65,£0.16/100g,,,/groceries/en-GB/products/305437973,https://digitalcontent.api.tesco.com/v2/media/ghs/3612945d-b110-4f7a-9215-ef03f2dacec2/ea216370-5a4a-424a-8bfc-4a3c2a8ebc80_926958216.jpeg?h=225&w=225,
300535571,Tesco Mackerel In Hot Sauce 125G,https://www.tesco.com/groceries/en-GB/shop/food-cupboard/all?department=Tins%2C%20Cans%20%26%20Packets&viewAll=department&page=,£0.80,£0.64/100g,,,/groceries/en-GB/products/300535571,https://digitalcontent.api.tesco.com/v2/media/ghs/ada1c5b9-472d-452d-916d-103864912a74/36010c43-86c1-4edd-ae20-a3bf4ae9493a_574248183.jpeg?h=225&w=225,
274571347,Tesco Minced Beef With Onion 392G,https://www.tesco.com/groceries/en-GB/shop/food-cupboard/all?department=Tins%2C%20Cans%20%26%20Packets&viewAll=department&page=,£1.85,£4.72/kg,,,/groceries/en-GB/products/274571347,https://digitalcontent.api.tesco.com/v2/media/ghs/a15f159f-74f9-42c1-a605-c4258985fec6/9ac40e7e-966f-436c-a601-8e5d20e89b9c_1375578218.jpeg?h=225&w=225,
307744180,Tesco Stewed Steak 392G,https://www.tesco.com/groceries/en-GB/shop/food-cupboard/all?department=Tins%2C%20Cans%20%26%20Packets&viewAll=department&page=,£2.35,£6.00/kg DR.WT,,,/groceries/en-GB/products/307744180,https://digitalcontent.api.tesco.com/v2/media/ghs/bf98d705-d60e-4f4f-b04b-07d5ca9b9eb4/8b7c282c-6ef6-4634-82a5-7084bbdc518c_2140893523.jpeg?h=225&w=225,
307735916,Stockwell & Co Stewed Steak & Gravy 392G,https://www.tesco.com/groceries/en-GB/shop/food-cupboard/all?department=Tins%2C%20Cans%20%26%20Packets&viewAll=department&page=,£1.75,£4.47/kg DR.WT,Aldi Price Match,,/groceries/en-GB/products/307735916,https://digitalcontent.api.tesco.com/v2/media/ghs/f0d09353-eb8a-4c39-964f-359a16d4dc44/e9612bc9-0314-4c55-a679-8c585ebc8492_1868797200.jpeg?h=225&w=225,
267747957,Cirio Chopped Tomatoes 4X400g,https://www.tesco.com/groceries/en-GB/shop/food-cupboard/all?department=Tins%2C%20Cans%20%26%20Packets&viewAll=department&page=,£4.00,£2.50/kg,,,/groceries/en-GB/products/267747957,https://digitalcontent.api.tesco.com/v2/media/ghs/8515b477-9339-4f64-9fbf-92721c661e46/27938ada-28b9-458a-8afd-4afc796b2349_1310415216.jpeg?h=225&w=225,
259256824,Princes Wild Pacific Red Salmon 213G,https://www.tesco.com/groceries/en-GB/shop/food-cupboard/all?department=Tins%2C%20Cans%20%26%20Packets&viewAll=department&page=,£3.50,£1.65/100g,,,/groceries/en-GB/products/259256824,https://digitalcontent.api.tesco.com/v2/media/ghs/e246f926-66b1-4dab-bc76-e9b230e15a79/df0a74ed-f145-4bff-b109-087af0b9567b_921452714.jpeg?h=225&w=225,
267193966,Baxters Favourite Minestrone Soup 400G,https://www.tesco.com/groceries/en-GB/shop/food-cupboard/all?department=Tins%2C%20Cans%20%26%20Packets&viewAll=department&page=,£1.60,£0.40/100g,,,/groceries/en-GB/products/267193966,https://digitalcontent.api.tesco.com/v2/media/ghs/73168807-ac39-4546-a3a8-126acf0e9d5f/79816269-8f1c-4fe1-a757-84811160bbdc_2018813261.jpeg?h=225&w=225,
267193937,Baxters Favourite Lentil & Bacon Soup 400G,https://www.tesco.com/groceries/en-GB/shop/food-cupboard/all?department=Tins%2C%20Cans%20%26%20Packets&viewAll=department&page=,£1.60,£0.40/100g,,,/groceries/en-GB/products/267193937,https://digitalcontent.api.tesco.com/v2/media/ghs/2f1bbfbe-0c9b-4eb6-9843-b63e6b9f8771/snapshotimagehandler_1437282194.jpeg?h=225&w=225,
267194470,Baxters Favourite Scotch Broth Soup 400G,https://www.tesco.com/groceries/en-GB/shop/food-cupboard/all?department=Tins%2C%20Cans%20%26%20Packets&viewAll=department&page=,£1.60,£0.40/100g,,,/groceries/en-GB/products/267194470,https://digitalcontent.api.tesco.com/v2/media/ghs/192b7e04-216a-4be0-bb92-3ea88c1c897c/a6b7d2a3-bfd3-4ff8-9cdf-a8b43d5d821c_399172299.jpeg?h=225&w=225,
267193897,Baxters Favourite French Onion Soup 400G,https://www.tesco.com/groceries/en-GB/shop/food-cupboard/all?department=Tins%2C%20Cans%20%26%20Packets&viewAll=department&page=,£1.60,£0.40/100g,,,/groceries/en-GB/products/267193897,https://digitalcontent.api.tesco.com/v2/media/ghs/b21161f3-c394-4a6f-8fc2-f30e37cf1a61/07b23847-f1ec-494b-9217-5e8325d29392_1755544803.jpeg?h=225&w=225,
305054331,Princes Strawberries In Light Syrup 410G,https://www.tesco.com/groceries/en-GB/shop/food-cupboard/all?department=Tins%2C%20Cans%20%26%20Packets&viewAll=department&page=,£1.30,£3.18/kg DR.WT,,,/groceries/en-GB/products/305054331,https://digitalcontent.api.tesco.com/v2/media/ghs/abfc9334-adff-44a6-b9e1-b3a232935a70/24422840-c8c1-433e-853f-e1296c6ba97d_1028342344.jpeg?h=225&w=225,
311788692,Princes Mackerel Fillets Olive Oil 125G,https://www.tesco.com/groceries/en-GB/shop/food-cupboard/all?department=Tins%2C%20Cans%20%26%20Packets&viewAll=department&page=,£1.50,£1.83/100g DR.WT,,,/groceries/en-GB/products/311788692,https://digitalcontent.api.tesco.com/v2/media/ghs/bc8a9360-008d-4ec1-9b8e-46b9846a9dd2/ca9a62fe-d04e-4df9-a5b5-92d3a4e0138c_702086647.jpeg?h=225&w=225,
267668808,John West Foods Limited Boneless Sardines In Olive Oil 95G,https://www.tesco.com/groceries/en-GB/shop/food-cupboard/all?department=Tins%2C%20Cans%20%26%20Packets&viewAll=department&page=,£1.35,£2.02/100g DR.WT,,,/groceries/en-GB/products/267668808,https://digitalcontent.api.tesco.com/v2/media/ghs/f06f15b2-111a-4945-a2fa-121eb44dcf9e/8db2b8a6-62ea-4656-9692-3f57d99422de_1338500331.jpeg?h=225&w=225,
255901718,Spam Chopped Pork & Ham 200G,https://www.tesco.com/groceries/en-GB/shop/food-cupboard/all?department=Tins%2C%20Cans%20%26%20Packets&viewAll=department&page=,£2.45,£1.23/100g,,,/groceries/en-GB/products/255901718,https://digitalcontent.api.tesco.com/v2/media/ghs/eb5324ff-0072-4a66-a08e-84d051e09b0c/03038dba-17a9-474f-af92-4f04a799cda5_538308170.jpeg?h=225&w=225,
252737883,John West Sardines Olive Oil 120G,https://www.tesco.com/groceries/en-GB/shop/food-cupboard/all?department=Tins%2C%20Cans%20%26%20Packets&viewAll=department&page=,£1.10,£1.23/100g DR.WT,,,/groceries/en-GB/products/252737883,https://digitalcontent.api.tesco.com/v2/media/ghs/20659076-382b-486d-9666-abdf893b97de/fcb16ac6-c969-449a-bdba-b66bb97482f1_658297205.jpeg?h=225&w=225,
251433282,John West Boneless Sardine Tomato Sauce 95G,https://www.tesco.com/groceries/en-GB/shop/food-cupboard/all?department=Tins%2C%20Cans%20%26%20Packets&viewAll=department&page=,£1.35,£1.43/100g,,,/groceries/en-GB/products/251433282,https://digitalcontent.api.tesco.com/v2/media/ghs/00736a4b-dd47-4329-99c9-122b49affff6/ab2879ea-d4bb-4ac6-88cd-ea7c081a1352_747643609.jpeg?h=225&w=225,
271737174,Tesco Danish Ham 340G,https://www.tesco.com/groceries/en-GB/shop/food-cupboard/all?department=Tins%2C%20Cans%20%26%20Packets&viewAll=department&page=,£2.75,£0.81/100g,,,/groceries/en-GB/products/271737174,https://digitalcontent.api.tesco.com/v2/media/ghs/6ace75de-2265-4c9e-ab81-a0ff31b9ee49/b5e64d51-0e95-4bb9-b99e-5c0bd5359b92_1254905250.jpeg?h=225&w=225,
262780884,Heinz Spaghetti Hoops Snap Pots 4X190g,https://www.tesco.com/groceries/en-GB/shop/food-cupboard/all?department=Tins%2C%20Cans%20%26%20Packets&viewAll=department&page=,£2.49,£3.28/kg,Aldi Price Match,,/groceries/en-GB/products/262780884,https://digitalcontent.api.tesco.com/v2/media/ghs/c6cc67f6-681f-47a2-ad29-62525aa864a4/73b6c662-fb59-4696-8ec4-c216e29a8bca_1994207037.jpeg?h=225&w=225,
267195653,Baxters Vegetarian Carrot & Butter Bean Soup 400G,https://www.tesco.com/groceries/en-GB/shop/food-cupboard/all?department=Tins%2C%20Cans%20%26%20Packets&viewAll=department&page=,£1.70,£0.42/100g,£1.20 Clubcard Price,,/groceries/en-GB/products/267195653,https://digitalcontent.api.tesco.com/v2/media/ghs/d64cadc9-f6fa-4dac-9d08-5c2ce3bfb42b/e829a7d2-1e62-474a-8c53-af156813b18a_1805220058.jpeg?h=225&w=225,
267196502,Baxters Vegetarian Country Garden Soup 400G,https://www.tesco.com/groceries/en-GB/shop/food-cupboard/all?department=Tins%2C%20Cans%20%26%20Packets&viewAll=department&page=,£1.70,£0.42/100g,£1.20 Clubcard Price,,/groceries/en-GB/products/267196502,https://digitalcontent.api.tesco.com/v2/media/ghs/2c582e20-b28b-4700-a798-b7dc7b3b18c1/6b999417-4520-475d-804e-0ac1d77cdff1_1718819703.jpeg?h=225&w=225,
267187968,Baxters Vegetarian Spicy Parsnip Soup 400G,https://www.tesco.com/groceries/en-GB/shop/food-cupboard/all?department=Tins%2C%20Cans%20%26%20Packets&viewAll=department&page=,£1.70,£0.42/100g,£1.20 Clubcard Price,,/groceries/en-GB/products/267187968,https://digitalcontent.api.tesco.com/v2/media/ghs/299cbfb1-aaf6-4549-82d4-e0d83606ed41/6707f2ac-16cb-431c-b9a5-9da4b0d0f1b4_328384807.jpeg?h=225&w=225,
282996777,Tesco Skinless & Boneless Sardines In Tomato Sauce 90G,https://www.tesco.com/groceries/en-GB/shop/food-cupboard/all?department=Tins%2C%20Cans%20%26%20Packets&viewAll=department&page=,£1.05,£1.17/100g,,,/groceries/en-GB/products/282996777,https://digitalcontent.api.tesco.com/v2/media/ghs/4934cdf3-f71c-4b1e-b327-9129a5ca7b3a/312e6bbd-7926-4c16-b583-081b12be74cc_645375675.jpeg?h=225&w=225,
266643563,Cirio Smooth Passata 3X200g,https://www.tesco.com/groceries/en-GB/shop/food-cupboard/all?department=Tins%2C%20Cans%20%26%20Packets&viewAll=department&page=,£1.35,£2.25/kg,,,/groceries/en-GB/products/266643563,https://digitalcontent.api.tesco.com/v2/media/ghs/fa850573-700a-4349-a1c9-a6475c39c4d8/91cbb2ec-cd9b-47a4-82be-f731a3085556_101663239.jpeg?h=225&w=225,
254875335,Green Giant No Added Salt Sweet Corn 340G,https://www.tesco.com/groceries/en-GB/shop/food-cupboard/all?department=Tins%2C%20Cans%20%26%20Packets&viewAll=department&page=,£1.15,£4.04/kg DR.WT,Any 3 for £2.80 Clubcard Price - Green Giant Sweetcorn 340g ,,/groceries/en-GB/products/254875335,https://digitalcontent.api.tesco.com/v2/media/ghs/42d613ab-ca6c-47f6-a6e0-06a3d67279ed/3e5c7a11-4a6d-4e94-aa73-6da25b7570f3_242030426.jpeg?h=225&w=225,
307733249,Tesco Beef Casserole 392G,https://www.tesco.com/groceries/en-GB/shop/food-cupboard/all?department=Tins%2C%20Cans%20%26%20Packets&viewAll=department&page=,£1.85,£4.72/kg,,,/groceries/en-GB/products/307733249,https://digitalcontent.api.tesco.com/v2/media/ghs/711b9648-d8a5-452c-9685-78749bb90809/fca3e543-eaf7-4a60-a0dc-34c95ae8e73d_1874610164.jpeg?h=225&w=225,
282617006,Del Monte Mango Slices In Syrup 425G,https://www.tesco.com/groceries/en-GB/shop/food-cupboard/all?department=Tins%2C%20Cans%20%26%20Packets&viewAll=department&page=,£1.10,£4.79/kg DR.WT,,,/groceries/en-GB/products/282617006,https://digitalcontent.api.tesco.com/v2/media/ghs/6a2d723d-b6ce-491a-b656-7e522a949640/033f08e3-f47f-4e40-b29c-170c71f53049_892123383.jpeg?h=225&w=225,
297118142,Heinz Big Soup Sausage & Vegetable 400G,https://www.tesco.com/groceries/en-GB/shop/food-cupboard/all?department=Tins%2C%20Cans%20%26%20Packets&viewAll=department&page=,£1.70,£0.42/100g,Any 3 for £4 Clubcard Price - Selected Heinz Big Soup And Meals 400g 0r 415g,,/groceries/en-GB/products/297118142,https://digitalcontent.api.tesco.com/v2/media/ghs/c7e64aeb-a2b4-43da-8643-4a103d830806/a92e1f72-f10f-48fe-acfd-0fd368840feb_1586191524.jpeg?h=225&w=225,
262743026,Fray Bentos Chicken Meatballs Gravy 380G,https://www.tesco.com/groceries/en-GB/shop/food-cupboard/all?department=Tins%2C%20Cans%20%26%20Packets&viewAll=department&page=,£1.00,£2.64/kg,,,/groceries/en-GB/products/262743026,https://digitalcontent.api.tesco.com/v2/media/ghs/0d4375fb-2a20-41fd-81dc-59fe81028cf6/3882e67b-6efa-4a65-ac50-fe4194d5e73e_570082802.jpeg?h=225&w=225,
284742770,Baxters Vegetable Lentil & Vegetable 400G,https://www.tesco.com/groceries/en-GB/shop/food-cupboard/all?department=Tins%2C%20Cans%20%26%20Packets&viewAll=department&page=,£1.70,£0.42/100g,£1.20 Clubcard Price,,/groceries/en-GB/products/284742770,https://digitalcontent.api.tesco.com/v2/media/ghs/6ac74e72-8989-4b64-a343-faa0184d6f89/20c2ff27-1e38-43f3-8ff5-8724b4891836_1786593201.jpeg?h=225&w=225,
270978950,Campbells Cream Of Tomato Condensed Soup 294G,https://www.tesco.com/groceries/en-GB/shop/food-cupboard/all?department=Tins%2C%20Cans%20%26%20Packets&viewAll=department&page=,£1.15,£0.39/100g,,,/groceries/en-GB/products/270978950,https://digitalcontent.api.tesco.com/v2/media/ghs/04f899d0-d812-466b-9ac8-95fce52953ca/206a4a28-e3a6-4c2f-a08c-876812725917_1982257372.jpeg?h=225&w=225,
288458144,Crosse And Blackwell Best Of British Chicken Soup 400G,https://www.tesco.com/groceries/en-GB/shop/food-cupboard/all?department=Tins%2C%20Cans%20%26%20Packets&viewAll=department&page=,£0.90,£0.22/100g,,,/groceries/en-GB/products/288458144,https://digitalcontent.api.tesco.com/v2/media/ghs/b74314c8-c978-4197-a085-5310bfa2af5e/89b9c0ae-ab58-49ec-a58a-b541a477a610_2135476964.jpeg?h=225&w=225,
297242881,Pek Chopped Pork Gold 170G,https://www.tesco.com/groceries/en-GB/shop/food-cupboard/all?department=Tins%2C%20Cans%20%26%20Packets&viewAll=department&page=,£1.40,£0.82/100g,,,/groceries/en-GB/products/297242881,https://digitalcontent.api.tesco.com/v2/media/ghs/ed20f9c4-0d91-4788-b14a-d69346ceac18/cf82505d-53b3-4c1c-a698-f76fcd506042_363747819.jpeg?h=225&w=225,
252483911,Heinz Weight Watchers Baked Beans 415G,https://www.tesco.com/groceries/en-GB/shop/food-cupboard/all?department=Tins%2C%20Cans%20%26%20Packets&viewAll=department&page=,£1.10,£2.66/kg,,,/groceries/en-GB/products/252483911,https://digitalcontent.api.tesco.com/v2/media/ghs/2794eebd-38ee-4d5c-b6e1-1a660fe80cb4/92bd11fb-3709-45f7-ac1a-35d1f18988d2_724554260.jpeg?h=225&w=225,
300594603,Tesco Finest Sardines In Water 105G,https://www.tesco.com/groceries/en-GB/shop/food-cupboard/all?department=Tins%2C%20Cans%20%26%20Packets&viewAll=department&page=,£1.05,£1.48/100g DR.WT,,,/groceries/en-GB/products/300594603,https://digitalcontent.api.tesco.com/v2/media/ghs/cad5cf69-0d92-46e3-9102-a281669c6f94/25e3d18f-cf0c-4147-9c53-dd1e7a9b81e3_2126024086.jpeg?h=225&w=225,
300456566,Tesco Low Fat Chicken Noodle Cup Soup 5 Pack 65G,https://www.tesco.com/groceries/en-GB/shop/food-cupboard/all?department=Tins%2C%20Cans%20%26%20Packets&viewAll=department&page=,£0.85,£1.31/100g,,,/groceries/en-GB/products/300456566,https://digitalcontent.api.tesco.com/v2/media/ghs/2c0e059a-b3ee-45bb-88dc-e03442fcfcd4/089d1570-bf28-442a-82c5-cc84793fc2de_89741146.jpeg?h=225&w=225,
294780674,Heinz Frozen Snap Pots 190Gx2,https://www.tesco.com/groceries/en-GB/shop/food-cupboard/all?department=Tins%2C%20Cans%20%26%20Packets&viewAll=department&page=,£1.00,£2.64/kg,,,/groceries/en-GB/products/294780674,https://digitalcontent.api.tesco.com/v2/media/ghs/93ba104e-25c5-464d-adca-68062a3c00d1/25eede66-d631-4932-8fe9-cee5813e97de_1496462510.jpeg?h=225&w=225,
297132245,Tesco Vegetable & Croutons Soup In A Mug 5 Pack 115G,https://www.tesco.com/groceries/en-GB/shop/food-cupboard/all?department=Tins%2C%20Cans%20%26%20Packets&viewAll=department&page=,£0.85,£0.74/100g,,,/groceries/en-GB/products/297132245,https://digitalcontent.api.tesco.com/v2/media/ghs/d0d862ba-a793-46b0-a2b1-5e4b7a6fa6d9/21c6e221-cf99-4548-8f44-f4fe353e221a_1722300201.jpeg?h=225&w=225,
307748671,Tesco Chicken Korma 392G,https://www.tesco.com/groceries/en-GB/shop/food-cupboard/all?department=Tins%2C%20Cans%20%26%20Packets&viewAll=department&page=,£1.85,£4.72/kg DR.WT,,,/groceries/en-GB/products/307748671,https://digitalcontent.api.tesco.com/v2/media/ghs/b8af1d2e-0c28-49b5-8c1f-bf78d245c719/217e3814-f0ec-4b8d-bffc-6d01d1a04fc5_1586327004.jpeg?h=225&w=225,
288458432,Crosse And Blackwell Best Of British Winter Vegetable 400G,https://www.tesco.com/groceries/en-GB/shop/food-cupboard/all?department=Tins%2C%20Cans%20%26%20Packets&viewAll=department&page=,£0.90,£0.22/100g,,,/groceries/en-GB/products/288458432,https://digitalcontent.api.tesco.com/v2/media/ghs/6020097b-31a2-4911-a8b6-71254598831c/be0e1abf-7174-4443-8c70-ba7c1fc3c965_2102559436.jpeg?h=225&w=225,
252494466,Princes Lean Corned Beef 200G,https://www.tesco.com/groceries/en-GB/shop/food-cupboard/all?department=Tins%2C%20Cans%20%26%20Packets&viewAll=department&page=,£3.25,£1.63/100g,,,/groceries/en-GB/products/252494466,https://digitalcontent.api.tesco.com/v2/media/ghs/6f98a226-85fa-45a3-af8a-db0c60091b44/25058286-1070-4f43-a743-6968d74ca284_1781650144.jpeg?h=225&w=225,
270978973,Batchelors Cup A Soup Beef & Tom 4X22g,https://www.tesco.com/groceries/en-GB/shop/food-cupboard/all?department=Tins%2C%20Cans%20%26%20Packets&viewAll=department&page=,£1.09,£1.24/100g,Any 3 for £2.50 Clubcard Price - Selected Batchelors Cup A Soup 50g-122g,,/groceries/en-GB/products/270978973,https://digitalcontent.api.tesco.com/v2/media/ghs/88c73b2f-e748-4ae0-864e-9674f0095a16/bb2f3ff6-45e2-45af-96e7-9c73559ab234_644467635.jpeg?h=225&w=225,
297132182,Tesco Broccoli & Stilton Soup In A Mug 5 Pack 120G,https://www.tesco.com/groceries/en-GB/shop/food-cupboard/all?department=Tins%2C%20Cans%20%26%20Packets&viewAll=department&page=,£0.85,£0.71/100g,,,/groceries/en-GB/products/297132182,https://digitalcontent.api.tesco.com/v2/media/ghs/a16ff0f3-c1a1-4867-b702-61c1e8555a68/60718483-8269-42b1-81a9-34555a90d0fb_126187564.jpeg?h=225&w=225,
289623241,Heinz Peppa Pig Snap Pots 2 X 190G,https://www.tesco.com/groceries/en-GB/shop/food-cupboard/all?department=Tins%2C%20Cans%20%26%20Packets&viewAll=department&page=,£1.00,£2.64/kg,,,/groceries/en-GB/products/289623241,https://digitalcontent.api.tesco.com/v2/media/ghs/178ec43d-2402-4213-98f3-adf9db4f88b4/26434698-eec8-465e-8cda-9ee893aa271a_667985090.jpeg?h=225&w=225,
297132320,Tesco Mushroom & Croutons Soup In A Mug 5 Pack 130G,https://www.tesco.com/groceries/en-GB/shop/food-cupboard/all?department=Tins%2C%20Cans%20%26%20Packets&viewAll=department&page=,£0.85,£0.65/100g,,,/groceries/en-GB/products/297132320,https://digitalcontent.api.tesco.com/v2/media/ghs/89951256-a491-4001-9027-724da251ea12/f80c9546-9a02-487f-bb01-27c94bfef783_952065526.jpeg?h=225&w=225,
297040843,Heinz Hoops No Added Sugar 400G,https://www.tesco.com/groceries/en-GB/shop/food-cupboard/all?department=Tins%2C%20Cans%20%26%20Packets&viewAll=department&page=,£1.00,£2.50/kg,Any 2 for £1.60 Clubcard Price - Selected Heinz Spaghetti In Tomato Sauce Or No Added Sugar 400g,,/groceries/en-GB/products/297040843,https://digitalcontent.api.tesco.com/v2/media/ghs/0d766f0f-a845-4e55-9f9c-4cfe0b398db5/f4382718-3014-4c96-b183-2484455b1a30_1680068031.jpeg?h=225&w=225,
256528738,Tesco Breakfast Apricots In Juice 300G,https://www.tesco.com/groceries/en-GB/shop/food-cupboard/all?department=Tins%2C%20Cans%20%26%20Packets&viewAll=department&page=,£1.15,£6.39/kg DR.WT,,,/groceries/en-GB/products/256528738,https://digitalcontent.api.tesco.com/v2/media/ghs/721126cf-ce3e-4899-9bf5-d675d667c448/d1ea1632-349d-4825-ab72-b987724560d8_528144892.jpeg?h=225&w=225,
254851542,Tesco Sardine & Tomato Paste 75G,https://www.tesco.com/groceries/en-GB/shop/food-cupboard/all?department=Tins%2C%20Cans%20%26%20Packets&viewAll=department&page=,£0.45,£0.60/100g,,,/groceries/en-GB/products/254851542,https://digitalcontent.api.tesco.com/v2/media/ghs/dfd1b3f6-92be-4702-815a-61879ef3495b/349dcbf5-56fe-4f10-839d-19eb88421a3f_963348781.jpeg?h=225&w=225,
307762296,Tesco Beef Curry 392G,https://www.tesco.com/groceries/en-GB/shop/food-cupboard/all?department=Tins%2C%20Cans%20%26%20Packets&viewAll=department&page=,£1.85,£4.72/kg,,,/groceries/en-GB/products/307762296,https://digitalcontent.api.tesco.com/v2/media/ghs/990a5a6f-936c-4d59-8465-eca33cdabffc/0f3de56f-4914-4989-a348-836d4c75eb20_365929267.jpeg?h=225&w=225,
259062304,Tesco Prunes In Syrup 420G,https://www.tesco.com/groceries/en-GB/shop/food-cupboard/all?department=Tins%2C%20Cans%20%26%20Packets&viewAll=department&page=,£1.00,£4.26/kg DR.WT,,,/groceries/en-GB/products/259062304,https://digitalcontent.api.tesco.com/v2/media/ghs/37ba1977-3d95-4f93-a237-d3319fb1ec1f/f5c2396d-9093-4abc-9215-79cd1b17df71_1543466222.jpeg?h=225&w=225,
306955093,Tesco Salmon Skinless & Boneless 160G,https://www.tesco.com/groceries/en-GB/shop/food-cupboard/all?department=Tins%2C%20Cans%20%26%20Packets&viewAll=department&page=,£2.60,£1.63/100g,£1.90 Clubcard Price,,/groceries/en-GB/products/306955093,https://digitalcontent.api.tesco.com/v2/media/ghs/ce1e1305-0492-40bc-8c2d-7c1468c281f1/cfa663f3-df6e-4cfb-9e3a-bf57f1b2d7e6_1196606576.jpeg?h=225&w=225,
258098027,Tesco Wild Pacific Pink Salmon 418G,https://www.tesco.com/groceries/en-GB/shop/food-cupboard/all?department=Tins%2C%20Cans%20%26%20Packets&viewAll=department&page=,£3.25,£0.78/100g,,,/groceries/en-GB/products/258098027,https://digitalcontent.api.tesco.com/v2/media/ghs/6f1ce192-dd9f-4e5a-a26f-f9b5098ce0ec/58baf05c-a6e8-45e7-9cbb-0b9ca330f8c3_1387374620.jpeg?h=225&w=225,
283996545,Nature's Finest Peach In Juice 700G,https://www.tesco.com/groceries/en-GB/shop/food-cupboard/all?department=Tins%2C%20Cans%20%26%20Packets&viewAll=department&page=,£2.75,£7.06/kg DR.WT,,,/groceries/en-GB/products/283996545,https://digitalcontent.api.tesco.com/v2/media/ghs/f4216356-11af-4cb6-923e-25bb5d9d35c6/512121b1-efdf-4e28-a311-c28fd67fe77d_128567519.jpeg?h=225&w=225,
267612126,Tesco Wild Pacific Red Salmon 105G,https://www.tesco.com/groceries/en-GB/shop/food-cupboard/all?department=Tins%2C%20Cans%20%26%20Packets&viewAll=department&page=,£2.50,£2.39/100g,,,/groceries/en-GB/products/267612126,https://digitalcontent.api.tesco.com/v2/media/ghs/bd71bcb5-15e3-4750-ae0d-e6eca63b51d5/snapshotimagehandler_1280594798.jpeg?h=225&w=225,
274808766,Nature's Finest Mandarin In Juice 390G,https://www.tesco.com/groceries/en-GB/shop/food-cupboard/all?department=Tins%2C%20Cans%20%26%20Packets&viewAll=department&page=,£1.90,£7.92/kg DR.WT,,,/groceries/en-GB/products/274808766,https://digitalcontent.api.tesco.com/v2/media/ghs/001e8582-444d-4202-b604-a7535400097d/92242c1d-ec87-4bc6-b130-533df464dd84_1205766696.jpeg?h=225&w=225,
273988374,Merchant Gourmet Red & White Quinoa 250G,https://www.tesco.com/groceries/en-GB/shop/food-cupboard/all?department=Tins%2C%20Cans%20%26%20Packets&viewAll=department&page=,£2.00,£8.00/kg,,,/groceries/en-GB/products/273988374,https://digitalcontent.api.tesco.com/v2/media/ghs/b848b1f3-b961-4f85-9cea-b095927cf05d/64923c52-9807-4a19-b528-b236bcea2097_453714118.jpeg?h=225&w=225,
277597842,Fray Bentos Steak & Kidney 425G,https://www.tesco.com/groceries/en-GB/shop/food-cupboard/all?department=Tins%2C%20Cans%20%26%20Packets&viewAll=department&page=,£2.00,£4.71/kg,,,/groceries/en-GB/products/277597842,https://digitalcontent.api.tesco.com/v2/media/ghs/bc7ea49f-9708-4515-b262-bafaebe0f840/4cc80b2d-eb00-48fb-88a9-0c30668eed71_440574.jpeg?h=225&w=225,
302291238,Princes Tuna Chunks In Spring Water 145G,https://www.tesco.com/groceries/en-GB/shop/food-cupboard/all?department=Tins%2C%20Cans%20%26%20Packets&viewAll=department&page=,£1.50,£1.48/100g DR.WT,,,/groceries/en-GB/products/302291238,https://digitalcontent.api.tesco.com/v2/media/ghs/2b951ed5-a9b9-4702-bef4-1fd93357e416/672e6010-5084-490e-a3c5-ac0effcd251c_16406886.jpeg?h=225&w=225,
254864066,Princes Mackerel Fillets In Tomato Sauce 125G,https://www.tesco.com/groceries/en-GB/shop/food-cupboard/all?department=Tins%2C%20Cans%20%26%20Packets&viewAll=department&page=,£1.50,£1.20/100g,,,/groceries/en-GB/products/254864066,https://digitalcontent.api.tesco.com/v2/media/ghs/56cbbba1-4144-4525-b922-c449b0e54969/a60fa136-87e0-4db7-b52f-f7d1deda666b_344463275.jpeg?h=225&w=225,
305043626,Princes Rhubarb In Light Syrup 540G,https://www.tesco.com/groceries/en-GB/shop/food-cupboard/all?department=Tins%2C%20Cans%20%26%20Packets&viewAll=department&page=,£1.30,£5.31/kg DR.WT,,,/groceries/en-GB/products/305043626,https://digitalcontent.api.tesco.com/v2/media/ghs/fe1322e5-71fe-4ef4-a64b-1c30f5c85a21/bf8a86f6-fe3f-49ed-aa07-0d0925e2b5ad_2019342763.jpeg?h=225&w=225,
283868292,Natures Finest Pitted Prunes In Juice 700G,https://www.tesco.com/groceries/en-GB/shop/food-cupboard/all?department=Tins%2C%20Cans%20%26%20Packets&viewAll=department&page=,£2.75,£7.34/kg DR.WT,,,/groceries/en-GB/products/283868292,https://digitalcontent.api.tesco.com/v2/media/ghs/1d81627b-8258-41fa-a3d1-399c2168873a/c391d7f1-55b6-4b27-a8b3-1bb5f4875f00_1714655422.jpeg?h=225&w=225,
256678122,Heinz Weight Watchers Chicken Soup 295G,https://www.tesco.com/groceries/en-GB/shop/food-cupboard/all?department=Tins%2C%20Cans%20%26%20Packets&viewAll=department&page=,£1.20,£0.41/100g,,,/groceries/en-GB/products/256678122,https://digitalcontent.api.tesco.com/v2/media/ghs/e62146d8-19e1-49fc-903f-dcaa86fb377a/39acb7ba-9adf-4037-92e2-fe1992298b73_2132608740.jpeg?h=225&w=225,
254998397,Heinz Weight Watchers Carrot & Lentil Soup 295G,https://www.tesco.com/groceries/en-GB/shop/food-cupboard/all?department=Tins%2C%20Cans%20%26%20Packets&viewAll=department&page=,£1.20,£0.41/100g,,,/groceries/en-GB/products/254998397,https://digitalcontent.api.tesco.com/v2/media/ghs/49cff26c-01f7-4fe3-95b4-433545974947/b65dc748-6adb-4ec7-9f0f-5e9390f7b41e_1677541835.jpeg?h=225&w=225,
300535719,Stockwell & Co Chicken Curry 392G,https://www.tesco.com/groceries/en-GB/shop/food-cupboard/all?department=Tins%2C%20Cans%20%26%20Packets&viewAll=department&page=,£1.26,£3.22/kg,,,/groceries/en-GB/products/300535719,https://digitalcontent.api.tesco.com/v2/media/ghs/0231e1e1-fcb2-4715-a220-9b8822627566/5135b02c-f320-47c9-a803-da57e329e7bc_883534018.jpeg?h=225&w=225,
266705174,Pek Chopped Pork 300G,https://www.tesco.com/groceries/en-GB/shop/food-cupboard/all?department=Tins%2C%20Cans%20%26%20Packets&viewAll=department&page=,£2.00,£0.67/100g,,,/groceries/en-GB/products/266705174,https://digitalcontent.api.tesco.com/v2/media/ghs/29a15a53-bfde-4065-b51a-48420d4b128c/3aec7fa7-5588-4d8d-85ed-fc9208dfca8f_2016801459.jpeg?h=225&w=225,
271529663,Tesco Organic Passata 500G,https://www.tesco.com/groceries/en-GB/shop/food-cupboard/all?department=Tins%2C%20Cans%20%26%20Packets&viewAll=department&page=,£1.10,£2.20/kg,,,/groceries/en-GB/products/271529663,https://digitalcontent.api.tesco.com/v2/media/ghs/59b38f6e-efd0-4133-a2b7-5ff05d9d2352/14cd6276-8daa-46db-82dd-bcc705713b10_1621173995.jpeg?h=225&w=225,
296901996,Idahoan Cheese Mash 109G,https://www.tesco.com/groceries/en-GB/shop/food-cupboard/all?department=Tins%2C%20Cans%20%26%20Packets&viewAll=department&page=,£1.45,£13.31/kg,,,/groceries/en-GB/products/296901996,https://digitalcontent.api.tesco.com/v2/media/ghs/66d1e16d-8d73-4f94-b370-734a196f6057/5e9850c2-20d7-484a-9767-c444dc17c403_1675034144.jpeg?h=225&w=225,
292340611,Tulip Bacon Grill 250G,https://www.tesco.com/groceries/en-GB/shop/food-cupboard/all?department=Tins%2C%20Cans%20%26%20Packets&viewAll=department&page=,£1.50,£0.60/100g,,,/groceries/en-GB/products/292340611,https://digitalcontent.api.tesco.com/v2/media/ghs/272b1a47-e143-409a-8f66-edfec16e1e42/380ae18d-3868-48db-8a62-890cc6d217c6_322833771.jpeg?h=225&w=225,
302282831,Tesco Organic Red Kidney Beans In Water 400G,https://www.tesco.com/groceries/en-GB/shop/food-cupboard/all?department=Tins%2C%20Cans%20%26%20Packets&viewAll=department&page=,£1.00,£4.17/kg DR.WT,,,/groceries/en-GB/products/302282831,https://digitalcontent.api.tesco.com/v2/media/ghs/bc64acaa-779d-4e56-924a-34ab4891e66d/bdb111ef-e8c8-4f51-b44d-15848bc1748c_675604059.jpeg?h=225&w=225,
271810295,Tesco Skinless & Boneless Pink Salmon 170G,https://www.tesco.com/groceries/en-GB/shop/food-cupboard/all?department=Tins%2C%20Cans%20%26%20Packets&viewAll=department&page=,£2.30,£1.36/100g,,,/groceries/en-GB/products/271810295,https://digitalcontent.api.tesco.com/v2/media/ghs/82b67230-c093-42cf-9213-eff6e07464f9/bd5422d5-e65b-4eb4-9dee-fb285efe6642_1509866082.jpeg?h=225&w=225,
256432822,Del Monte Mandarins In Juice 300G,https://www.tesco.com/groceries/en-GB/shop/food-cupboard/all?department=Tins%2C%20Cans%20%26%20Packets&viewAll=department&page=,£1.10,£6.29/kg DR.WT,,,/groceries/en-GB/products/256432822,https://digitalcontent.api.tesco.com/v2/media/ghs/3b6aa5cc-f522-40ad-ad47-d811d03ab06c/6f7fab2a-fd98-44e0-b8cc-f56d0f63f934_1487991025.jpeg?h=225&w=225,
254900145,Del Monte Peach Halves In Juice 415G,https://www.tesco.com/groceries/en-GB/shop/food-cupboard/all?department=Tins%2C%20Cans%20%26%20Packets&viewAll=department&page=,£1.10,£4.69/kg DR.WT,,,/groceries/en-GB/products/254900145,https://digitalcontent.api.tesco.com/v2/media/ghs/f71d39de-a6a6-45a3-a470-2dbedac755e6/9294b629-14f6-4a91-a8e6-c04f5b5a59f2_471319918.jpeg?h=225&w=225,
250940247,Del Monte Apricot Halves In Syrup 410G,https://www.tesco.com/groceries/en-GB/shop/food-cupboard/all?department=Tins%2C%20Cans%20%26%20Packets&viewAll=department&page=,£1.10,£4.59/kg DR.WT,,,/groceries/en-GB/products/250940247,https://digitalcontent.api.tesco.com/v2/media/ghs/0ebfe120-7b5f-4d91-abf8-dc4cd064d603/d2701d77-7d90-4075-ad6e-99568b42ba02_739328819.jpeg?h=225&w=225,
275184389,Heinz Beanz Fiery Chilli 390G,https://www.tesco.com/groceries/en-GB/shop/food-cupboard/all?department=Tins%2C%20Cans%20%26%20Packets&viewAll=department&page=,£1.40,£3.59/kg,Any 3 for £3 Clubcard Price - Selected Heinz Beanz 390g Or 415g,,/groceries/en-GB/products/275184389,https://digitalcontent.api.tesco.com/v2/media/ghs/02ed7dd0-718c-4304-8eb4-0e01a8a33e13/34880c1c-5d1d-4d69-a9fd-bf1bbd93d856_2090239467.jpeg?h=225&w=225,
275184625,Heinz Beanz Curry 390G,https://www.tesco.com/groceries/en-GB/shop/food-cupboard/all?department=Tins%2C%20Cans%20%26%20Packets&viewAll=department&page=,£1.40,£3.59/kg,Any 3 for £3 Clubcard Price - Selected Heinz Beanz 390g Or 415g,,/groceries/en-GB/products/275184625,https://digitalcontent.api.tesco.com/v2/media/ghs/656c8802-3f50-4698-a60d-b123ceb290ad/63d88a56-deac-4ead-8650-14a57507a60d_1398073353.jpeg?h=225&w=225,
281679319,Green Giant Organic Sweet Sweetcorn Salt Free 150G,https://www.tesco.com/groceries/en-GB/shop/food-cupboard/all?department=Tins%2C%20Cans%20%26%20Packets&viewAll=department&page=,£1.00,£7.15/kg DR.WT,,,/groceries/en-GB/products/281679319,https://digitalcontent.api.tesco.com/v2/media/ghs/6363bb8d-0522-43c8-9cf1-8eb0a349c5cd/ed548766-f56a-40c5-94c2-1a5ca3f24ba4_293002041.jpeg?h=225&w=225,
284742113,Baxters Vegetarian Puy Lentil & Tomato 400G,https://www.tesco.com/groceries/en-GB/shop/food-cupboard/all?department=Tins%2C%20Cans%20%26%20Packets&viewAll=department&page=,£1.70,£0.42/100g,£1.20 Clubcard Price,,/groceries/en-GB/products/284742113,https://digitalcontent.api.tesco.com/v2/media/ghs/fd8ba931-779c-45d5-8c1b-cdbafca419ac/b3d62411-5aaf-4ef0-b9e0-72a77ddd7dd1_2026048958.jpeg?h=225&w=225,
255937025,Dole Fruit Bowl Mandarins In Juice 4 X 113G,https://www.tesco.com/groceries/en-GB/shop/food-cupboard/all?department=Tins%2C%20Cans%20%26%20Packets&viewAll=department&page=,£2.20,£0.81/100g DR.WT,,,/groceries/en-GB/products/255937025,https://digitalcontent.api.tesco.com/v2/media/ghs/afe0f2a6-f689-4f92-8d5d-e457a6df840d/adaedd5f-f004-4fd1-a291-8f6044d93092_346898048.jpeg?h=225&w=225,
267196446,Baxters Vegetarian Carrot & Coriander Soup 400G,https://www.tesco.com/groceries/en-GB/shop/food-cupboard/all?department=Tins%2C%20Cans%20%26%20Packets&viewAll=department&page=,£1.70,£0.42/100g,£1.20 Clubcard Price,,/groceries/en-GB/products/267196446,https://digitalcontent.api.tesco.com/v2/media/ghs/bb881870-6465-4595-bc9b-2f9a33b26598/f024cd6c-d24a-4124-9f5c-d95603965bd8_361259857.jpeg?h=225&w=225,
267196596,Baxters Vegetarian Mediterranean Tomato Soup 400G,https://www.tesco.com/groceries/en-GB/shop/food-cupboard/all?department=Tins%2C%20Cans%20%26%20Packets&viewAll=department&page=,£1.70,£0.42/100g,£1.20 Clubcard Price,,/groceries/en-GB/products/267196596,https://digitalcontent.api.tesco.com/v2/media/ghs/b5f829c6-696a-4c91-9f6e-3530317150b8/830a604c-139b-4011-9eb5-173602c58db7_1909843119.jpeg?h=225&w=225,
289600026,Dole Fruit Salad With Cherry 4X113g,https://www.tesco.com/groceries/en-GB/shop/food-cupboard/all?department=Tins%2C%20Cans%20%26%20Packets&viewAll=department&page=,£2.20,£0.85/100g DR.WT,,,/groceries/en-GB/products/289600026,https://digitalcontent.api.tesco.com/v2/media/ghs/939cd29a-7160-45b7-91a3-694a37808577/9afb8d0d-7c05-495a-b055-74bf5f734a34_1664348083.jpeg?h=225&w=225,
255933191,Dole Fruit Bowl Peaches In Juice 4X113g,https://www.tesco.com/groceries/en-GB/shop/food-cupboard/all?department=Tins%2C%20Cans%20%26%20Packets&viewAll=department&page=,£2.20,£0.85/100g DR.WT,,,/groceries/en-GB/products/255933191,https://digitalcontent.api.tesco.com/v2/media/ghs/13c29c5a-6a07-4584-9cd6-72ce2a34c021/7122a422-472f-4919-8a03-fa8f426f59ce_866545067.jpeg?h=225&w=225,
264449186,Napolina Cannellini Beans 400G,https://www.tesco.com/groceries/en-GB/shop/food-cupboard/all?department=Tins%2C%20Cans%20%26%20Packets&viewAll=department&page=,£0.85,£3.55/kg DR.WT,,,/groceries/en-GB/products/264449186,https://digitalcontent.api.tesco.com/v2/media/ghs/494c8431-fa70-4c88-bf42-1292ac6c5b7a/4da46a59-e380-47e6-b7f5-4ba0f54c1909_335429995.jpeg?h=225&w=225,
305959286,Branston Baked Beans & Vegetarian Sausage 400G,https://www.tesco.com/groceries/en-GB/shop/food-cupboard/all?department=Tins%2C%20Cans%20%26%20Packets&viewAll=department&page=,£1.35,£3.38/kg DR.WT,,,/groceries/en-GB/products/305959286,https://digitalcontent.api.tesco.com/v2/media/ghs/f03e0339-4d1c-4583-8c5d-b94fa3566744/d0ffda8b-60c1-478a-9050-7df33489c3ee_2073720562.jpeg?h=225&w=225,
293273297,Crosse And Blackwell Best Of British Spicy Parsnip Soup 400G,https://www.tesco.com/groceries/en-GB/shop/food-cupboard/all?department=Tins%2C%20Cans%20%26%20Packets&viewAll=department&page=,£0.90,£0.22/100g,,,/groceries/en-GB/products/293273297,https://digitalcontent.api.tesco.com/v2/media/ghs/ba348a62-986f-43a2-887b-96da7c21f345/aea1873e-de18-40ff-856c-95a36f4b7a03_59123963.jpeg?h=225&w=225,
254213682,Batchelors Slim-A-Soup Minestrone 4S 61G,https://www.tesco.com/groceries/en-GB/shop/food-cupboard/all?department=Tins%2C%20Cans%20%26%20Packets&viewAll=department&page=,£1.09,£1.79/100g,Any 3 for £2.50 Clubcard Price - Selected Batchelors Cup A Soup 50g-122g,,/groceries/en-GB/products/254213682,https://digitalcontent.api.tesco.com/v2/media/ghs/e7f9e31c-1920-4966-b83b-7907717a008b/54db0c3d-d44b-414d-a110-cf338ca147b1_1918650410.jpeg?h=225&w=225,
256535758,Tesco Lentilles Vertes 500G,https://www.tesco.com/groceries/en-GB/shop/food-cupboard/all?department=Tins%2C%20Cans%20%26%20Packets&viewAll=department&page=,£1.35,£2.70/kg,,,/groceries/en-GB/products/256535758,https://digitalcontent.api.tesco.com/v2/media/ghs/6a20cb41-933c-4eef-92d4-f2ff7931e399/7d4b12f3-bb4f-4bfc-9fa4-2bcb39863c1d_185040834.jpeg?h=225&w=225,
297132280,Tesco Tomato & Basil With Croutons Soup In A Mug 5 Pack 120G,https://www.tesco.com/groceries/en-GB/shop/food-cupboard/all?department=Tins%2C%20Cans%20%26%20Packets&viewAll=department&page=,£0.85,£0.71/100g,,,/groceries/en-GB/products/297132280,https://digitalcontent.api.tesco.com/v2/media/ghs/3ed5aaac-3b78-4fe8-a1da-db856241469e/e198e2c6-b8c8-4ecb-9161-33f108b79161_349768026.jpeg?h=225&w=225,
297132160,Tesco Sweet & Spicy Noodle Soup In A Mug 5 Pack 115G,https://www.tesco.com/groceries/en-GB/shop/food-cupboard/all?department=Tins%2C%20Cans%20%26%20Packets&viewAll=department&page=,£0.85,£0.74/100g,,,/groceries/en-GB/products/297132160,https://digitalcontent.api.tesco.com/v2/media/ghs/308164f6-7c6a-42e9-8e94-755f99899b9d/5447805e-edb4-4fb7-99ea-6fd93ba86679_1767674011.jpeg?h=225&w=225,
297132308,Tesco Minestrone & Croutons Soup In A Mug 5 Pack 115G,https://www.tesco.com/groceries/en-GB/shop/food-cupboard/all?department=Tins%2C%20Cans%20%26%20Packets&viewAll=department&page=,£0.85,£0.74/100g,,,/groceries/en-GB/products/297132308,https://digitalcontent.api.tesco.com/v2/media/ghs/57a9b9eb-e510-48a3-923a-407ebf4971f7/e97c90c7-c0eb-4c71-81a3-035e3208f040_2011528712.jpeg?h=225&w=225,
306666170,Tesco Grapefruit Segments In Light Syrup 411G,https://www.tesco.com/groceries/en-GB/shop/food-cupboard/all?department=Tins%2C%20Cans%20%26%20Packets&viewAll=department&page=,£0.90,£4.02/kg DR.WT,,,/groceries/en-GB/products/306666170,https://digitalcontent.api.tesco.com/v2/media/ghs/d5c5727b-b6b1-4c71-a657-6de1091c08c7/a13cf1c5-9b57-4f88-90be-0fc2ba891e95_666918134.jpeg?h=225&w=225,
259051507,Tesco Baked Beans & Pork Sausages In Tomato Sauce 395G,https://www.tesco.com/groceries/en-GB/shop/food-cupboard/all?department=Tins%2C%20Cans%20%26%20Packets&viewAll=department&page=,£0.95,£2.41/kg,,,/groceries/en-GB/products/259051507,https://digitalcontent.api.tesco.com/v2/media/ghs/32d8c017-edb3-489c-aec7-6d41d87f8a88/855f5638-7e7a-46d0-b541-464e0d968823_1778648822.jpeg?h=225&w=225,
290133255,Tesco Chunky Chicken Potato & Bacon Soup 400G,https://www.tesco.com/groceries/en-GB/shop/food-cupboard/all?department=Tins%2C%20Cans%20%26%20Packets&viewAll=department&page=,£1.00,£0.25/100g,,,/groceries/en-GB/products/290133255,https://digitalcontent.api.tesco.com/v2/media/ghs/9a1d25dd-28ae-4fec-ab77-8a674d17cbc0/157a49f8-a266-4960-bf84-ba010639790c_278516200.jpeg?h=225&w=225,
308114976,Batchelors Cup A Soup Thai Chicken Lemongrass 4 Sachets 88G,https://www.tesco.com/groceries/en-GB/shop/food-cupboard/all?department=Tins%2C%20Cans%20%26%20Packets&viewAll=department&page=,£1.09,£1.24/100g,Any 3 for £2.50 Clubcard Price - Selected Batchelors Cup A Soup 50g-122g,,/groceries/en-GB/products/308114976,https://digitalcontent.api.tesco.com/v2/media/ghs/08226ce4-0859-4cd4-b58d-4551a08ee37b/5aa738f0-1423-4103-b78b-4249758c4a67_1969023823.jpeg?h=225&w=225,
296901898,Tesco Tomato Puree With Garlic 135G,https://www.tesco.com/groceries/en-GB/shop/food-cupboard/all?department=Tins%2C%20Cans%20%26%20Packets&viewAll=department&page=,£0.65,£4.82/kg,,,/groceries/en-GB/products/296901898,https://digitalcontent.api.tesco.com/v2/media/ghs/ec2a1abb-3792-48b3-9781-a07a79ffcadf/4c0873a1-69f4-42d3-acdd-8fbd9cf86c83_1053990379.jpeg?h=225&w=225,
266736868,Napolina Five Bean Salad 400G,https://www.tesco.com/groceries/en-GB/shop/food-cupboard/all?department=Tins%2C%20Cans%20%26%20Packets&viewAll=department&page=,£0.85,£3.55/kg DR.WT,,,/groceries/en-GB/products/266736868,https://digitalcontent.api.tesco.com/v2/media/ghs/216eccf6-7a73-4d83-8124-2262f50077a3/15d1ecbe-c825-4dcb-9482-bdd3c9babed4_1400952827.jpeg?h=225&w=225,
300524060,Tesco Low Fat Chicken & Sweetcorn Soup 400G,https://www.tesco.com/groceries/en-GB/shop/food-cupboard/all?department=Tins%2C%20Cans%20%26%20Packets&viewAll=department&page=,£0.60,£0.15/100g,,,/groceries/en-GB/products/300524060,https://digitalcontent.api.tesco.com/v2/media/ghs/f3ef974c-0e6f-4fa8-8dcc-561ab6f58c2d/5db405f9-03b9-4867-a427-8771a9fcd2e0_1147831520.jpeg?h=225&w=225,
302441389,Princes Drained Tuna Steak In Spring Water 3X110g,https://www.tesco.com/groceries/en-GB/shop/food-cupboard/all?department=Tins%2C%20Cans%20%26%20Packets&viewAll=department&page=,£5.00,£1.52/100g,,,/groceries/en-GB/products/302441389,https://digitalcontent.api.tesco.com/v2/media/ghs/aaf767a4-934b-489a-b6ae-38c9197f4bb6/cad4dd44-9b9f-4796-a3ea-f6eea03ba69d_559798228.jpeg?h=225&w=225,
297199776,Dino's Famous Big Dogs 1030G,https://www.tesco.com/groceries/en-GB/shop/food-cupboard/all?department=Tins%2C%20Cans%20%26%20Packets&viewAll=department&page=,£5.00,£0.70/100g DR.WT,,,/groceries/en-GB/products/297199776,https://digitalcontent.api.tesco.com/v2/media/ghs/24fc9626-d157-41ba-9622-72950012eacc/72383e7f-0cab-45ce-959a-ec29ff4cafd1_1066439632.jpeg?h=225&w=225,
277883682,John West Kippers Oil 160G,https://www.tesco.com/groceries/en-GB/shop/food-cupboard/all?department=Tins%2C%20Cans%20%26%20Packets&viewAll=department&page=,£2.00,£1.74/100g DR.WT,,,/groceries/en-GB/products/277883682,https://digitalcontent.api.tesco.com/v2/media/ghs/aebf1dd7-5bbc-424d-94e9-460768216941/aece43f6-dab3-4c40-be12-e5c4aaf9b64e_14342139.jpeg?h=225&w=225,
279818769,Fray Bentos Steak & Kidney Pudding 200G,https://www.tesco.com/groceries/en-GB/shop/food-cupboard/all?department=Tins%2C%20Cans%20%26%20Packets&viewAll=department&page=,£2.00,£10.00/kg,,,/groceries/en-GB/products/279818769,https://digitalcontent.api.tesco.com/v2/media/ghs/323afdaf-8720-4950-abb5-67da0366b7b5/d32c23d2-c4fe-4630-8f85-c5b6eaee712c_1143171398.jpeg?h=225&w=225,
276416057,Tesco Bulgur Wheat & Quinoa Mix 300G,https://www.tesco.com/groceries/en-GB/shop/food-cupboard/all?department=Tins%2C%20Cans%20%26%20Packets&viewAll=department&page=,£1.70,£5.67/kg,,,/groceries/en-GB/products/276416057,https://digitalcontent.api.tesco.com/v2/media/ghs/3e1d1a14-eb90-4e5e-a3e7-241acf518901/f1cb0b76-9cc6-49a2-bc27-f9957ffb8614_357467376.jpeg?h=225&w=225,
310164746,Princes Drained Tuna Steak In Spring Water 3X60g,https://www.tesco.com/groceries/en-GB/shop/food-cupboard/all?department=Tins%2C%20Cans%20%26%20Packets&viewAll=department&page=,£2.85,£1.59/100g,,,/groceries/en-GB/products/310164746,https://digitalcontent.api.tesco.com/v2/media/ghs/2e9c5a04-491c-4bca-8266-a4a9b090b5ba/25e40ad1-d4bc-4d1d-8e5b-1356b869e8b4_417438340.jpeg?h=225&w=225,
258148672,Princes Round Ham 200G,https://www.tesco.com/groceries/en-GB/shop/food-cupboard/all?department=Tins%2C%20Cans%20%26%20Packets&viewAll=department&page=,£2.10,£1.05/100g,,,/groceries/en-GB/products/258148672,https://digitalcontent.api.tesco.com/v2/media/ghs/d149d9b1-7b86-455a-a869-5639226bc074/1b1fe357-ba67-4556-afcf-7a44fe18c2b2_1697453158.jpeg?h=225&w=225,
267193851,Baxters Favourite Cock A Leekie Soup 400G,https://www.tesco.com/groceries/en-GB/shop/food-cupboard/all?department=Tins%2C%20Cans%20%26%20Packets&viewAll=department&page=,£1.60,£0.40/100g,,,/groceries/en-GB/products/267193851,https://digitalcontent.api.tesco.com/v2/media/ghs/3d66f2f3-0ba1-4602-9825-f6329c95bd0f/1e1e5213-5875-42bd-a5b7-3665e279beb0_1542254986.jpeg?h=225&w=225,
264456874,Van Smirren Cockles In Vinegar 205G,https://www.tesco.com/groceries/en-GB/shop/food-cupboard/all?department=Tins%2C%20Cans%20%26%20Packets&viewAll=department&page=,£2.00,£2.23/100g DR.WT,,,/groceries/en-GB/products/264456874,https://digitalcontent.api.tesco.com/v2/media/ghs/fd2b8d47-b2ec-4fd0-a25f-edeb952f779d/25737d9c-55de-489e-afce-1e11dad0672e_1786897091.jpeg?h=225&w=225,
306799283,Biona Organic Chick Peas 400G,https://www.tesco.com/groceries/en-GB/shop/food-cupboard/all?department=Tins%2C%20Cans%20%26%20Packets&viewAll=department&page=,£1.30,£5.42/kg DR.WT,,,/groceries/en-GB/products/306799283,https://digitalcontent.api.tesco.com/v2/media/ghs/b100b9cc-305a-412e-ad76-e5bab9c81b95/015c8965-b095-480b-9ff0-f84370b67bbf_135797150.jpeg?h=225&w=225,
293045988,Merchant Gourmet Spanish-Style Grains/Rice 250G,https://www.tesco.com/groceries/en-GB/shop/food-cupboard/all?department=Tins%2C%20Cans%20%26%20Packets&viewAll=department&page=,£2.00,£8.00/kg,,,/groceries/en-GB/products/293045988,https://digitalcontent.api.tesco.com/v2/media/ghs/a96ea457-29d7-49e2-82cf-eed137013b13/43d72e68-8939-4007-ba57-3368a5c5ae6e_1465252389.jpeg?h=225&w=225,
266837576,Tesco Tuna Chunks In Oil 3 X 80G,https://www.tesco.com/groceries/en-GB/shop/food-cupboard/all?department=Tins%2C%20Cans%20%26%20Packets&viewAll=department&page=,£2.00,£1.20/100g DR.WT,,,/groceries/en-GB/products/266837576,https://digitalcontent.api.tesco.com/v2/media/ghs/22a7fb79-ed9b-4f2e-9285-321232f39a77/2c015902-ad66-4d4a-bf93-3d7dbf057080_1911015160.jpeg?h=225&w=225,
302276424,Princes Drained Tuna Steak In Spring Water 110G,https://www.tesco.com/groceries/en-GB/shop/food-cupboard/all?department=Tins%2C%20Cans%20%26%20Packets&viewAll=department&page=,£1.85,£1.69/100g,£1.25 Clubcard Price,,/groceries/en-GB/products/302276424,https://digitalcontent.api.tesco.com/v2/media/ghs/55f8b1f7-fa8d-4fcb-9c27-4ac16dc2e850/e2744d2b-57df-4a3f-b1c1-3d4fae9549af_637872995.jpeg?h=225&w=225,
277884053,John West Tuna Chilli & Garlic Infusions 80G,https://www.tesco.com/groceries/en-GB/shop/food-cupboard/all?department=Tins%2C%20Cans%20%26%20Packets&viewAll=department&page=,£1.70,£2.13/100g,,,/groceries/en-GB/products/277884053,https://digitalcontent.api.tesco.com/v2/media/ghs/71dfb41b-6ca3-4675-86c2-8ebfc21f14a4/e89d7d42-db80-4c14-b1a5-9a9f815971c2_52943257.jpeg?h=225&w=225,
255737763,Princes Mackerel Fillets In Spicy Tomato Sauce 125G,https://www.tesco.com/groceries/en-GB/shop/food-cupboard/all?department=Tins%2C%20Cans%20%26%20Packets&viewAll=department&page=,£1.50,£1.20/100g,,,/groceries/en-GB/products/255737763,https://digitalcontent.api.tesco.com/v2/media/ghs/3209dadf-0082-4a0b-8e58-ba28718621ac/be1eb1e7-7a94-4480-acff-9bfd74c98312_2056507313.jpeg?h=225&w=225,
266385787,Merchant Gourmet Tomatoey French 250G,https://www.tesco.com/groceries/en-GB/shop/food-cupboard/all?department=Tins%2C%20Cans%20%26%20Packets&viewAll=department&page=,£2.00,£8.00/kg,,,/groceries/en-GB/products/266385787,https://digitalcontent.api.tesco.com/v2/media/ghs/46a2ec88-2f85-4426-a4ac-aa4c5bd74805/37b9767d-36a5-48a4-ae20-1f001b4e2c77_1781816565.jpeg?h=225&w=225,
286160850,John West Spreadables Tuna Mayonnaise Sweetcorn 80G,https://www.tesco.com/groceries/en-GB/shop/food-cupboard/all?department=Tins%2C%20Cans%20%26%20Packets&viewAll=department&page=,£1.15,£1.44/100g,,,/groceries/en-GB/products/286160850,https://digitalcontent.api.tesco.com/v2/media/ghs/063bdd19-0570-4bd6-a1fb-d3ab93727bf1/cf43cdd4-9ca2-40b2-8c0e-54363131725f_1350806154.jpeg?h=225&w=225,
268597216,Knorr Thick Vegetable Dry Soup 75G,https://www.tesco.com/groceries/en-GB/shop/food-cupboard/all?department=Tins%2C%20Cans%20%26%20Packets&viewAll=department&page=,£1.00,£1.34/100g,,,/groceries/en-GB/products/268597216,https://digitalcontent.api.tesco.com/v2/media/ghs/f6658d83-4f7a-4be1-a57b-3b4db776dad7/f5b961c2-0095-4a70-9e12-7ad94a86864a_1508716523.jpeg?h=225&w=225,
292341443,Tulip Pork Luncheon Meat 250G,https://www.tesco.com/groceries/en-GB/shop/food-cupboard/all?department=Tins%2C%20Cans%20%26%20Packets&viewAll=department&page=,£1.50,£0.60/100g,,,/groceries/en-GB/products/292341443,https://digitalcontent.api.tesco.com/v2/media/ghs/28b51720-2b85-4eba-8380-4bf13d7c0991/17c23d9e-abe0-43af-b0ef-b4947ddfd67e_536459491.jpeg?h=225&w=225,
302638538,Kingfisher Jumbo Crab 145G,https://www.tesco.com/groceries/en-GB/shop/food-cupboard/all?department=Tins%2C%20Cans%20%26%20Packets&viewAll=department&page=,£3.10,£2.96/100g DR.WT,,,/groceries/en-GB/products/302638538,https://digitalcontent.api.tesco.com/v2/media/ghs/46097b4d-49d2-448e-a278-1e2c5b72a914/9f02f02c-6ede-45eb-ab4a-a4ad37c4ea8e_1885246459.jpeg?h=225&w=225,
306807269,Biona Organic Red Kidney Beans 400G,https://www.tesco.com/groceries/en-GB/shop/food-cupboard/all?department=Tins%2C%20Cans%20%26%20Packets&viewAll=department&page=,£1.30,£5.42/kg DR.WT,,,/groceries/en-GB/products/306807269,https://digitalcontent.api.tesco.com/v2/media/ghs/abd38e19-499b-42a8-ad3d-d8e91e7ea244/b27ed7d1-1957-4852-9b93-236f1c87f19c_1376763277.jpeg?h=225&w=225,
254900750,Del Monte Pear Halves In Syrup 420G,https://www.tesco.com/groceries/en-GB/shop/food-cupboard/all?department=Tins%2C%20Cans%20%26%20Packets&viewAll=department&page=,£1.10,£4.79/kg DR.WT,,,/groceries/en-GB/products/254900750,https://digitalcontent.api.tesco.com/v2/media/ghs/f8db2757-9ac4-4777-b636-3d79ab4dfd0b/91398951-0917-404f-bf76-43b6acf458bc_425704276.jpeg?h=225&w=225,
287966483,Heinz Tomato & Basil Cup Soup 88G,https://www.tesco.com/groceries/en-GB/shop/food-cupboard/all?department=Tins%2C%20Cans%20%26%20Packets&viewAll=department&page=,£1.00,£1.14/100g,,,/groceries/en-GB/products/287966483,https://digitalcontent.api.tesco.com/v2/media/ghs/70076673-a8cf-49fa-9eda-03b576dcd6ca/19ad104b-70db-45c7-9935-506a95f1b320_596011641.jpeg?h=225&w=225,
287966385,Heinz Minestrone Dry Cup Soup 72G,https://www.tesco.com/groceries/en-GB/shop/food-cupboard/all?department=Tins%2C%20Cans%20%26%20Packets&viewAll=department&page=,£1.00,£1.39/100g,,,/groceries/en-GB/products/287966385,https://digitalcontent.api.tesco.com/v2/media/ghs/b2efc251-b7f4-4fed-98fd-00c9007fea6e/57076b31-1f2a-46f4-83d1-1a01b07394dc_114838382.jpeg?h=225&w=225,
266478885,Stagg Chilli Dynamite Hot Chilli 400G,https://www.tesco.com/groceries/en-GB/shop/food-cupboard/all?department=Tins%2C%20Cans%20%26%20Packets&viewAll=department&page=,£2.00,£5.00/kg,,,/groceries/en-GB/products/266478885,https://digitalcontent.api.tesco.com/v2/media/ghs/4978d69f-f682-4940-805f-37a15daed5e5/b39f0424-ada8-4d34-ad81-145ba9ad95c4_1962687617.jpeg?h=225&w=225,
268049549,Tesco Wild Pacific Pink Salmon 105G,https://www.tesco.com/groceries/en-GB/shop/food-cupboard/all?department=Tins%2C%20Cans%20%26%20Packets&viewAll=department&page=,£1.40,£1.34/100g,,,/groceries/en-GB/products/268049549,https://digitalcontent.api.tesco.com/v2/media/ghs/2a75fd15-f875-413a-89cf-d95322cf5884/snapshotimagehandler_1548383452.jpeg?h=225&w=225,
304391497,Tesco Plant Chef Jackfruit In Water 410G,https://www.tesco.com/groceries/en-GB/shop/food-cupboard/all?department=Tins%2C%20Cans%20%26%20Packets&viewAll=department&page=,£1.00,£4.77/kg DR.WT,,,/groceries/en-GB/products/304391497,https://digitalcontent.api.tesco.com/v2/media/ghs/75d6b63a-ad50-474e-8a86-0e1abe78b16c/98985dfc-d532-4c56-930d-18df3b0536b7_1336484881.jpeg?h=225&w=225,
310117210,Crosse And Blackwell Chicken Broth Soup 400G,https://www.tesco.com/groceries/en-GB/shop/food-cupboard/all?department=Tins%2C%20Cans%20%26%20Packets&viewAll=department&page=,£0.90,£0.22/100g,,,/groceries/en-GB/products/310117210,https://digitalcontent.api.tesco.com/v2/media/ghs/12a59ac2-e4db-46bf-9fb7-8b8a52666b88/283c8188-ae36-412d-adfe-8ed398073073_1908226085.jpeg?h=225&w=225,
254878142,Great Scot Red Split Lentils 500G,https://www.tesco.com/groceries/en-GB/shop/food-cupboard/all?department=Tins%2C%20Cans%20%26%20Packets&viewAll=department&page=,£1.50,£3.00/kg,£1.20 Clubcard Price,,/groceries/en-GB/products/254878142,https://digitalcontent.api.tesco.com/v2/media/ghs/8b5cc533-5e64-4a35-915e-a07bf715e3c3/7d914458-f8bf-4bab-aa3e-1bab5ada8bc5_1523807632.jpeg?h=225&w=225,
300601199,"Tesco Finest Sardines With Chilli, Lime & Coriander 105G",https://www.tesco.com/groceries/en-GB/shop/food-cupboard/all?department=Tins%2C%20Cans%20%26%20Packets&viewAll=department&page=,£1.05,£1.00/100g,,,/groceries/en-GB/products/300601199,https://digitalcontent.api.tesco.com/v2/media/ghs/6e2df64c-55d8-4bb5-9f34-378f21aeec18/f3cee95f-973b-493f-ba41-e921a2a1eb60_271413573.jpeg?h=225&w=225,
274246024,Crosse And Blackwell Best Of British Broccoli & Stilton Soup 400G,https://www.tesco.com/groceries/en-GB/shop/food-cupboard/all?department=Tins%2C%20Cans%20%26%20Packets&viewAll=department&page=,£0.90,£0.22/100g,,,/groceries/en-GB/products/274246024,https://digitalcontent.api.tesco.com/v2/media/ghs/96c4adc7-45d3-4ccf-9143-9d5e56a9a2ed/d9a80f7e-853e-48fc-987b-3e6bcf0774bb_1161341641.jpeg?h=225&w=225,
307745334,Crosse & Blackwell Butternut Squash & Sage Soup 400G,https://www.tesco.com/groceries/en-GB/shop/food-cupboard/all?department=Tins%2C%20Cans%20%26%20Packets&viewAll=department&page=,£0.90,£0.22/100g,,,/groceries/en-GB/products/307745334,https://digitalcontent.api.tesco.com/v2/media/ghs/424c4369-97c7-4e21-8d92-2df8e45e1d11/ec8dffcf-4114-457a-bc1d-8c64af35bb25_1891293471.jpeg?h=225&w=225,
256533772,Tesco Yellow Split Peas 500G,https://www.tesco.com/groceries/en-GB/shop/food-cupboard/all?department=Tins%2C%20Cans%20%26%20Packets&viewAll=department&page=,£0.80,£1.60/kg,,,/groceries/en-GB/products/256533772,https://digitalcontent.api.tesco.com/v2/media/ghs/0a4464ea-4574-4f3e-8bab-00b578ac91cc/ec409396-baaa-4d0b-87a1-1a37f0961fdb_1326821050.jpeg?h=225&w=225,
285118235,Tesco Pineapple Pieces 4X120g,https://www.tesco.com/groceries/en-GB/shop/food-cupboard/all?department=Tins%2C%20Cans%20%26%20Packets&viewAll=department&page=,£1.75,£0.55/100g DR.WT,,,/groceries/en-GB/products/285118235,https://digitalcontent.api.tesco.com/v2/media/ghs/7de9d361-c2c7-4cdd-851d-3ea75e7dcc60/4c895d4f-7d4c-42ef-a187-5cf2449c8454_680688285.jpeg?h=225&w=225,
310104818,Heinz Vegetable Pasta Hoops 400G,https://www.tesco.com/groceries/en-GB/shop/food-cupboard/all?department=Tins%2C%20Cans%20%26%20Packets&viewAll=department&page=,£1.00,£2.50/kg,,,/groceries/en-GB/products/310104818,https://digitalcontent.api.tesco.com/v2/media/ghs/657aaab4-139e-47aa-9ef1-f20713e820fa/6fed23bd-48b8-4a75-af7c-6756b434303b_494040050.jpeg?h=225&w=225,
310145268,Heinz Vegetable Hoops 205G,https://www.tesco.com/groceries/en-GB/shop/food-cupboard/all?department=Tins%2C%20Cans%20%26%20Packets&viewAll=department&page=,£0.90,£4.40/kg,,,/groceries/en-GB/products/310145268,https://digitalcontent.api.tesco.com/v2/media/ghs/32cabdb9-1dc1-4bc3-a931-b918ba17f86b/33477711-1176-4a19-b595-c1545d1ca1d2_21305676.jpeg?h=225&w=225,
308083959,Batchelors Cup A Soup Szechuan 4 Sachets 92G,https://www.tesco.com/groceries/en-GB/shop/food-cupboard/all?department=Tins%2C%20Cans%20%26%20Packets&viewAll=department&page=,£1.09,£1.19/100g,Any 3 for £2.50 Clubcard Price - Selected Batchelors Cup A Soup 50g-122g,,/groceries/en-GB/products/308083959,https://digitalcontent.api.tesco.com/v2/media/ghs/30b8ae3a-e244-48f1-92f6-32fb247f7dc3/b4df838a-e70a-4408-b54a-69b90623a929_1191149466.jpeg?h=225&w=225,
296901875,Tesco Tomato Puree With Herbs 135G,https://www.tesco.com/groceries/en-GB/shop/food-cupboard/all?department=Tins%2C%20Cans%20%26%20Packets&viewAll=department&page=,£0.65,£4.82/kg,,,/groceries/en-GB/products/296901875,https://digitalcontent.api.tesco.com/v2/media/ghs/78fb9489-6b72-4939-9876-7e108d952ddb/18b2e1b5-1291-4653-a4df-12b866958e57_752748543.jpeg?h=225&w=225,
310664229,Summer Pride Peach Slices In Light Syrup 411G,https://www.tesco.com/groceries/en-GB/shop/food-cupboard/all?department=Tins%2C%20Cans%20%26%20Packets&viewAll=department&page=,£0.34,£1.42/kg DR.WT,Aldi Price Match,,/groceries/en-GB/products/310664229,https://digitalcontent.api.tesco.com/v2/media/ghs/3b2623f8-3d77-427f-bb07-95b4d76ebd50/139c6f60-a2ff-41b7-9983-675c09dcd096_992926109.jpeg?h=225&w=225,
306822705,Rio Mare Tuna In Olive Oil 3X80g,https://www.tesco.com/groceries/en-GB/shop/food-cupboard/all?department=Tins%2C%20Cans%20%26%20Packets&viewAll=department&page=,£5.00,£3.21/100g DR.WT,,,/groceries/en-GB/products/306822705,https://digitalcontent.api.tesco.com/v2/media/ghs/57431b18-3290-4b41-97ca-784261696fa0/0b445747-e1c1-4f72-853c-2209a1461d73_1414627058.jpeg?h=225&w=225,
285672499,Rio Mare Tuna In Olive Oil 160G,https://www.tesco.com/groceries/en-GB/shop/food-cupboard/all?department=Tins%2C%20Cans%20%26%20Packets&viewAll=department&page=,£3.10,£2.99/100g DR.WT,£2.35 Clubcard Price,,/groceries/en-GB/products/285672499,https://digitalcontent.api.tesco.com/v2/media/ghs/c837c165-54ec-47db-949a-72c5370fc07a/e2f81341-d4d8-4345-90f9-353202adfd79_1162593565.jpeg?h=225&w=225,
267275887,Whitworths Popping Corn 500G,https://www.tesco.com/groceries/en-GB/shop/food-cupboard/all?department=Tins%2C%20Cans%20%26%20Packets&viewAll=department&page=,£2.00,£0.40/100g,,,/groceries/en-GB/products/267275887,https://digitalcontent.api.tesco.com/v2/media/ghs/c4782eed-e697-412e-9977-62ba21ff2e91/d99b12bb-40d6-4897-bba0-3d990037b268_1378438864.jpeg?h=225&w=225,
310101948,Princes Drained Tuna Steak In Sunflower Oil 3X60g,https://www.tesco.com/groceries/en-GB/shop/food-cupboard/all?department=Tins%2C%20Cans%20%26%20Packets&viewAll=department&page=,£2.85,£1.59/100g,,,/groceries/en-GB/products/310101948,https://digitalcontent.api.tesco.com/v2/media/ghs/b57c8cc1-f32e-4a70-8138-ee85e97685aa/858e0873-a287-4ee2-a31e-118e6f64baea_1614358226.jpeg?h=225&w=225,
267194602,Baxters Luxury Cream Of Asparagus Soup 400G,https://www.tesco.com/groceries/en-GB/shop/food-cupboard/all?department=Tins%2C%20Cans%20%26%20Packets&viewAll=department&page=,£2.15,£0.54/100g,,,/groceries/en-GB/products/267194602,https://digitalcontent.api.tesco.com/v2/media/ghs/c08ac0ae-800c-41e3-a243-8a5c0a5818e2/56fbc614-43e5-4b69-a215-813d304e230e_859416034.jpeg?h=225&w=225,
310103367,John West Anchovy Fillets In Olive Oil 95G,https://www.tesco.com/groceries/en-GB/shop/food-cupboard/all?department=Tins%2C%20Cans%20%26%20Packets&viewAll=department&page=,£2.80,£5.60/100g DR.WT,,,/groceries/en-GB/products/310103367,https://digitalcontent.api.tesco.com/v2/media/ghs/32e7299d-3566-4b9f-aed8-4d0619c5b3aa/6f837e75-d943-4a43-afa4-743417fab80e_1367846272.jpeg?h=225&w=225,
267325161,Heinz Baked Beans Fridge Pack 1Kg,https://www.tesco.com/groceries/en-GB/shop/food-cupboard/all?department=Tins%2C%20Cans%20%26%20Packets&viewAll=department&page=,£3.00,£3.00/kg,,,/groceries/en-GB/products/267325161,https://digitalcontent.api.tesco.com/v2/media/ghs/1e05f8e6-bd49-4575-b44e-eb924e173007/f22d053c-20a2-4fad-aeaf-945ab5954ddf_494409408.jpeg?h=225&w=225,
300535496,Tesco Finest Mackerel With Black Pepper 110G,https://www.tesco.com/groceries/en-GB/shop/food-cupboard/all?department=Tins%2C%20Cans%20%26%20Packets&viewAll=department&page=,£2.20,£2.00/100g,,,/groceries/en-GB/products/300535496,https://digitalcontent.api.tesco.com/v2/media/ghs/32e44a95-7a3f-4d8b-8227-138f9b0389df/4fe55fb0-634d-42eb-a2e6-347ee8820bd3_696154506.jpeg?h=225&w=225,
293397594,Princes Red Salmon Skinless & Boneless 170G,https://www.tesco.com/groceries/en-GB/shop/food-cupboard/all?department=Tins%2C%20Cans%20%26%20Packets&viewAll=department&page=,£4.00,£2.36/100g,,,/groceries/en-GB/products/293397594,https://digitalcontent.api.tesco.com/v2/media/ghs/edc884a5-fc84-4492-b6cf-2b1e77071bc4/8fc66258-3a94-4dad-906f-fa3e129bdb4b_1038237040.jpeg?h=225&w=225,
267195359,Baxters Luxury Lobster Bisque Soup 400G,https://www.tesco.com/groceries/en-GB/shop/food-cupboard/all?department=Tins%2C%20Cans%20%26%20Packets&viewAll=department&page=,£2.15,£0.54/100g,,,/groceries/en-GB/products/267195359,https://digitalcontent.api.tesco.com/v2/media/ghs/249e0f3b-d095-4213-b5bd-b848a6035b3c/8ced1326-00c0-436c-b08d-2426749c33e2_222763557.jpeg?h=225&w=225,
267194510,Baxters Luxury Beef Consome Soup 400G,https://www.tesco.com/groceries/en-GB/shop/food-cupboard/all?department=Tins%2C%20Cans%20%26%20Packets&viewAll=department&page=,£2.15,£0.54/100g,,,/groceries/en-GB/products/267194510,https://digitalcontent.api.tesco.com/v2/media/ghs/41d63a92-e06b-47f7-a9ae-4ce449defde5/422dfe4d-bc12-45c1-8242-c8d8fba685c2_371808371.jpeg?h=225&w=225,
283657878,Fray Bentos Just Steak Pudding 200G,https://www.tesco.com/groceries/en-GB/shop/food-cupboard/all?department=Tins%2C%20Cans%20%26%20Packets&viewAll=department&page=,£2.00,£10.00/kg,,,/groceries/en-GB/products/283657878,https://digitalcontent.api.tesco.com/v2/media/ghs/00d9d06c-9f44-4fba-9f2f-03b90b267178/9cefdc10-5d5a-48f9-9bb6-eae4b3c5f561_672930585.jpeg?h=225&w=225,
310136498,Fray Bentos Steak & Gravy Pie 425G,https://www.tesco.com/groceries/en-GB/shop/food-cupboard/all?department=Tins%2C%20Cans%20%26%20Packets&viewAll=department&page=,£2.00,£4.71/kg,,,/groceries/en-GB/products/310136498,https://digitalcontent.api.tesco.com/v2/media/ghs/3a2db3b8-e534-40a2-bb44-2cf147aff6b4/b38120ff-fc2d-474e-bbf9-e9d3661e3623_1578737152.jpeg?h=225&w=225,
277588185,Fray Bentos Just Chicken Pie 425G,https://www.tesco.com/groceries/en-GB/shop/food-cupboard/all?department=Tins%2C%20Cans%20%26%20Packets&viewAll=department&page=,£2.00,£4.71/kg,,,/groceries/en-GB/products/277588185,https://digitalcontent.api.tesco.com/v2/media/ghs/4c7349ba-dc10-4c34-bf60-8bade7116469/94527159-108c-41cc-a13f-b3bf4cdd5feb_866843551.jpeg?h=225&w=225,
255902280,Spam Lite Chopped Pork And Ham 200G,https://www.tesco.com/groceries/en-GB/shop/food-cupboard/all?department=Tins%2C%20Cans%20%26%20Packets&viewAll=department&page=,£2.45,£1.23/100g,,,/groceries/en-GB/products/255902280,https://digitalcontent.api.tesco.com/v2/media/ghs/6e1dedbb-1f44-4e2a-acc0-a0ee00ac018f/91f8e5d5-dc59-4243-ad17-798b5d9138be_1569218494.jpeg?h=225&w=225,
256538133,Tesco Wholefood Soup & Broth Mix 500G,https://www.tesco.com/groceries/en-GB/shop/food-cupboard/all?department=Tins%2C%20Cans%20%26%20Packets&viewAll=department&page=,£1.35,£2.70/kg,,,/groceries/en-GB/products/256538133,https://digitalcontent.api.tesco.com/v2/media/ghs/2f5780c0-b67a-4c51-bd76-6915adc34725/fa92c6d3-37b0-4b6e-bf67-a60603b4e2ca_360814573.jpeg?h=225&w=225,
309785657,Princes Plant-Based Mexican Mixed Bean Chilli 392G,https://www.tesco.com/groceries/en-GB/shop/food-cupboard/all?department=Tins%2C%20Cans%20%26%20Packets&viewAll=department&page=,£1.70,£4.34/kg,,,/groceries/en-GB/products/309785657,https://digitalcontent.api.tesco.com/v2/media/ghs/b346aa57-a902-4fdb-875a-fa17f539ee85/3b1316eb-035a-43ba-b4dc-047aaf11ac36_134484119.jpeg?h=225&w=225,
289707603,Ainsley Harriott Thai Chicken & Lemon Grass 3 Pack 69G,https://www.tesco.com/groceries/en-GB/shop/food-cupboard/all?department=Tins%2C%20Cans%20%26%20Packets&viewAll=department&page=,£1.20,£1.74/100g,,,/groceries/en-GB/products/289707603,https://digitalcontent.api.tesco.com/v2/media/ghs/84f0b35b-f1ab-4d81-9d4e-e058bd94de64/186aaa6c-efe6-4790-ade5-dac9b44b977a_908879249.jpeg?h=225&w=225,
311214243,Nature's Finest Mandarin In Juice 4 X 113G,https://www.tesco.com/groceries/en-GB/shop/food-cupboard/all?department=Tins%2C%20Cans%20%26%20Packets&viewAll=department&page=,£2.40,£0.88/100g DR.WT,,,/groceries/en-GB/products/311214243,https://digitalcontent.api.tesco.com/v2/media/ghs/c500857e-1a0a-4983-bfb5-98ef1f793bdf/4c316c70-a3c2-4881-8a64-77f31f02a0fa_1465358851.jpeg?h=225&w=225,
267193908,Baxters Favourite Highlander Broth Soup 400G,https://www.tesco.com/groceries/en-GB/shop/food-cupboard/all?department=Tins%2C%20Cans%20%26%20Packets&viewAll=department&page=,£1.60,£0.40/100g,,,/groceries/en-GB/products/267193908,https://digitalcontent.api.tesco.com/v2/media/ghs/837e4f93-9a9b-4eb3-8317-cf31fe2ec34d/9e5a3565-2c84-4c6c-b0b0-eddb48260cda_830201972.jpeg?h=225&w=225,
268592498,Baxters Favourite Royal Game Soup 400G,https://www.tesco.com/groceries/en-GB/shop/food-cupboard/all?department=Tins%2C%20Cans%20%26%20Packets&viewAll=department&page=,£1.60,£0.40/100g,,,/groceries/en-GB/products/268592498,https://digitalcontent.api.tesco.com/v2/media/ghs/06e97b5e-17ea-4bcc-9ee7-f39702ceffbb/snapshotimagehandler_1279543530.jpeg?h=225&w=225,
283197863,John West Foods Tuna Infusions Lemon & Thyme 80G,https://www.tesco.com/groceries/en-GB/shop/food-cupboard/all?department=Tins%2C%20Cans%20%26%20Packets&viewAll=department&page=,£1.70,£2.13/100g,,,/groceries/en-GB/products/283197863,https://digitalcontent.api.tesco.com/v2/media/ghs/5c408cb9-13fc-47b8-aa76-06e4817f75a2/8c5b7ba9-28c2-464f-b19f-1a59a3f2c99c_1485819390.jpeg?h=225&w=225,
255076939,Fray Bentos Mince Beef And Onion Pie 425G,https://www.tesco.com/groceries/en-GB/shop/food-cupboard/all?department=Tins%2C%20Cans%20%26%20Packets&viewAll=department&page=,£2.00,£4.71/kg,,,/groceries/en-GB/products/255076939,https://digitalcontent.api.tesco.com/v2/media/ghs/45fb926d-0daf-4787-88c8-9f1bc686d37d/16329087-4c7a-4616-bf1d-961ec84c2b2a_798209471.jpeg?h=225&w=225,
274709486,Nature's Finest Pineapple In Juice 400G,https://www.tesco.com/groceries/en-GB/shop/food-cupboard/all?department=Tins%2C%20Cans%20%26%20Packets&viewAll=department&page=,£1.90,£8.27/kg DR.WT,,,/groceries/en-GB/products/274709486,https://digitalcontent.api.tesco.com/v2/media/ghs/7c1d9000-0ff2-47aa-befe-76f8b4a303a2/ac02e43b-faf8-4afa-9803-25ac31450dde_764762665.jpeg?h=225&w=225,
277883814,John West Infusions Tuna Basil 80G,https://www.tesco.com/groceries/en-GB/shop/food-cupboard/all?department=Tins%2C%20Cans%20%26%20Packets&viewAll=department&page=,£1.70,£2.13/100g,,,/groceries/en-GB/products/277883814,https://digitalcontent.api.tesco.com/v2/media/ghs/1dd01a98-9e94-47a9-a56f-fbc123f86537/8014b38e-bd8b-4de5-b039-53c8b69f49ec_1297559944.jpeg?h=225&w=225,
252748167,John West Sardines Sunflower Oil 120G,https://www.tesco.com/groceries/en-GB/shop/food-cupboard/all?department=Tins%2C%20Cans%20%26%20Packets&viewAll=department&page=,£1.10,£1.23/100g DR.WT,,,/groceries/en-GB/products/252748167,https://digitalcontent.api.tesco.com/v2/media/ghs/839e2724-9c90-4345-9e2b-6ba3093297b1/eab928d2-ab74-4e37-ae63-a4272db0b898_1146874264.jpeg?h=225&w=225,
280469086,Tulip Premium Cured Chicken Breast 200G,https://www.tesco.com/groceries/en-GB/shop/food-cupboard/all?department=Tins%2C%20Cans%20%26%20Packets&viewAll=department&page=,£1.85,£0.92/100g,,,/groceries/en-GB/products/280469086,https://digitalcontent.api.tesco.com/v2/media/ghs/87207512-d30c-4a0d-8933-88057412f641/9df16fa4-7728-4030-997a-3ea27b0c90eb_1475530305.jpeg?h=225&w=225,
268221800,Westler Burgers In Onion Gravy 4 Pack 425G,https://www.tesco.com/groceries/en-GB/shop/food-cupboard/all?department=Tins%2C%20Cans%20%26%20Packets&viewAll=department&page=,£1.50,£3.53/kg,,,/groceries/en-GB/products/268221800,https://digitalcontent.api.tesco.com/v2/media/ghs/3a419b00-3bff-447c-8caa-670e46cd1131/d175d5fb-68a3-4ecf-bcae-ded19e5b6548_1090228205.jpeg?h=225&w=225,
256265858,Del Monte Crushed Pineapple In Juice 435G,https://www.tesco.com/groceries/en-GB/shop/food-cupboard/all?department=Tins%2C%20Cans%20%26%20Packets&viewAll=department&page=,£1.10,£3.96/kg DR.WT,,,/groceries/en-GB/products/256265858,https://digitalcontent.api.tesco.com/v2/media/ghs/fdf330b2-80c0-46fc-907a-317bb613373e/5d535b23-1b8b-4654-9c1d-60a3f28ed9f8_1883138934.jpeg?h=225&w=225,
259395428,Princes Mackerel Fillets In Mustard Sauce 125G,https://www.tesco.com/groceries/en-GB/shop/food-cupboard/all?department=Tins%2C%20Cans%20%26%20Packets&viewAll=department&page=,£1.50,£1.20/100g,,,/groceries/en-GB/products/259395428,https://digitalcontent.api.tesco.com/v2/media/ghs/97c17d8f-9fdb-401d-bbf5-118de191e58b/90cd4e6c-c6a4-433d-baf5-59e7ff6f6b56_1951942176.jpeg?h=225&w=225,
284478495,Heinz Cream Of Chicken Cup Soup 68G,https://www.tesco.com/groceries/en-GB/shop/food-cupboard/all?department=Tins%2C%20Cans%20%26%20Packets&viewAll=department&page=,£1.00,£1.48/100g,,,/groceries/en-GB/products/284478495,https://digitalcontent.api.tesco.com/v2/media/ghs/0ce17dfa-ad29-4cbe-9100-ecb903d6b5a5/11a8946f-c5bf-478d-bc25-8129881a03f6_269997853.jpeg?h=225&w=225,
302275022,Princes Tuna Chunks In Sunflower Oil 145G,https://www.tesco.com/groceries/en-GB/shop/food-cupboard/all?department=Tins%2C%20Cans%20%26%20Packets&viewAll=department&page=,£1.50,£1.48/100g DR.WT,,,/groceries/en-GB/products/302275022,https://digitalcontent.api.tesco.com/v2/media/ghs/ebad0469-73a0-4f7c-baa4-f482aa1236cd/8952bac9-5cf7-4891-b079-5287ebdb63fd_462527811.jpeg?h=225&w=225,
310168074,Crosse And Blackwell Scotch Broth Soup 400G,https://www.tesco.com/groceries/en-GB/shop/food-cupboard/all?department=Tins%2C%20Cans%20%26%20Packets&viewAll=department&page=,£0.90,£0.22/100g,,,/groceries/en-GB/products/310168074,https://digitalcontent.api.tesco.com/v2/media/ghs/ca59ba55-3c3d-4e79-a457-1bf8a1cb539b/411f9275-2210-4010-a345-dc42b0aa5918_469939015.jpeg?h=225&w=225,
311445378,Nature's Finest Peach In Juice 4 X 120G,https://www.tesco.com/groceries/en-GB/shop/food-cupboard/all?department=Tins%2C%20Cans%20%26%20Packets&viewAll=department&page=,£2.40,£0.86/100g DR.WT,,,/groceries/en-GB/products/311445378,https://digitalcontent.api.tesco.com/v2/media/ghs/95965d0c-702d-4542-8339-9f1a3dc0f004/3aca2b88-42f9-4cf9-bc99-d79cbfb609fe_804118295.jpeg?h=225&w=225,
307748740,Crosse And Blackwell Cream Ofmushroom Soup 400G,https://www.tesco.com/groceries/en-GB/shop/food-cupboard/all?department=Tins%2C%20Cans%20%26%20Packets&viewAll=department&page=,£0.90,£0.22/100g,,,/groceries/en-GB/products/307748740,https://digitalcontent.api.tesco.com/v2/media/ghs/6f88ab35-11bc-442d-9034-9e8806c2e025/6a3b1940-4c40-489d-a2fa-e040a75e16cc_512591769.jpeg?h=225&w=225,
305254797,Crosse And Blackwell Cauliflower & Wensleydale Soup 400G,https://www.tesco.com/groceries/en-GB/shop/food-cupboard/all?department=Tins%2C%20Cans%20%26%20Packets&viewAll=department&page=,£0.90,£0.22/100g,,,/groceries/en-GB/products/305254797,https://digitalcontent.api.tesco.com/v2/media/ghs/1dd3a747-e928-4a7a-b2c1-cf26e9171c8c/c9fd4eee-03ad-48b3-867c-fb6561fbe6ab_1042381793.jpeg?h=225&w=225,
250042763,Del Monte Sliced Pineapple In Syrup 425G,https://www.tesco.com/groceries/en-GB/shop/food-cupboard/all?department=Tins%2C%20Cans%20%26%20Packets&viewAll=department&page=,£1.10,£3.96/kg DR.WT,,,/groceries/en-GB/products/250042763,https://digitalcontent.api.tesco.com/v2/media/ghs/c823bf1c-c472-4425-8620-d66cdc3df830/3728c144-295e-49ed-83ab-281ac114f7fc_1380105875.jpeg?h=225&w=225,
300534497,Tesco Finest Brisling Sardine In Paprika & T/Toe Sauce 12X105,https://www.tesco.com/groceries/en-GB/shop/food-cupboard/all?department=Tins%2C%20Cans%20%26%20Packets&viewAll=department&page=,£1.05,£1.00/100g,,,/groceries/en-GB/products/300534497,https://digitalcontent.api.tesco.com/v2/media/ghs/c9423b6d-4fda-4934-8551-f126e3ee222a/84e53440-59c6-44d0-bdf7-3bc1746755c3_640102379.jpeg?h=225&w=225,
275206492,Foresight Pease Pudding 410G,https://www.tesco.com/groceries/en-GB/shop/food-cupboard/all?department=Tins%2C%20Cans%20%26%20Packets&viewAll=department&page=,£0.80,£1.96/kg,,,/groceries/en-GB/products/275206492,https://digitalcontent.api.tesco.com/v2/media/ghs/2d4199df-2bb7-44f4-9158-eb1c34800a98/9d7211e9-2d99-43b0-8de0-a727ec806f6e_113385773.jpeg?h=225&w=225,
306647521,Tesco Ruby Red Grapefruit In Light Syrup 411G,https://www.tesco.com/groceries/en-GB/shop/food-cupboard/all?department=Tins%2C%20Cans%20%26%20Packets&viewAll=department&page=,£0.90,£4.02/kg DR.WT,,,/groceries/en-GB/products/306647521,https://digitalcontent.api.tesco.com/v2/media/ghs/bafb88c2-29ed-4d00-a67c-daf5ca4020cb/781b7d68-0208-4269-954a-8684afcaa83c_1493012932.jpeg?h=225&w=225,
255836513,Cirio Peeled Plum Tomatoes 4X400g,https://www.tesco.com/groceries/en-GB/shop/food-cupboard/all?department=Tins%2C%20Cans%20%26%20Packets&viewAll=department&page=,£4.00,£2.50/kg DR.WT,,,/groceries/en-GB/products/255836513,https://digitalcontent.api.tesco.com/v2/media/ghs/b7256126-1152-41ba-92cf-f87fa04b3e22/d375c4b0-83e8-4cca-a916-fd74eb886ddc_1054422415.jpeg?h=225&w=225,
302207127,Princes Drained Tuna Steak In Sunflower Oil3x110g,https://www.tesco.com/groceries/en-GB/shop/food-cupboard/all?department=Tins%2C%20Cans%20%26%20Packets&viewAll=department&page=,£5.00,£1.52/100g,,,/groceries/en-GB/products/302207127,https://digitalcontent.api.tesco.com/v2/media/ghs/bad03a1e-4645-4273-ae61-4c1fe6ae8d2b/9bfd76ea-7980-409b-89f6-0c870460802f_1582706876.jpeg?h=225&w=225,
309475794,Opies Black Cherries With Kirsch 370G,https://www.tesco.com/groceries/en-GB/shop/food-cupboard/all?department=Tins%2C%20Cans%20%26%20Packets&viewAll=department&page=,£4.20,£18.27/kg DR.WT,,,/groceries/en-GB/products/309475794,https://digitalcontent.api.tesco.com/v2/media/ghs/dc2de86f-4a88-474f-8099-c7a0ac6e3579/8ceac9a1-c076-462b-bd18-019cb424ca91_1094786091.jpeg?h=225&w=225,
268548876,Baxters Luxury Cullen Skink Soup 400G,https://www.tesco.com/groceries/en-GB/shop/food-cupboard/all?department=Tins%2C%20Cans%20%26%20Packets&viewAll=department&page=,£3.70,£0.92/100g,,,/groceries/en-GB/products/268548876,https://digitalcontent.api.tesco.com/v2/media/ghs/c993807b-79bd-4655-85ee-6eab01438340/cfecc63f-1fc4-4a34-89d7-72b6028a61b8_604689482.jpeg?h=225&w=225,
310120234,Tesco Tuna Chunks In Sunflower Oil 400G,https://www.tesco.com/groceries/en-GB/shop/food-cupboard/all?department=Tins%2C%20Cans%20%26%20Packets&viewAll=department&page=,£2.45,£0.88/100g DR.WT,,,/groceries/en-GB/products/310120234,https://digitalcontent.api.tesco.com/v2/media/ghs/fdf88793-cd81-4fc5-8f8a-88a945f1dc0f/a26e4992-8580-4718-972f-915662eee7db_2087187514.jpeg?h=225&w=225,
258503217,Green Giant Hearts Of Palm 410G,https://www.tesco.com/groceries/en-GB/shop/food-cupboard/all?department=Tins%2C%20Cans%20%26%20Packets&viewAll=department&page=,£2.55,£11.60/kg DR.WT,,,/groceries/en-GB/products/258503217,https://digitalcontent.api.tesco.com/v2/media/ghs/b08a79c6-55e0-4b87-812a-4b07c742fd20/4a65446b-dce7-4da9-81d7-74d0d289cec4_1178948974.jpeg?h=225&w=225,
273988553,Merchant Gourmet Whole Wheat Giant Couscous 300G,https://www.tesco.com/groceries/en-GB/shop/food-cupboard/all?department=Tins%2C%20Cans%20%26%20Packets&viewAll=department&page=,£2.40,£8.00/kg,,,/groceries/en-GB/products/273988553,https://digitalcontent.api.tesco.com/v2/media/ghs/a02bc18c-9305-44ef-b18c-7fa33f03016a/3c3694c3-82f9-4302-8403-636aa0090930_1417385497.jpeg?h=225&w=225,
312843274,Schar Gluten Free Foldable Flatbreads 225G,https://www.tesco.com/groceries/en-GB/shop/food-cupboard/all?department=Tins%2C%20Cans%20%26%20Packets&viewAll=department&page=,£2.50,£1.12/100g,£2.00 Clubcard Price,,/groceries/en-GB/products/312843274,https://digitalcontent.api.tesco.com/v2/media/ghs/c048c47a-81f7-4b5f-8f02-b8f0a069ea2f/0994ff94-978e-40f4-a9b0-0365728c23da.jpeg?h=225&w=225,
293597115,Weight Watchers John West Tuna Mayonnaise Sweetcorn 3X80g,https://www.tesco.com/groceries/en-GB/shop/food-cupboard/all?department=Tins%2C%20Cans%20%26%20Packets&viewAll=department&page=,£3.20,£1.34/100g,,,/groceries/en-GB/products/293597115,https://digitalcontent.api.tesco.com/v2/media/ghs/53d9347a-d3ac-43b1-bb65-51be22b2c317/4ffaea91-5b21-403d-891b-7486043ef2d2_1594843679.jpeg?h=225&w=225,
300535450,Tesco Finest Hot Smoked Mackerel Fillets 110G,https://www.tesco.com/groceries/en-GB/shop/food-cupboard/all?department=Tins%2C%20Cans%20%26%20Packets&viewAll=department&page=,£2.20,£3.15/100g DR.WT,,,/groceries/en-GB/products/300535450,https://digitalcontent.api.tesco.com/v2/media/ghs/de0c9213-477c-4019-91b8-9f5fe44cce6e/37114fdf-8cc9-4040-a06e-dd1526b65229_2146938736.jpeg?h=225&w=225,
256530942,Tesco Black Turtle Beans 500G,https://www.tesco.com/groceries/en-GB/shop/food-cupboard/all?department=Tins%2C%20Cans%20%26%20Packets&viewAll=department&page=,£1.80,£3.60/kg,,,/groceries/en-GB/products/256530942,https://digitalcontent.api.tesco.com/v2/media/ghs/211c1d8a-6d96-491f-a77f-bf57babbb602/62458bca-49f1-47a0-82d1-e9de35ab45ba_15852517.jpeg?h=225&w=225,
302317469,Princes Drained Tuna Sunflower Oil 110G,https://www.tesco.com/groceries/en-GB/shop/food-cupboard/all?department=Tins%2C%20Cans%20%26%20Packets&viewAll=department&page=,£1.85,£1.69/100g,£1.25 Clubcard Price,,/groceries/en-GB/products/302317469,https://digitalcontent.api.tesco.com/v2/media/ghs/c2f3e1a9-f4a6-4794-9559-3b52c05ad75a/65339a34-ca2f-4d62-be02-57a846e60986_1479698129.jpeg?h=225&w=225,
307753629,Merchant Gourmet Spicy Cajun Style Lentils 250G,https://www.tesco.com/groceries/en-GB/shop/food-cupboard/all?department=Tins%2C%20Cans%20%26%20Packets&viewAll=department&page=,£2.00,£8.00/kg,,,/groceries/en-GB/products/307753629,https://digitalcontent.api.tesco.com/v2/media/ghs/3c7e58e9-da8c-40bf-9e92-ffe27b5d1ea5/cdd9fe22-4f3d-443b-8fac-011c57c9cb0b_947175030.jpeg?h=225&w=225,
302638550,Kingfisher Lump Crab 145G,https://www.tesco.com/groceries/en-GB/shop/food-cupboard/all?department=Tins%2C%20Cans%20%26%20Packets&viewAll=department&page=,£3.00,£2.86/100g DR.WT,,,/groceries/en-GB/products/302638550,https://digitalcontent.api.tesco.com/v2/media/ghs/a2ec89e6-35b2-4676-9c0e-bbc327525e3f/55afe08d-3e95-4f41-b34a-0d01db01c4dd_705107216.jpeg?h=225&w=225,
297597875,Baxters Root Vegetable Turmeric Soup 400G,https://www.tesco.com/groceries/en-GB/shop/food-cupboard/all?department=Tins%2C%20Cans%20%26%20Packets&viewAll=department&page=,£2.00,£0.50/100g,,,/groceries/en-GB/products/297597875,https://digitalcontent.api.tesco.com/v2/media/ghs/23e0b264-3d44-4d21-8d6b-cf886e5abdc3/0098388f-ccfc-41b1-944a-53bfd6ba8f58_1869865888.jpeg?h=225&w=225,
254864567,John West Sild In Tomato Sauce 110G,https://www.tesco.com/groceries/en-GB/shop/food-cupboard/all?department=Tins%2C%20Cans%20%26%20Packets&viewAll=department&page=,£1.65,£1.50/100g,,,/groceries/en-GB/products/254864567,https://digitalcontent.api.tesco.com/v2/media/ghs/f23a40fa-75c0-44e9-a303-d4e6756e61b8/ff45f612-5750-4899-b71c-6f437c7d34c2_920127815.jpeg?h=225&w=225,
289707626,Ainsley Harriott Hot & Sour Soup 3 Pack 60G,https://www.tesco.com/groceries/en-GB/shop/food-cupboard/all?department=Tins%2C%20Cans%20%26%20Packets&viewAll=department&page=,£1.20,£2.00/100g,,,/groceries/en-GB/products/289707626,https://digitalcontent.api.tesco.com/v2/media/ghs/ecf4b6ea-dd58-4db9-b234-82535d37894e/0feb76d2-c7ee-45e2-8735-021a200dd7a2_1329148768.jpeg?h=225&w=225,
251171815,Mugshot Creamy Cheese Pasta 68G,https://www.tesco.com/groceries/en-GB/shop/food-cupboard/all?department=Noodle%20Pots%20%26%20Instant%20Snack%20Meals&viewAll=department&page=,£0.80,£11.77/kg,,,/groceries/en-GB/products/251171815,https://digitalcontent.api.tesco.com/v2/media/ghs/a4048351-447f-4142-be27-ee88179e4cc2/ab566dc6-d522-4cf6-8c5c-296a6b6b6bf6_1409890856.jpeg?h=225&w=225,
260135097,Pot Noodle King Chicken & Mushroom 114G,https://www.tesco.com/groceries/en-GB/shop/food-cupboard/all?department=Noodle%20Pots%20%26%20Instant%20Snack%20Meals&viewAll=department&page=,£1.20,£10.53/kg,,,/groceries/en-GB/products/260135097,https://digitalcontent.api.tesco.com/v2/media/ghs/8f7415ec-7e44-4db5-80b1-7a93149036cb/3b12944d-bd47-40a0-905e-ab5fdbd83086_306595921.jpeg?h=225&w=225,
253426005,Mugshot Chicken & Sweetcorn Noodles 54G,https://www.tesco.com/groceries/en-GB/shop/food-cupboard/all?department=Noodle%20Pots%20%26%20Instant%20Snack%20Meals&viewAll=department&page=,£0.80,£14.82/kg,,,/groceries/en-GB/products/253426005,https://digitalcontent.api.tesco.com/v2/media/ghs/aee46c56-3002-4c0d-9178-2809af6c2039/54661e0d-ff7f-4657-9f68-af2663eafcfd_1369052193.jpeg?h=225&w=225,
266584914,Mugshot Roast Chicken Pasta 55G,https://www.tesco.com/groceries/en-GB/shop/food-cupboard/all?department=Noodle%20Pots%20%26%20Instant%20Snack%20Meals&viewAll=department&page=,£0.80,£14.55/kg,,,/groceries/en-GB/products/266584914,https://digitalcontent.api.tesco.com/v2/media/ghs/d69a62d1-f1d3-43cc-b79d-2c481a0597d8/7ee04cc7-b0ce-4676-88f1-bbadec431d49_650593683.jpeg?h=225&w=225,
260188598,Pot Noodle King Bombay Bad Boy 114G,https://www.tesco.com/groceries/en-GB/shop/food-cupboard/all?department=Noodle%20Pots%20%26%20Instant%20Snack%20Meals&viewAll=department&page=,£1.20,£10.53/kg,,,/groceries/en-GB/products/260188598,https://digitalcontent.api.tesco.com/v2/media/ghs/29b6c57e-b4f1-4b9a-8d08-fe1043017aa1/ccdc3086-3921-4f8a-8828-fb4dfb3986ee_32705160.jpeg?h=225&w=225,
260182796,Pot Noodle King Original Curry 114G,https://www.tesco.com/groceries/en-GB/shop/food-cupboard/all?department=Noodle%20Pots%20%26%20Instant%20Snack%20Meals&viewAll=department&page=,£1.20,£10.53/kg,,,/groceries/en-GB/products/260182796,https://digitalcontent.api.tesco.com/v2/media/ghs/d8d2776f-d212-448c-9b3d-b4518ca5c4f3/87adf00c-6133-47f9-9f0c-260c9e83c43a_12696626.jpeg?h=225&w=225,
260188496,Pot Noodle Bombay Bad Boy 90G,https://www.tesco.com/groceries/en-GB/shop/food-cupboard/all?department=Noodle%20Pots%20%26%20Instant%20Snack%20Meals&viewAll=department&page=,£1.00,£11.12/kg,,,/groceries/en-GB/products/260188496,https://digitalcontent.api.tesco.com/v2/media/ghs/e4ee3209-62b0-4321-b36d-53be2a709025/3ff401d4-fb3c-4aba-a006-c8da18b67c55_2033524036.jpeg?h=225&w=225,
310164493,Tesco Southern Fried Chicken Flavour Instant Noodles 85G,https://www.tesco.com/groceries/en-GB/shop/food-cupboard/all?department=Noodle%20Pots%20%26%20Instant%20Snack%20Meals&viewAll=department&page=,£0.40,£4.71/kg,,,/groceries/en-GB/products/310164493,https://digitalcontent.api.tesco.com/v2/media/ghs/256c7241-0f31-4629-9f25-81fadd9181e6/dfbdc759-c84e-4c68-b300-75e56c4eb811_1990853144.jpeg?h=225&w=225,
262562476,Pot Noodle King Beef & Tomato 114G,https://www.tesco.com/groceries/en-GB/shop/food-cupboard/all?department=Noodle%20Pots%20%26%20Instant%20Snack%20Meals&viewAll=department&page=,£1.20,£10.53/kg,,,/groceries/en-GB/products/262562476,https://digitalcontent.api.tesco.com/v2/media/ghs/d276bf30-c5c0-40aa-a4bf-601b82740020/92706c2e-2ed0-4080-94d9-8a624dc87bb9_847264532.jpeg?h=225&w=225,
310135127,Tesco Bbq Beef Flavour Instant Noodles 85G,https://www.tesco.com/groceries/en-GB/shop/food-cupboard/all?department=Noodle%20Pots%20%26%20Instant%20Snack%20Meals&viewAll=department&page=,£0.40,£4.71/kg,,,/groceries/en-GB/products/310135127,https://digitalcontent.api.tesco.com/v2/media/ghs/24429ce8-9a95-4136-af62-c280dd52dbfd/ca72daa0-3aa8-4e3a-b1a1-8bc17480b93a_1625879313.jpeg?h=225&w=225,
285617629,Nissin Soba Classic Instant Noodles 90G,https://www.tesco.com/groceries/en-GB/shop/food-cupboard/all?department=Noodle%20Pots%20%26%20Instant%20Snack%20Meals&viewAll=department&page=,£1.55,£17.23/kg,,,/groceries/en-GB/products/285617629,https://digitalcontent.api.tesco.com/v2/media/ghs/a893ab7c-f177-4c69-9347-511c53034458/e25e7296-7752-4cec-b26a-e41dea3b7bbc_2066977126.jpeg?h=225&w=225,
260188876,Pot Noodle Chicken And Mushroom 90G,https://www.tesco.com/groceries/en-GB/shop/food-cupboard/all?department=Noodle%20Pots%20%26%20Instant%20Snack%20Meals&viewAll=department&page=,£1.00,£11.12/kg,,,/groceries/en-GB/products/260188876,https://digitalcontent.api.tesco.com/v2/media/ghs/c7e758b6-9291-49a4-bbdc-8bb15b52b5fc/398c4e62-8713-4829-9cbd-b09154c68a38_1175583521.jpeg?h=225&w=225,
260187386,Pot Noodle Original Curry 90G,https://www.tesco.com/groceries/en-GB/shop/food-cupboard/all?department=Noodle%20Pots%20%26%20Instant%20Snack%20Meals&viewAll=department&page=,£1.00,£11.12/kg,,,/groceries/en-GB/products/260187386,https://digitalcontent.api.tesco.com/v2/media/ghs/8b8887e0-e425-4e03-bad4-ba712c589a81/b31d3e6c-6ee0-4d3a-bd73-e0b1ad988ba5_578418886.jpeg?h=225&w=225,
286213028,Nissin Soba Chilli Instant Noodles 92G,https://www.tesco.com/groceries/en-GB/shop/food-cupboard/all?department=Noodle%20Pots%20%26%20Instant%20Snack%20Meals&viewAll=department&page=,£1.49,£16.20/kg,,,/groceries/en-GB/products/286213028,https://digitalcontent.api.tesco.com/v2/media/ghs/19596f46-5195-45cd-a581-b787cfeb3d75/ddca7272-adaa-4de5-8742-dd024472ecda_1516235317.jpeg?h=225&w=225,
260187553,Pot Noodle Beef And Tomato 90G,https://www.tesco.com/groceries/en-GB/shop/food-cupboard/all?department=Noodle%20Pots%20%26%20Instant%20Snack%20Meals&viewAll=department&page=,£1.00,£11.12/kg,,,/groceries/en-GB/products/260187553,https://digitalcontent.api.tesco.com/v2/media/ghs/619e086f-c03b-41c4-b504-c881f37e391f/cc4febf3-cdd7-4436-a79f-ab5b4ce00674_341897971.jpeg?h=225&w=225,
293396917,Pot Noodle King Sticky Rib Snack 114G,https://www.tesco.com/groceries/en-GB/shop/food-cupboard/all?department=Noodle%20Pots%20%26%20Instant%20Snack%20Meals&viewAll=department&page=,£1.20,£10.53/kg,,,/groceries/en-GB/products/293396917,https://digitalcontent.api.tesco.com/v2/media/ghs/b3a00324-54fd-4732-a08e-b74e09c38a61/1d638b7a-823e-49c8-a25e-1927f63f47f1_1634060211.jpeg?h=225&w=225,
284478339,Heinz Cream Of Tomato Cup Soup 88G,https://www.tesco.com/groceries/en-GB/shop/food-cupboard/all?department=Noodle%20Pots%20%26%20Instant%20Snack%20Meals&viewAll=department&page=,£1.00,£1.14/100g,,,/groceries/en-GB/products/284478339,https://digitalcontent.api.tesco.com/v2/media/ghs/f254a1c7-df12-4e09-aac1-7929339cf288/e81b0c8d-12d0-4867-b688-7f945f0ec513_398684080.jpeg?h=225&w=225,
260183154,Pot Noodle Sweet & Sour 90G,https://www.tesco.com/groceries/en-GB/shop/food-cupboard/all?department=Noodle%20Pots%20%26%20Instant%20Snack%20Meals&viewAll=department&page=,£1.00,£11.12/kg,,,/groceries/en-GB/products/260183154,https://digitalcontent.api.tesco.com/v2/media/ghs/50c33f2e-f37a-4ab1-9c68-1a1665842c00/90404802-ddf0-41b6-8654-dfdc40c2690e_467564435.jpeg?h=225&w=225,
289538411,Naked Noodle Sweet Chilli Flavour 78G,https://www.tesco.com/groceries/en-GB/shop/food-cupboard/all?department=Noodle%20Pots%20%26%20Instant%20Snack%20Meals&viewAll=department&page=,£0.95,£12.18/kg,,,/groceries/en-GB/products/289538411,https://digitalcontent.api.tesco.com/v2/media/ghs/efa95152-c99f-46d4-84b7-aa3b3007c48b/3beec7b3-7a11-4124-8f74-825a0a7c560c_608851847.jpeg?h=225&w=225,
297172796,Naked Noodle Thai Green Curry Pot 78G,https://www.tesco.com/groceries/en-GB/shop/food-cupboard/all?department=Noodle%20Pots%20%26%20Instant%20Snack%20Meals&viewAll=department&page=,£0.95,£12.18/kg,,,/groceries/en-GB/products/297172796,https://digitalcontent.api.tesco.com/v2/media/ghs/c98fd622-a6fe-4d24-a9ad-7aeaad4318db/bf58644b-fbfd-4aaa-96eb-8ea7b76dae79_1342561255.jpeg?h=225&w=225,
303671726,Batchelors Super Noodles Chicken 90G,https://www.tesco.com/groceries/en-GB/shop/food-cupboard/all?department=Noodle%20Pots%20%26%20Instant%20Snack%20Meals&viewAll=department&page=,£0.80,£8.89/kg,,,/groceries/en-GB/products/303671726,https://digitalcontent.api.tesco.com/v2/media/ghs/fe7bc61b-b31a-47e9-a84c-381ea1aef213/14ceaf9e-ed28-4d8b-ba0f-e560f69bcc17_365682525.jpeg?h=225&w=225,
256768198,Batchelors Cup A Soup Creamy Potato & Leek 4S 107.4G,https://www.tesco.com/groceries/en-GB/shop/food-cupboard/all?department=Noodle%20Pots%20%26%20Instant%20Snack%20Meals&viewAll=department&page=,£1.09,£1.02/100g,Any 3 for £2.50 Clubcard Price - Selected Batchelors Cup A Soup 50g-122g,,/groceries/en-GB/products/256768198,https://digitalcontent.api.tesco.com/v2/media/ghs/0fea4308-5162-4669-be8a-b3c651b2f6c9/51842ead-42da-46e8-8e95-7da75a4d7294_1862904317.jpeg?h=225&w=225,
295870612,Batchelors Super Noodle Pots Chicken 75G,https://www.tesco.com/groceries/en-GB/shop/food-cupboard/all?department=Noodle%20Pots%20%26%20Instant%20Snack%20Meals&viewAll=department&page=,£0.75,£10.00/kg,,,/groceries/en-GB/products/295870612,https://digitalcontent.api.tesco.com/v2/media/ghs/9e1e154e-01a0-4b5c-b84f-59608fc13b53/8fd2b632-9b12-48ef-9234-c39b37f3cd6e_771542160.jpeg?h=225&w=225,
303671749,Batchelors Super Noodles Mild Curry 90G,https://www.tesco.com/groceries/en-GB/shop/food-cupboard/all?department=Noodle%20Pots%20%26%20Instant%20Snack%20Meals&viewAll=department&page=,,,,,/groceries/en-GB/products/303671749,,This product's currently out of stock
254210351,Batchelors Cup A Soup Powder Cream Of Vegetable 4S 122G,https://www.tesco.com/groceries/en-GB/shop/food-cupboard/all?department=Noodle%20Pots%20%26%20Instant%20Snack%20Meals&viewAll=department&page=,£1.09,£0.89/100g,Any 3 for £2.50 Clubcard Price - Selected Batchelors Cup A Soup 50g-122g,,/groceries/en-GB/products/254210351,https://digitalcontent.api.tesco.com/v2/media/ghs/d0ecedb2-2a40-485c-bab2-6a1ca106bcb8/ac62f75e-eddf-40fb-bea1-33c146f130a6_33052756.jpeg?h=225&w=225,
254204301,Batchelors Cup A Soup Minestrone 4 Pack 94G,https://www.tesco.com/groceries/en-GB/shop/food-cupboard/all?department=Noodle%20Pots%20%26%20Instant%20Snack%20Meals&viewAll=department&page=,£1.09,£1.16/100g,Any 3 for £2.50 Clubcard Price - Selected Batchelors Cup A Soup 50g-122g,,/groceries/en-GB/products/254204301,https://digitalcontent.api.tesco.com/v2/media/ghs/42967b07-cea6-4dbd-bb3b-239225b0cefb/ed563339-4d14-45ec-a058-f5b162fa239f_1099048621.jpeg?h=225&w=225,
270978898,Batchelors Cup A Soup Tomato 93G,https://www.tesco.com/groceries/en-GB/shop/food-cupboard/all?department=Noodle%20Pots%20%26%20Instant%20Snack%20Meals&viewAll=department&page=,£1.09,£1.18/100g,Any 3 for £2.50 Clubcard Price - Selected Batchelors Cup A Soup 50g-122g,,/groceries/en-GB/products/270978898,https://digitalcontent.api.tesco.com/v2/media/ghs/95d4ed73-2e7d-479d-9fe2-43eada890cef/a2d846f5-9314-4b5b-8a0d-2c9acd40a3ee_1590213511.jpeg?h=225&w=225,
270974142,Batchelors Cup A Soup Chicken 81G,https://www.tesco.com/groceries/en-GB/shop/food-cupboard/all?department=Noodle%20Pots%20%26%20Instant%20Snack%20Meals&viewAll=department&page=,£1.09,£1.35/100g,Any 3 for £2.50 Clubcard Price - Selected Batchelors Cup A Soup 50g-122g,,/groceries/en-GB/products/270974142,https://digitalcontent.api.tesco.com/v2/media/ghs/242306af-5bc9-461b-a7b6-12b8ac350bd9/0c616923-f385-4389-87f6-a701761f1d62_1400430524.jpeg?h=225&w=225,
303671703,Batchelors Pasta & Sauce Macaroni & Cheese Quick Cook 99G,https://www.tesco.com/groceries/en-GB/shop/food-cupboard/all?department=Noodle%20Pots%20%26%20Instant%20Snack%20Meals&viewAll=department&page=,£0.80,£8.09/kg,,,/groceries/en-GB/products/303671703,https://digitalcontent.api.tesco.com/v2/media/ghs/161e2d7a-d543-48a6-a7bf-f15dd7dfb3bd/55b298cd-99a9-44da-94b1-2e51e376dc8c_1631305389.jpeg?h=225&w=225,
303671628,Batchelors Pasta & Sauce Cheese & Broccoli Quick Cook 99G,https://www.tesco.com/groceries/en-GB/shop/food-cupboard/all?department=Noodle%20Pots%20%26%20Instant%20Snack%20Meals&viewAll=department&page=,£0.80,£8.09/kg,,,/groceries/en-GB/products/303671628,https://digitalcontent.api.tesco.com/v2/media/ghs/83edef94-b359-47a1-a993-687985b30c8f/dbb30d32-fba0-49d8-8ec6-ef3ee5c8854c_1741190673.jpeg?h=225&w=225,
254202948,Batchelors Cup A Soup Special Creamed Asparagus 117G,https://www.tesco.com/groceries/en-GB/shop/food-cupboard/all?department=Noodle%20Pots%20%26%20Instant%20Snack%20Meals&viewAll=department&page=,£1.09,£0.93/100g,Any 3 for £2.50 Clubcard Price - Selected Batchelors Cup A Soup 50g-122g,,/groceries/en-GB/products/254202948,https://digitalcontent.api.tesco.com/v2/media/ghs/5616ad75-3543-4db0-87d9-045e64377da6/ccddfaa4-dd36-4076-84cd-70dd24bc3902_1209194139.jpeg?h=225&w=225,
303646164,Batchelors Super Noodles Bbq Beef 90G,https://www.tesco.com/groceries/en-GB/shop/food-cupboard/all?department=Noodle%20Pots%20%26%20Instant%20Snack%20Meals&viewAll=department&page=,,,,,/groceries/en-GB/products/303646164,https://digitalcontent.api.tesco.com/v2/media/ghs/c544c56a-9c80-4fcc-b0ae-8445a1a4e04c/5912da47-b75d-458f-84ce-5333ef173e75_263870504.jpeg?h=225&w=225,This product's currently out of stock
303671761,Batchelors Super Rice Golden Quick Cook 90G,https://www.tesco.com/groceries/en-GB/shop/food-cupboard/all?department=Noodle%20Pots%20%26%20Instant%20Snack%20Meals&viewAll=department&page=,£0.95,£10.56/kg,,,/groceries/en-GB/products/303671761,https://digitalcontent.api.tesco.com/v2/media/ghs/26389f33-63e8-499f-bdd6-3cafbbafdb12/f29a4893-0f81-410e-b288-7e3525509785_813867269.jpeg?h=225&w=225,
303671640,Batchelors Pasta & Sauce Cheese Leek Ham Quick Cook 99G,https://www.tesco.com/groceries/en-GB/shop/food-cupboard/all?department=Noodle%20Pots%20%26%20Instant%20Snack%20Meals&viewAll=department&page=,£0.80,£8.09/kg,,,/groceries/en-GB/products/303671640,https://digitalcontent.api.tesco.com/v2/media/ghs/753411d0-b985-4cad-8c23-e206b8245240/0abb1128-1ff7-4d8a-9814-2550eeba6642_1378199635.jpeg?h=225&w=225,
303670946,Batchelors Pasta & Sauce Chicken & Mushroom Quick Cook 99G,https://www.tesco.com/groceries/en-GB/shop/food-cupboard/all?department=Noodle%20Pots%20%26%20Instant%20Snack%20Meals&viewAll=department&page=,£0.80,£8.09/kg,,,/groceries/en-GB/products/303670946,https://digitalcontent.api.tesco.com/v2/media/ghs/ce0e1244-46fc-40fb-b8cb-e7339aafd2be/2000b0bd-2e4c-45ed-8031-d17d85f385b5_1443894332.jpeg?h=225&w=225,
254202983,Batchelors Cup A Soup Special Chicken Noodle 4S 94G,https://www.tesco.com/groceries/en-GB/shop/food-cupboard/all?department=Noodle%20Pots%20%26%20Instant%20Snack%20Meals&viewAll=department&page=,£1.09,£1.16/100g,Any 3 for £2.50 Clubcard Price - Selected Batchelors Cup A Soup 50g-122g,,/groceries/en-GB/products/254202983,https://digitalcontent.api.tesco.com/v2/media/ghs/7be355ee-cd52-410d-9975-0fc6a7c487b6/a4bbb05c-ce4b-4ad3-9702-0ecd8b5e9590_468102278.jpeg?h=225&w=225,
295870635,Batchelors Super Noodle Pot Bbq Beef 75G,https://www.tesco.com/groceries/en-GB/shop/food-cupboard/all?department=Noodle%20Pots%20%26%20Instant%20Snack%20Meals&viewAll=department&page=,£0.75,£10.00/kg,,,/groceries/en-GB/products/295870635,https://digitalcontent.api.tesco.com/v2/media/ghs/737ed6ef-d6a6-4a6d-9f42-714d3cd42bb5/f16ccc0e-cc7c-4df7-bfff-92b89a11ac8a_1382210565.jpeg?h=225&w=225,
254104166,Tesco Pasta In Sauce Cheese & Broccoli 120G,https://www.tesco.com/groceries/en-GB/shop/food-cupboard/all?department=Noodle%20Pots%20%26%20Instant%20Snack%20Meals&viewAll=department&page=,£0.60,£5.00/kg,,,/groceries/en-GB/products/254104166,https://digitalcontent.api.tesco.com/v2/media/ghs/6733977d-1cfd-4cff-8ea9-13f60087fca5/453926c0-1d03-47b1-9d03-564496ebf775_1210540689.jpeg?h=225&w=225,
303671869,Batchelors Chicken & Herb Super Noodles Low Fat 81G,https://www.tesco.com/groceries/en-GB/shop/food-cupboard/all?department=Noodle%20Pots%20%26%20Instant%20Snack%20Meals&viewAll=department&page=,£0.80,£9.88/kg,,,/groceries/en-GB/products/303671869,https://digitalcontent.api.tesco.com/v2/media/ghs/ae5c01b1-d876-4c0e-962d-fdea4da5eb12/77a4cdfe-9f66-4318-ad98-814efd27bc8b_1134596869.jpeg?h=225&w=225,
312107173,Pot Noodle Lost The Pot Champion Chicken Flavour 85G,https://www.tesco.com/groceries/en-GB/shop/food-cupboard/all?department=Noodle%20Pots%20%26%20Instant%20Snack%20Meals&viewAll=department&page=,£0.60,£7.06/kg,,,/groceries/en-GB/products/312107173,https://digitalcontent.api.tesco.com/v2/media/ghs/11e0cbe3-180d-44cc-8f1e-236505610bc4/cd1bd147-caab-4231-9b52-918503cd96e1_1817142241.jpeg?h=225&w=225,
310094903,Hearty Food Co. Chicken Flavour Instant Noodles 100G,https://www.tesco.com/groceries/en-GB/shop/food-cupboard/all?department=Noodle%20Pots%20%26%20Instant%20Snack%20Meals&viewAll=department&page=,,,,,/groceries/en-GB/products/310094903,https://digitalcontent.api.tesco.com/v2/media/ghs/00be0bcd-7955-4025-931c-785a4b7293b0/985e2326-aaac-426e-a761-7fe272558d3a_1580858752.jpeg?h=225&w=225,This product's currently out of stock
310168264,Hearty Food Co. Curry Flavour Instant Noodles 100G,https://www.tesco.com/groceries/en-GB/shop/food-cupboard/all?department=Noodle%20Pots%20%26%20Instant%20Snack%20Meals&viewAll=department&page=,£0.32,£3.20/kg,Aldi Price Match,,/groceries/en-GB/products/310168264,https://digitalcontent.api.tesco.com/v2/media/ghs/34a24f3d-ae90-46f3-ac2d-bf8dd72cfe18/fc06d82a-908c-43ef-ae99-f349e2752d03_1666468023.jpeg?h=225&w=225,
300455826,Hearty Food Co Spicy Curry Flavoured Noodles 70G,https://www.tesco.com/groceries/en-GB/shop/food-cupboard/all?department=Noodle%20Pots%20%26%20Instant%20Snack%20Meals&viewAll=department&page=,£0.43,£6.15/kg,Aldi Price Match,,/groceries/en-GB/products/300455826,https://digitalcontent.api.tesco.com/v2/media/ghs/dfc90bdf-fc45-44e7-9010-29b2743a85f6/43fc6bb1-2cc7-464e-a503-b9fbbc60d6b6_1591356032.jpeg?h=225&w=225,
260187806,Pot Noodle Chicken & Mushroom 4 X 90G,https://www.tesco.com/groceries/en-GB/shop/food-cupboard/all?department=Noodle%20Pots%20%26%20Instant%20Snack%20Meals&viewAll=department&page=,£3.50,£9.73/kg,,,/groceries/en-GB/products/260187806,https://digitalcontent.api.tesco.com/v2/media/ghs/a18cd6b0-ba92-42d9-9a69-32dccb43aefa/fd0d7222-c1d1-444a-af53-5861a72ed174_537549755.jpeg?h=225&w=225,
293104602,Mug Shot Cajun Pasta 60G,https://www.tesco.com/groceries/en-GB/shop/food-cupboard/all?department=Noodle%20Pots%20%26%20Instant%20Snack%20Meals&viewAll=department&page=,£0.80,£13.34/kg,,,/groceries/en-GB/products/293104602,https://digitalcontent.api.tesco.com/v2/media/ghs/f8eb8847-92c3-4ff4-a1f8-9c1093bed154/52159482-d4b5-446c-8ae0-5e20a9df2531_792429545.jpeg?h=225&w=225,
260636986,Mugshot Thai Style Noodles 55G,https://www.tesco.com/groceries/en-GB/shop/food-cupboard/all?department=Noodle%20Pots%20%26%20Instant%20Snack%20Meals&viewAll=department&page=,£0.80,£14.55/kg,,,/groceries/en-GB/products/260636986,https://digitalcontent.api.tesco.com/v2/media/ghs/e5d22a35-8168-4166-a3af-10ce1def40cc/5ef02c44-dea2-4c72-8478-4a8ba9e2d858_1595205362.jpeg?h=225&w=225,
253440258,Mugshot Sweet & Sour Noodles 67G,https://www.tesco.com/groceries/en-GB/shop/food-cupboard/all?department=Noodle%20Pots%20%26%20Instant%20Snack%20Meals&viewAll=department&page=,£0.80,£11.95/kg,,,/groceries/en-GB/products/253440258,,
284718615,Mugshot Macaroni And Cheese 68G,https://www.tesco.com/groceries/en-GB/shop/food-cupboard/all?department=Noodle%20Pots%20%26%20Instant%20Snack%20Meals&viewAll=department&page=,£0.80,£11.77/kg,,,/groceries/en-GB/products/284718615,,
251171838,Mugshot Tomato & Herb Pasta 64G,https://www.tesco.com/groceries/en-GB/shop/food-cupboard/all?department=Noodle%20Pots%20%26%20Instant%20Snack%20Meals&viewAll=department&page=,£0.80,£12.50/kg,,,/groceries/en-GB/products/251171838,https://digitalcontent.api.tesco.com/v2/media/ghs/b425b5c3-7dab-4d62-a8ee-3f2953d8b917/16f9e3c6-dce0-43b9-85da-d67d1059bc4f_1427957063.jpeg?h=225&w=225,
300513827,Itsu Chilli Miso Noodle Cup 63G,https://www.tesco.com/groceries/en-GB/shop/food-cupboard/all?department=Noodle%20Pots%20%26%20Instant%20Snack%20Meals&viewAll=department&page=,£1.75,£27.78/kg,£1.25 Clubcard Price,,/groceries/en-GB/products/300513827,https://digitalcontent.api.tesco.com/v2/media/ghs/690979d5-9ee6-4314-8402-b1314d105fad/8530845e-facf-466c-930a-ab3510116431_1397724579.jpeg?h=225&w=225,
300497200,Naked Rice Malaysian Curry Pot 78G,https://www.tesco.com/groceries/en-GB/shop/food-cupboard/all?department=Noodle%20Pots%20%26%20Instant%20Snack%20Meals&viewAll=department&page=,£1.00,£12.83/kg,,,/groceries/en-GB/products/300497200,https://digitalcontent.api.tesco.com/v2/media/ghs/892c1806-2d00-490e-81b9-bbe18a7c8dba/9a66e525-398c-46f3-8e19-41f77301d4f3_500984682.jpeg?h=225&w=225,
285633532,Nissin Soba Teriyaki Instant Noodles 90G,https://www.tesco.com/groceries/en-GB/shop/food-cupboard/all?department=Noodle%20Pots%20%26%20Instant%20Snack%20Meals&viewAll=department&page=,£1.55,£17.23/kg,,,/groceries/en-GB/products/285633532,https://digitalcontent.api.tesco.com/v2/media/ghs/4c08527d-721c-4391-a4fe-3b6c0f8e9c27/484aac90-39cb-4ba6-9ee7-17f079774e5d_1655158886.jpeg?h=225&w=225,
300513804,Itsu Satay Noodle Cup 64G,https://www.tesco.com/groceries/en-GB/shop/food-cupboard/all?department=Noodle%20Pots%20%26%20Instant%20Snack%20Meals&viewAll=department&page=,£1.75,£27.35/kg,£1.25 Clubcard Price,,/groceries/en-GB/products/300513804,https://digitalcontent.api.tesco.com/v2/media/ghs/03ecc35d-2fcc-4a41-a32e-96f7bedcc6d0/44f8f18b-c0b5-4f37-b409-83172b11f77a_1413647267.jpeg?h=225&w=225,
300513787,Itsu Katsu Noodle Cup 63G,https://www.tesco.com/groceries/en-GB/shop/food-cupboard/all?department=Noodle%20Pots%20%26%20Instant%20Snack%20Meals&viewAll=department&page=,£1.75,£27.78/kg,£1.25 Clubcard Price,,/groceries/en-GB/products/300513787,https://digitalcontent.api.tesco.com/v2/media/ghs/6e3d9e19-bde2-4930-a8fd-8cacedec1878/a03d35e2-fe5f-4a94-82bd-32718a456993_880796630.jpeg?h=225&w=225,
289537775,Naked Noodle Beef Pho 78G,https://www.tesco.com/groceries/en-GB/shop/food-cupboard/all?department=Noodle%20Pots%20%26%20Instant%20Snack%20Meals&viewAll=department&page=,£0.95,£12.18/kg,,,/groceries/en-GB/products/289537775,https://digitalcontent.api.tesco.com/v2/media/ghs/57fe1148-f84b-4e1e-a08d-d85c8187c727/cec047ae-cae8-408f-8857-4d8492dae598_1000219065.jpeg?h=225&w=225,
297501903,Naked Noodle Firecracker Chicken 78G,https://www.tesco.com/groceries/en-GB/shop/food-cupboard/all?department=Noodle%20Pots%20%26%20Instant%20Snack%20Meals&viewAll=department&page=,£0.95,£12.18/kg,,,/groceries/en-GB/products/297501903,https://digitalcontent.api.tesco.com/v2/media/ghs/021d9567-d5f2-4281-8bf0-00c37953311f/ba60466f-cd74-423d-8b28-597a5451d6aa_2106685488.jpeg?h=225&w=225,
289537873,Naked Noodle Chow Mein 78G,https://www.tesco.com/groceries/en-GB/shop/food-cupboard/all?department=Noodle%20Pots%20%26%20Instant%20Snack%20Meals&viewAll=department&page=,£0.95,£12.18/kg,,,/groceries/en-GB/products/289537873,https://digitalcontent.api.tesco.com/v2/media/ghs/87abc4cd-f752-4176-a02c-82d97d67308c/5ef42d17-39af-4177-a72c-060f1bc13041_942653950.jpeg?h=225&w=225,
297173173,Pot Noodle Pulled Pork 90G,https://www.tesco.com/groceries/en-GB/shop/food-cupboard/all?department=Noodle%20Pots%20%26%20Instant%20Snack%20Meals&viewAll=department&page=,£1.00,£11.12/kg,,,/groceries/en-GB/products/297173173,https://digitalcontent.api.tesco.com/v2/media/ghs/df899fc2-9e8f-4177-8966-f0d563d3e746/5f63dc55-3ad1-40d5-a226-9b4a7744799f_1483736225.jpeg?h=225&w=225,
309466062,Pot Noodle Piri Piri Chicken 90G,https://www.tesco.com/groceries/en-GB/shop/food-cupboard/all?department=Noodle%20Pots%20%26%20Instant%20Snack%20Meals&viewAll=department&page=,£1.00,£11.12/kg,,,/groceries/en-GB/products/309466062,https://digitalcontent.api.tesco.com/v2/media/ghs/0cfd3ea3-94a5-4813-a0df-0d0ebc5708ba/35652cd4-2d1b-49d4-a4f1-5251dc4053f3_1028987129.jpeg?h=225&w=225,
300497183,Naked Rice Japanese Chicken Katsu Curry 78G,https://www.tesco.com/groceries/en-GB/shop/food-cupboard/all?department=Noodle%20Pots%20%26%20Instant%20Snack%20Meals&viewAll=department&page=,£1.00,£12.83/kg,,,/groceries/en-GB/products/300497183,https://digitalcontent.api.tesco.com/v2/media/ghs/7c4b5f1b-7145-40ce-9af0-0eb90bf0c61f/e0f3f4a8-3a38-4520-a7fc-4d5d6d4cc1d8_1714247994.jpeg?h=225&w=225,
300456566,Tesco Low Fat Chicken Noodle Cup Soup 5 Pack 65G,https://www.tesco.com/groceries/en-GB/shop/food-cupboard/all?department=Noodle%20Pots%20%26%20Instant%20Snack%20Meals&viewAll=department&page=,£0.85,£1.31/100g,,,/groceries/en-GB/products/300456566,https://digitalcontent.api.tesco.com/v2/media/ghs/2c0e059a-b3ee-45bb-88dc-e03442fcfcd4/089d1570-bf28-442a-82c5-cc84793fc2de_89741146.jpeg?h=225&w=225,
301052011,Naked Noodle Thai Green Curry Big Eat 104G,https://www.tesco.com/groceries/en-GB/shop/food-cupboard/all?department=Noodle%20Pots%20%26%20Instant%20Snack%20Meals&viewAll=department&page=,£0.99,£9.52/kg,Aldi Price Match,,/groceries/en-GB/products/301052011,https://digitalcontent.api.tesco.com/v2/media/ghs/6f86191d-1688-4b8c-a58a-4ade3ac8d83c/926a6470-70a3-4dca-a9e1-c9fcfec1d446_1765707735.jpeg?h=225&w=225,
297172750,Nissin Soba Cup Yakitori Chicken 89G,https://www.tesco.com/groceries/en-GB/shop/food-cupboard/all?department=Noodle%20Pots%20%26%20Instant%20Snack%20Meals&viewAll=department&page=,£1.55,£17.42/kg,,,/groceries/en-GB/products/297172750,https://digitalcontent.api.tesco.com/v2/media/ghs/af837e54-345f-44fd-8e8c-bf7d91ed080a/3cf7c47e-5026-48de-af7a-b773f297538b_782342292.jpeg?h=225&w=225,
297132245,Tesco Vegetable & Croutons Soup In A Mug 5 Pack 115G,https://www.tesco.com/groceries/en-GB/shop/food-cupboard/all?department=Noodle%20Pots%20%26%20Instant%20Snack%20Meals&viewAll=department&page=,£0.85,£0.74/100g,,,/groceries/en-GB/products/297132245,https://digitalcontent.api.tesco.com/v2/media/ghs/d0d862ba-a793-46b0-a2b1-5e4b7a6fa6d9/21c6e221-cf99-4548-8f44-f4fe353e221a_1722300201.jpeg?h=225&w=225,
307741809,Naked Rice Katsu Curry 104G,https://www.tesco.com/groceries/en-GB/shop/food-cupboard/all?department=Noodle%20Pots%20%26%20Instant%20Snack%20Meals&viewAll=department&page=,£0.99,£9.52/kg,,,/groceries/en-GB/products/307741809,https://digitalcontent.api.tesco.com/v2/media/ghs/419df0c9-c636-4659-9640-55e00f2ef938/c50453b2-1739-4512-a91e-cc7f17ff28ed_1270992118.jpeg?h=225&w=225,
254213682,Batchelors Slim-A-Soup Minestrone 4S 61G,https://www.tesco.com/groceries/en-GB/shop/food-cupboard/all?department=Noodle%20Pots%20%26%20Instant%20Snack%20Meals&viewAll=department&page=,£1.09,£1.79/100g,Any 3 for £2.50 Clubcard Price - Selected Batchelors Cup A Soup 50g-122g,,/groceries/en-GB/products/254213682,https://digitalcontent.api.tesco.com/v2/media/ghs/e7f9e31c-1920-4966-b83b-7907717a008b/54db0c3d-d44b-414d-a110-cf338ca147b1_1918650410.jpeg?h=225&w=225,
297172491,Batchelors Pasta & Sauce Pot Cheese & Broccoli 65G,https://www.tesco.com/groceries/en-GB/shop/food-cupboard/all?department=Noodle%20Pots%20%26%20Instant%20Snack%20Meals&viewAll=department&page=,£1.00,£1.54/100g,,,/groceries/en-GB/products/297172491,https://digitalcontent.api.tesco.com/v2/media/ghs/19099df5-2073-46b4-b851-8df8b3f919c4/a484294f-7890-416d-9a54-c69e5f738b34_750413299.jpeg?h=225&w=225,
270978973,Batchelors Cup A Soup Beef & Tom 4X22g,https://www.tesco.com/groceries/en-GB/shop/food-cupboard/all?department=Noodle%20Pots%20%26%20Instant%20Snack%20Meals&viewAll=department&page=,£1.09,£1.24/100g,Any 3 for £2.50 Clubcard Price - Selected Batchelors Cup A Soup 50g-122g,,/groceries/en-GB/products/270978973,https://digitalcontent.api.tesco.com/v2/media/ghs/88c73b2f-e748-4ae0-864e-9674f0095a16/bb2f3ff6-45e2-45af-96e7-9c73559ab234_644467635.jpeg?h=225&w=225,
297132182,Tesco Broccoli & Stilton Soup In A Mug 5 Pack 120G,https://www.tesco.com/groceries/en-GB/shop/food-cupboard/all?department=Noodle%20Pots%20%26%20Instant%20Snack%20Meals&viewAll=department&page=,£0.85,£0.71/100g,,,/groceries/en-GB/products/297132182,https://digitalcontent.api.tesco.com/v2/media/ghs/a16ff0f3-c1a1-4867-b702-61c1e8555a68/60718483-8269-42b1-81a9-34555a90d0fb_126187564.jpeg?h=225&w=225,
270996277,Batchelors Cup A Soup Chicken & Leek 86G,https://www.tesco.com/groceries/en-GB/shop/food-cupboard/all?department=Noodle%20Pots%20%26%20Instant%20Snack%20Meals&viewAll=department&page=,£1.09,£1.27/100g,Any 3 for £2.50 Clubcard Price - Selected Batchelors Cup A Soup 50g-122g,,/groceries/en-GB/products/270996277,https://digitalcontent.api.tesco.com/v2/media/ghs/7540c481-b58a-4ecd-9efa-581128b9b525/fa662bad-fd16-4bab-aa27-61feb57ff3db_232590620.jpeg?h=225&w=225,
297132280,Tesco Tomato & Basil With Croutons Soup In A Mug 5 Pack 120G,https://www.tesco.com/groceries/en-GB/shop/food-cupboard/all?department=Noodle%20Pots%20%26%20Instant%20Snack%20Meals&viewAll=department&page=,£0.85,£0.71/100g,,,/groceries/en-GB/products/297132280,https://digitalcontent.api.tesco.com/v2/media/ghs/3ed5aaac-3b78-4fe8-a1da-db856241469e/e198e2c6-b8c8-4ecb-9161-33f108b79161_349768026.jpeg?h=225&w=225,
297132320,Tesco Mushroom & Croutons Soup In A Mug 5 Pack 130G,https://www.tesco.com/groceries/en-GB/shop/food-cupboard/all?department=Noodle%20Pots%20%26%20Instant%20Snack%20Meals&viewAll=department&page=,£0.85,£0.65/100g,,,/groceries/en-GB/products/297132320,https://digitalcontent.api.tesco.com/v2/media/ghs/89951256-a491-4001-9027-724da251ea12/f80c9546-9a02-487f-bb01-27c94bfef783_952065526.jpeg?h=225&w=225,
297132160,Tesco Sweet & Spicy Noodle Soup In A Mug 5 Pack 115G,https://www.tesco.com/groceries/en-GB/shop/food-cupboard/all?department=Noodle%20Pots%20%26%20Instant%20Snack%20Meals&viewAll=department&page=,£0.85,£0.74/100g,,,/groceries/en-GB/products/297132160,https://digitalcontent.api.tesco.com/v2/media/ghs/308164f6-7c6a-42e9-8e94-755f99899b9d/5447805e-edb4-4fb7-99ea-6fd93ba86679_1767674011.jpeg?h=225&w=225,
301051732,Naked Noodle Singapore Noodle Pot 104G,https://www.tesco.com/groceries/en-GB/shop/food-cupboard/all?department=Noodle%20Pots%20%26%20Instant%20Snack%20Meals&viewAll=department&page=,£0.99,£9.52/kg,,,/groceries/en-GB/products/301051732,https://digitalcontent.api.tesco.com/v2/media/ghs/e779eb50-cd6f-49db-b050-9c8ab30dcc19/62dfa582-e756-4e76-a902-d44967a8e063_1298315221.jpeg?h=225&w=225,
303646521,Batchelors Super Noodles Chilli Chicken Low Fat 81G,https://www.tesco.com/groceries/en-GB/shop/food-cupboard/all?department=Noodle%20Pots%20%26%20Instant%20Snack%20Meals&viewAll=department&page=,£0.80,£9.88/kg,,,/groceries/en-GB/products/303646521,https://digitalcontent.api.tesco.com/v2/media/ghs/81c9da10-9c98-48c0-9c1f-fa9d699f21a7/43111661-1900-42ef-aa62-8360e54d4caf_1631257111.jpeg?h=225&w=225,
303671882,Batchelors Curry Low Fat Super Noodles 81G,https://www.tesco.com/groceries/en-GB/shop/food-cupboard/all?department=Noodle%20Pots%20%26%20Instant%20Snack%20Meals&viewAll=department&page=,£0.80,£9.88/kg,,,/groceries/en-GB/products/303671882,https://digitalcontent.api.tesco.com/v2/media/ghs/1963d5df-fee3-454a-b9df-42087e19ad9c/f89f3e5a-c841-4021-9844-88a42f6c357f_516635226.jpeg?h=225&w=225,
308114976,Batchelors Cup A Soup Thai Chicken Lemongrass 4 Sachets 88G,https://www.tesco.com/groceries/en-GB/shop/food-cupboard/all?department=Noodle%20Pots%20%26%20Instant%20Snack%20Meals&viewAll=department&page=,£1.09,£1.24/100g,Any 3 for £2.50 Clubcard Price - Selected Batchelors Cup A Soup 50g-122g,,/groceries/en-GB/products/308114976,https://digitalcontent.api.tesco.com/v2/media/ghs/08226ce4-0859-4cd4-b58d-4551a08ee37b/5aa738f0-1423-4103-b78b-4249758c4a67_1969023823.jpeg?h=225&w=225,
284590136,Tesco Tomato And Herb Pasta And Sauce 120G,https://www.tesco.com/groceries/en-GB/shop/food-cupboard/all?department=Noodle%20Pots%20%26%20Instant%20Snack%20Meals&viewAll=department&page=,£0.60,£5.00/kg,,,/groceries/en-GB/products/284590136,https://digitalcontent.api.tesco.com/v2/media/ghs/cf176101-30b9-47aa-aa47-4fa38e0d7ee8/cb6b5c11-656e-4762-a5bf-5827ab017d88_1166017924.jpeg?h=225&w=225,
266376337,Tesco Macaroni Cheese Pasta And Sauce 120G,https://www.tesco.com/groceries/en-GB/shop/food-cupboard/all?department=Noodle%20Pots%20%26%20Instant%20Snack%20Meals&viewAll=department&page=,£0.60,£5.00/kg,,,/groceries/en-GB/products/266376337,https://digitalcontent.api.tesco.com/v2/media/ghs/6a1d46f5-8e96-4dcb-abed-5bc32f31e5fc/e9d6ec4c-1f28-48e3-a365-4297e5803576_190776323.jpeg?h=225&w=225,
258841951,Tesco Pasta In Sauce Chicken & Mushroom 120G,https://www.tesco.com/groceries/en-GB/shop/food-cupboard/all?department=Noodle%20Pots%20%26%20Instant%20Snack%20Meals&viewAll=department&page=,£0.60,£5.00/kg,,,/groceries/en-GB/products/258841951,https://digitalcontent.api.tesco.com/v2/media/ghs/343eb160-321a-4277-9eac-51f1f28663bf/61d0d27e-45e3-4596-b09b-e6b605e4f169_1005578777.jpeg?h=225&w=225,
306930525,Batchelors Pasta & Sauce Low Fat Tomato Onion & Herb 99G,https://www.tesco.com/groceries/en-GB/shop/food-cupboard/all?department=Noodle%20Pots%20%26%20Instant%20Snack%20Meals&viewAll=department&page=,£0.80,£8.09/kg,,,/groceries/en-GB/products/306930525,https://digitalcontent.api.tesco.com/v2/media/ghs/6037e310-b296-4d12-9976-d20d5f8c2755/d162f83d-448c-4934-83ab-79fba55e813c_878715073.jpeg?h=225&w=225,
297132222,Tesco Roast Chicken Soup In A Mug 5 Pack (5X26) 130G,https://www.tesco.com/groceries/en-GB/shop/food-cupboard/all?department=Noodle%20Pots%20%26%20Instant%20Snack%20Meals&viewAll=department&page=,£0.85,£0.65/100g,,,/groceries/en-GB/products/297132222,https://digitalcontent.api.tesco.com/v2/media/ghs/87db2138-3586-4b26-8f23-5c0cab911bb0/7dbc7d4c-c16d-49fa-a552-7c1e01bf43fb_839462847.jpeg?h=225&w=225,
303671801,Batchelors Super Rice Beef Quick Cook 90G,https://www.tesco.com/groceries/en-GB/shop/food-cupboard/all?department=Noodle%20Pots%20%26%20Instant%20Snack%20Meals&viewAll=department&page=,£0.95,£10.56/kg,,,/groceries/en-GB/products/303671801,https://digitalcontent.api.tesco.com/v2/media/ghs/1e7d5f18-9c7d-4287-860a-a5f4f4a301da/86c9fd7b-b8e5-4079-bd0f-5cf38fdd9c36_166783153.jpeg?h=225&w=225,
300455969,Hearty Food Co Pasta In Tomato & Onion Sauce 110G,https://www.tesco.com/groceries/en-GB/shop/food-cupboard/all?department=Noodle%20Pots%20%26%20Instant%20Snack%20Meals&viewAll=department&page=,£0.40,£3.64/kg,,,/groceries/en-GB/products/300455969,https://digitalcontent.api.tesco.com/v2/media/ghs/56b176df-878a-44fe-833a-9dee2d52a798/22591417-c330-4762-92ac-077358492a63_7642330.jpeg?h=225&w=225,
262331092,John West Light Lunch Mediterranean 220G,https://www.tesco.com/groceries/en-GB/shop/food-cupboard/all?department=Noodle%20Pots%20%26%20Instant%20Snack%20Meals&viewAll=department&page=,£2.49,£1.14/100g,Aldi Price Match,,/groceries/en-GB/products/262331092,https://digitalcontent.api.tesco.com/v2/media/ghs/49bb2284-2568-4d2f-ba76-d4b1139caa51/2362250b-2d68-41e3-801d-d10eab270cce_1783372891.jpeg?h=225&w=225,
260461038,John West Light Lunch French Style 220,https://www.tesco.com/groceries/en-GB/shop/food-cupboard/all?department=Noodle%20Pots%20%26%20Instant%20Snack%20Meals&viewAll=department&page=,£2.49,£1.14/100g,Aldi Price Match,,/groceries/en-GB/products/260461038,https://digitalcontent.api.tesco.com/v2/media/ghs/7b294c58-6914-42db-957c-4836448e1f17/a557306e-7e67-429f-91e3-26fb62c0335f_1389775743.jpeg?h=225&w=225,
276616460,John West Tuna Mexican Light Lunch 220G,https://www.tesco.com/groceries/en-GB/shop/food-cupboard/all?department=Noodle%20Pots%20%26%20Instant%20Snack%20Meals&viewAll=department&page=,£2.49,£1.14/100g,Aldi Price Match,,/groceries/en-GB/products/276616460,https://digitalcontent.api.tesco.com/v2/media/ghs/9b8911af-7c07-40c3-a1c5-ba50f8a62bb1/5e3ffd35-4637-407d-a151-74570fc0932c_393830621.jpeg?h=225&w=225,
276616293,John West Tuna Italian Light Lunch 220G,https://www.tesco.com/groceries/en-GB/shop/food-cupboard/all?department=Noodle%20Pots%20%26%20Instant%20Snack%20Meals&viewAll=department&page=,£2.49,£1.14/100g,,,/groceries/en-GB/products/276616293,https://digitalcontent.api.tesco.com/v2/media/ghs/95e7c47a-d7da-4de0-9bb7-1993692132dc/dc1a4e41-e672-49b6-8909-1182fda71aac_560068489.jpeg?h=225&w=225,
308093757,Wicked Kitchen Sweet Potato & 3 Bean Chilli 300G,https://www.tesco.com/groceries/en-GB/shop/food-cupboard/all?department=Noodle%20Pots%20%26%20Instant%20Snack%20Meals&viewAll=department&page=,£2.10,£7.00/kg,,,/groceries/en-GB/products/308093757,https://digitalcontent.api.tesco.com/v2/media/ghs/fc006d6d-a23d-4e97-b5eb-b469854ff180/95d5dd3d-3944-478b-b76f-406fd1141bca_1673362535.jpeg?h=225&w=225,
308112892,Wicked Kitchen Vegatable Paella 300G,https://www.tesco.com/groceries/en-GB/shop/food-cupboard/all?department=Noodle%20Pots%20%26%20Instant%20Snack%20Meals&viewAll=department&page=,£2.10,£7.00/kg,,,/groceries/en-GB/products/308112892,https://digitalcontent.api.tesco.com/v2/media/ghs/b5f6c6df-ca10-4b9d-aeeb-8f9a67bcf059/700ae7ce-66d7-41ae-a03b-521890282e65_2098337228.jpeg?h=225&w=225,
289707603,Ainsley Harriott Thai Chicken & Lemon Grass 3 Pack 69G,https://www.tesco.com/groceries/en-GB/shop/food-cupboard/all?department=Noodle%20Pots%20%26%20Instant%20Snack%20Meals&viewAll=department&page=,£1.20,£1.74/100g,,,/groceries/en-GB/products/289707603,https://digitalcontent.api.tesco.com/v2/media/ghs/84f0b35b-f1ab-4d81-9d4e-e058bd94de64/186aaa6c-efe6-4790-ade5-dac9b44b977a_908879249.jpeg?h=225&w=225,
289707626,Ainsley Harriott Hot & Sour Soup 3 Pack 60G,https://www.tesco.com/groceries/en-GB/shop/food-cupboard/all?department=Noodle%20Pots%20%26%20Instant%20Snack%20Meals&viewAll=department&page=,£1.20,£2.00/100g,,,/groceries/en-GB/products/289707626,https://digitalcontent.api.tesco.com/v2/media/ghs/ecf4b6ea-dd58-4db9-b234-82535d37894e/0feb76d2-c7ee-45e2-8735-021a200dd7a2_1329148768.jpeg?h=225&w=225,
257550162,Vesta Chow Mein 152G,https://www.tesco.com/groceries/en-GB/shop/food-cupboard/all?department=Noodle%20Pots%20%26%20Instant%20Snack%20Meals&viewAll=department&page=,£1.75,£11.52/kg,,,/groceries/en-GB/products/257550162,https://digitalcontent.api.tesco.com/v2/media/ghs/b6c8fc51-cceb-4784-b7bf-d5cd4c49b8e4/8e86ce62-392c-4b92-bc21-b1d4f280256b_1947597074.jpeg?h=225&w=225,
307159008,Naked Free From Katsu Curry Long Grain Rice 78G,https://www.tesco.com/groceries/en-GB/shop/food-cupboard/all?department=Noodle%20Pots%20%26%20Instant%20Snack%20Meals&viewAll=department&page=,£1.30,£16.67/kg,,,/groceries/en-GB/products/307159008,https://digitalcontent.api.tesco.com/v2/media/ghs/305a5077-639a-4747-ae47-64186743f253/72107a8a-c868-4a6a-8704-9c9b8ee32b86_1147562317.jpeg?h=225&w=225,
301373057,Nissin Cup Noodles Kaisen Seafood 75G,https://www.tesco.com/groceries/en-GB/shop/food-cupboard/all?department=Noodle%20Pots%20%26%20Instant%20Snack%20Meals&viewAll=department&page=,£1.50,£20.00/kg,,,/groceries/en-GB/products/301373057,https://digitalcontent.api.tesco.com/v2/media/ghs/0277af21-dc7e-4ebb-a25c-4b7ada93e59c/daf33e7b-146b-4e0c-bdac-4660b38061ef_407277407.jpeg?h=225&w=225,
301064423,Itsu Miso'easy Traditional Miso 5X21g,https://www.tesco.com/groceries/en-GB/shop/food-cupboard/all?department=Noodle%20Pots%20%26%20Instant%20Snack%20Meals&viewAll=department&page=,£2.00,£1.91/100g,£1.50 Clubcard Price,,/groceries/en-GB/products/301064423,https://digitalcontent.api.tesco.com/v2/media/ghs/e513adc1-47d9-408f-95b6-d3ba193bdddd/6141eed9-1546-447b-9803-ee49a4fa73f3_1413378615.jpeg?h=225&w=225,
268691070,Mugshot Chinese Noodle 45G,https://www.tesco.com/groceries/en-GB/shop/food-cupboard/all?department=Noodle%20Pots%20%26%20Instant%20Snack%20Meals&viewAll=department&page=,£0.80,£17.78/kg,,,/groceries/en-GB/products/268691070,https://digitalcontent.api.tesco.com/v2/media/ghs/85b8161f-95a2-4406-972e-b3ef853f296f/44b25514-caf7-4f71-a7d3-2077f2f45e97_1899084366.jpeg?h=225&w=225,
302287359,Nissin Cup Ndle Teriyaki Chicken Flavour 70G,https://www.tesco.com/groceries/en-GB/shop/food-cupboard/all?department=Noodle%20Pots%20%26%20Instant%20Snack%20Meals&viewAll=department&page=,£1.50,£21.43/kg,,,/groceries/en-GB/products/302287359,https://digitalcontent.api.tesco.com/v2/media/ghs/cbb52765-cf0c-41a4-8864-2dedd990e1d4/0f45ef48-e889-41ae-8f72-cc69ab5d6afc_1001184485.jpeg?h=225&w=225,
308107236,Tesco Sausage Casserole 300G,https://www.tesco.com/groceries/en-GB/shop/food-cupboard/all?department=Noodle%20Pots%20%26%20Instant%20Snack%20Meals&viewAll=department&page=,£1.60,£5.34/kg,,,/groceries/en-GB/products/308107236,https://digitalcontent.api.tesco.com/v2/media/ghs/6605bcc2-a3d2-4459-980a-db858a7540c6/14ed7849-4b76-40d0-876d-0ce10229a1ab_32011116.jpeg?h=225&w=225,
308110393,Tesco Chilli Con Carne 300G,https://www.tesco.com/groceries/en-GB/shop/food-cupboard/all?department=Noodle%20Pots%20%26%20Instant%20Snack%20Meals&viewAll=department&page=,£1.60,£5.34/kg,,,/groceries/en-GB/products/308110393,https://digitalcontent.api.tesco.com/v2/media/ghs/96293572-2b22-4c05-9599-f36920f01604/38ca105a-79f9-441f-baa8-e1dd181db2b2_1633067018.jpeg?h=225&w=225,
297242506,Mugshot Sweet Chilli Noodles 60G,https://www.tesco.com/groceries/en-GB/shop/food-cupboard/all?department=Noodle%20Pots%20%26%20Instant%20Snack%20Meals&viewAll=department&page=,£0.80,£1.34/100g,,,/groceries/en-GB/products/297242506,https://digitalcontent.api.tesco.com/v2/media/ghs/d154dff5-3902-408a-896e-c60dc30f0265/85995157-24f6-4d34-9688-53a9b67820ac_384430203.jpeg?h=225&w=225,
311782928,Pot Pasta King Creamy Carbonara 69G,https://www.tesco.com/groceries/en-GB/shop/food-cupboard/all?department=Noodle%20Pots%20%26%20Instant%20Snack%20Meals&viewAll=department&page=,£1.00,£14.50/kg,,,/groceries/en-GB/products/311782928,https://digitalcontent.api.tesco.com/v2/media/ghs/55a4aef4-51aa-4b22-82ef-f61ff930988d/1ae1552c-306c-4f27-a07e-e6a9759120f7_550711251.jpeg?h=225&w=225,
307364934,Naked Free From Thai Green Curry Rice 78G,https://www.tesco.com/groceries/en-GB/shop/food-cupboard/all?department=Noodle%20Pots%20%26%20Instant%20Snack%20Meals&viewAll=department&page=,£1.30,£1.67/100g,,,/groceries/en-GB/products/307364934,https://digitalcontent.api.tesco.com/v2/media/ghs/29cb2be3-f85b-4648-8ac1-a7683dc43b55/1e441ceb-19b1-4962-abcc-20f18340ea95_1874413219.jpeg?h=225&w=225,
300497223,Naked Rice Szechuan Sweet & Spicy Pot 78G,https://www.tesco.com/groceries/en-GB/shop/food-cupboard/all?department=Noodle%20Pots%20%26%20Instant%20Snack%20Meals&viewAll=department&page=,£1.00,£12.83/kg,,,/groceries/en-GB/products/300497223,https://digitalcontent.api.tesco.com/v2/media/ghs/5b23f8d8-4012-4e91-963e-b061d40e05a5/17bfd7cd-1d12-4a60-bec8-778946ad7c30_1716256011.jpeg?h=225&w=225,
287966483,Heinz Tomato & Basil Cup Soup 88G,https://www.tesco.com/groceries/en-GB/shop/food-cupboard/all?department=Noodle%20Pots%20%26%20Instant%20Snack%20Meals&viewAll=department&page=,£1.00,£1.14/100g,,,/groceries/en-GB/products/287966483,https://digitalcontent.api.tesco.com/v2/media/ghs/70076673-a8cf-49fa-9eda-03b576dcd6ca/19ad104b-70db-45c7-9935-506a95f1b320_596011641.jpeg?h=225&w=225,
284478495,Heinz Cream Of Chicken Cup Soup 68G,https://www.tesco.com/groceries/en-GB/shop/food-cupboard/all?department=Noodle%20Pots%20%26%20Instant%20Snack%20Meals&viewAll=department&page=,£1.00,£1.48/100g,,,/groceries/en-GB/products/284478495,https://digitalcontent.api.tesco.com/v2/media/ghs/0ce17dfa-ad29-4cbe-9100-ecb903d6b5a5/11a8946f-c5bf-478d-bc25-8129881a03f6_269997853.jpeg?h=225&w=225,
308109999,Tesco Cottage Pie With Root Vegetable Mash 300G,https://www.tesco.com/groceries/en-GB/shop/food-cupboard/all?department=Noodle%20Pots%20%26%20Instant%20Snack%20Meals&viewAll=department&page=,£1.60,£5.34/kg,,,/groceries/en-GB/products/308109999,https://digitalcontent.api.tesco.com/v2/media/ghs/848957ce-982d-4807-ac7d-3da6e2c63c19/b0fa743d-71af-4363-9933-35cf12f9f1c2_1588832303.jpeg?h=225&w=225,
287966385,Heinz Minestrone Dry Cup Soup 72G,https://www.tesco.com/groceries/en-GB/shop/food-cupboard/all?department=Noodle%20Pots%20%26%20Instant%20Snack%20Meals&viewAll=department&page=,£1.00,£1.39/100g,,,/groceries/en-GB/products/287966385,https://digitalcontent.api.tesco.com/v2/media/ghs/b2efc251-b7f4-4fed-98fd-00c9007fea6e/57076b31-1f2a-46f4-83d1-1a01b07394dc_114838382.jpeg?h=225&w=225,
308105964,Tesco Chicken Casserole 300G,https://www.tesco.com/groceries/en-GB/shop/food-cupboard/all?department=Noodle%20Pots%20%26%20Instant%20Snack%20Meals&viewAll=department&page=,£1.60,£5.34/kg,,,/groceries/en-GB/products/308105964,https://digitalcontent.api.tesco.com/v2/media/ghs/fbc5504e-76a6-4afd-8fb8-e59f72b69ea5/c2273b8d-7597-4da6-8fc4-786448e452de_1263750348.jpeg?h=225&w=225,
307151437,Naked Chicken Yakisoba Noodles 100G,https://www.tesco.com/groceries/en-GB/shop/food-cupboard/all?department=Noodle%20Pots%20%26%20Instant%20Snack%20Meals&viewAll=department&page=,£1.10,£11.00/kg,,,/groceries/en-GB/products/307151437,https://digitalcontent.api.tesco.com/v2/media/ghs/3b2a2651-476c-4ac4-84a5-3b06eb00761f/62c3a418-99f3-48f1-9f71-c193f7e48e27_2117216770.jpeg?h=225&w=225,
278195377,Mugshot Bbq Beef 56G,https://www.tesco.com/groceries/en-GB/shop/food-cupboard/all?department=Noodle%20Pots%20%26%20Instant%20Snack%20Meals&viewAll=department&page=,£0.80,£14.29/kg,,,/groceries/en-GB/products/278195377,https://digitalcontent.api.tesco.com/v2/media/ghs/2952434a-0890-4836-a096-a748e75effe4/66a29c11-4fe0-448e-8988-f3f87e44a064_1608426025.jpeg?h=225&w=225,
306947886,Nissin Cup Noodles Katsu Curry 73G,https://www.tesco.com/groceries/en-GB/shop/food-cupboard/all?department=Noodle%20Pots%20%26%20Instant%20Snack%20Meals&viewAll=department&page=,£1.50,£20.55/kg,,,/groceries/en-GB/products/306947886,https://digitalcontent.api.tesco.com/v2/media/ghs/9323de9b-2d30-4991-bedd-c2ab2d99f0d1/69c666eb-5063-4076-a104-6d1841c4ba8a_2117725203.jpeg?h=225&w=225,
301051778,Naked Noodle Panang Fiery Chicken Noodle Pot 104G,https://www.tesco.com/groceries/en-GB/shop/food-cupboard/all?department=Noodle%20Pots%20%26%20Instant%20Snack%20Meals&viewAll=department&page=,£0.99,£9.52/kg,Aldi Price Match,,/groceries/en-GB/products/301051778,https://digitalcontent.api.tesco.com/v2/media/ghs/4cb69f0a-b088-4933-bd5c-4f641250459a/da61eb20-e234-48b6-baec-2f9b82ffbb21_858920978.jpeg?h=225&w=225,
297172738,Nissin Soba Cup Sukiyaki Beef 89G,https://www.tesco.com/groceries/en-GB/shop/food-cupboard/all?department=Noodle%20Pots%20%26%20Instant%20Snack%20Meals&viewAll=department&page=,£1.55,£17.42/kg,,,/groceries/en-GB/products/297172738,https://digitalcontent.api.tesco.com/v2/media/ghs/20b27a60-9077-4ef0-b966-eddc76f369ae/4561b590-e481-4642-94a4-81031c3b3570_2098853539.jpeg?h=225&w=225,
303646008,Nissin Soba Cup Peking Duck 87G,https://www.tesco.com/groceries/en-GB/shop/food-cupboard/all?department=Noodle%20Pots%20%26%20Instant%20Snack%20Meals&viewAll=department&page=,£1.55,£17.82/kg,,,/groceries/en-GB/products/303646008,https://digitalcontent.api.tesco.com/v2/media/ghs/95902e0f-a6d4-4bb7-adb4-9e169f290442/3d6de833-fbd1-4db4-959d-21f863fbf1a5_2133574161.jpeg?h=225&w=225,
297172519,Batchelors Pasta & Sauce Chicken & Mushroom 65G,https://www.tesco.com/groceries/en-GB/shop/food-cupboard/all?department=Noodle%20Pots%20%26%20Instant%20Snack%20Meals&viewAll=department&page=,£1.00,£1.54/100g,,,/groceries/en-GB/products/297172519,https://digitalcontent.api.tesco.com/v2/media/ghs/c4ee59d2-6533-4982-9262-6f87e358f5ea/0b0e8667-018f-4788-8b50-47570552dd96_1199720934.jpeg?h=225&w=225,
311937205,Pot Pasta King Bolognese 73G,https://www.tesco.com/groceries/en-GB/shop/food-cupboard/all?department=Noodle%20Pots%20%26%20Instant%20Snack%20Meals&viewAll=department&page=,£1.00,£13.70/kg,,,/groceries/en-GB/products/311937205,https://digitalcontent.api.tesco.com/v2/media/ghs/9b84aa5a-0d47-4a73-b2a5-9f68c1403917/f53bbafb-92c2-4fba-ad1d-580e1f9a187f_283199619.jpeg?h=225&w=225,
297172531,Batchelors Pasta & Sauce Macaroni & Cheese 65G,https://www.tesco.com/groceries/en-GB/shop/food-cupboard/all?department=Noodle%20Pots%20%26%20Instant%20Snack%20Meals&viewAll=department&page=,£1.00,£15.39/kg,,,/groceries/en-GB/products/297172531,https://digitalcontent.api.tesco.com/v2/media/ghs/29cc9bfd-ca42-449e-833e-dec7a99e4514/b85e944f-7cb0-495f-9bca-05def7fe5ac6_988227371.jpeg?h=225&w=225,
312107607,Kabuto Noodles Chicken Ramen 65G,https://www.tesco.com/groceries/en-GB/shop/food-cupboard/all?department=Noodle%20Pots%20%26%20Instant%20Snack%20Meals&viewAll=department&page=,£1.65,£2.54/100g,£1.00 Clubcard Price,,/groceries/en-GB/products/312107607,https://digitalcontent.api.tesco.com/v2/media/ghs/22209941-b63d-4557-93eb-845ecf021490/2f0f83b5-9d2c-4c2e-83aa-9557c7c65313_400786163.jpeg?h=225&w=225,
297132308,Tesco Minestrone & Croutons Soup In A Mug 5 Pack 115G,https://www.tesco.com/groceries/en-GB/shop/food-cupboard/all?department=Noodle%20Pots%20%26%20Instant%20Snack%20Meals&viewAll=department&page=,£0.85,£0.74/100g,,,/groceries/en-GB/products/297132308,https://digitalcontent.api.tesco.com/v2/media/ghs/57a9b9eb-e510-48a3-923a-407ebf4971f7/e97c90c7-c0eb-4c71-81a3-035e3208f040_2011528712.jpeg?h=225&w=225,
309745377,Batchelors Pasta & Sauce Macaroni & Cheese Bacon 85G,https://www.tesco.com/groceries/en-GB/shop/food-cupboard/all?department=Noodle%20Pots%20%26%20Instant%20Snack%20Meals&viewAll=department&page=,£0.90,£10.59/kg,,,/groceries/en-GB/products/309745377,https://digitalcontent.api.tesco.com/v2/media/ghs/8b4a3ed6-ba2a-47d2-afc1-b0024a1dc814/839c188c-ee1b-494f-9c48-ac5ae8561305_568776163.jpeg?h=225&w=225,
303605490,Mug Shot On The Go Tomato Red Pepper & Herb 68G,https://www.tesco.com/groceries/en-GB/shop/food-cupboard/all?department=Noodle%20Pots%20%26%20Instant%20Snack%20Meals&viewAll=department&page=,£0.70,£10.30/kg,,,/groceries/en-GB/products/303605490,https://digitalcontent.api.tesco.com/v2/media/ghs/6722134b-0563-40f7-9ab1-0f269a2e2f62/3c6fc59c-fdde-47ff-8f19-d4d0f657f165_427175989.jpeg?h=225&w=225,
306931490,Batchelors Big Super Noodles Bbq Beef Flavoured 100G,https://www.tesco.com/groceries/en-GB/shop/food-cupboard/all?department=Noodle%20Pots%20%26%20Instant%20Snack%20Meals&viewAll=department&page=,£0.90,£9.00/kg,,,/groceries/en-GB/products/306931490,https://digitalcontent.api.tesco.com/v2/media/ghs/8fbe67c0-6254-4dba-a31f-7c865ebe9f6c/95196b92-8869-4972-803f-bbfc8537a9b4_788117689.jpeg?h=225&w=225,
308083959,Batchelors Cup A Soup Szechuan 4 Sachets 92G,https://www.tesco.com/groceries/en-GB/shop/food-cupboard/all?department=Noodle%20Pots%20%26%20Instant%20Snack%20Meals&viewAll=department&page=,£1.09,£1.19/100g,Any 3 for £2.50 Clubcard Price - Selected Batchelors Cup A Soup 50g-122g,,/groceries/en-GB/products/308083959,https://digitalcontent.api.tesco.com/v2/media/ghs/30b8ae3a-e244-48f1-92f6-32fb247f7dc3/b4df838a-e70a-4408-b54a-69b90623a929_1191149466.jpeg?h=225&w=225,
309462573,Batchelors Pasta & Sauce Shapes Cheese & Tomato 99G,https://www.tesco.com/groceries/en-GB/shop/food-cupboard/all?department=Noodle%20Pots%20%26%20Instant%20Snack%20Meals&viewAll=department&page=,£0.80,£8.09/kg,,,/groceries/en-GB/products/309462573,https://digitalcontent.api.tesco.com/v2/media/ghs/50bbe0f5-c535-4c35-b837-4b0e4d64d0f6/9d414b3d-eec2-421b-a5c9-a60c8d1e7f57_1067054901.jpeg?h=225&w=225,
312095830,Pot Noodle Lost The Pot Chip Shop Curry Flavour 85G,https://www.tesco.com/groceries/en-GB/shop/food-cupboard/all?department=Noodle%20Pots%20%26%20Instant%20Snack%20Meals&viewAll=department&page=,£0.60,£7.06/kg,,,/groceries/en-GB/products/312095830,https://digitalcontent.api.tesco.com/v2/media/ghs/08c9f852-d8e3-4619-8d28-77112f25fc5d/3e0dd250-9b33-40eb-bc7b-f6d6e0eb6ded_1783506285.jpeg?h=225&w=225,
312097033,Pot Noodle Lost The Pot Smokin' Bbq Flavour 85G,https://www.tesco.com/groceries/en-GB/shop/food-cupboard/all?department=Noodle%20Pots%20%26%20Instant%20Snack%20Meals&viewAll=department&page=,£0.60,£7.06/kg,,,/groceries/en-GB/products/312097033,https://digitalcontent.api.tesco.com/v2/media/ghs/3b7e1aed-0103-4a0d-a31a-2d06affcb2bb/1bc5649c-767b-4afe-a6fc-8d2230b2baf5_1964363787.jpeg?h=225&w=225,
310695935,John West Honey & Ginger Super Tuna Salad 220G,https://www.tesco.com/groceries/en-GB/shop/food-cupboard/all?department=Noodle%20Pots%20%26%20Instant%20Snack%20Meals&viewAll=department&page=,£2.50,£11.37/kg,£2.00 Clubcard Price,,/groceries/en-GB/products/310695935,https://digitalcontent.api.tesco.com/v2/media/ghs/5ebdc07d-0ec9-4272-89c2-4e9ffb6b748c/998f3e4c-6b08-476b-a8af-565d37842496_427165592.jpeg?h=225&w=225,
310656239,John West Spiced Harissa Super Tuna Salad 220G,https://www.tesco.com/groceries/en-GB/shop/food-cupboard/all?department=Noodle%20Pots%20%26%20Instant%20Snack%20Meals&viewAll=department&page=,£2.50,£11.37/kg,£2.00 Clubcard Price,,/groceries/en-GB/products/310656239,https://digitalcontent.api.tesco.com/v2/media/ghs/8aa14792-b193-4b6b-aabd-a49cc654d221/d8a2edf5-0aa5-4b04-b79d-8667b96d865f_483762766.jpeg?h=225&w=225,
308114249,Wicked Kitchen Tuscan Style White Bean Stew 300G,https://www.tesco.com/groceries/en-GB/shop/food-cupboard/all?department=Noodle%20Pots%20%26%20Instant%20Snack%20Meals&viewAll=department&page=,£2.10,£7.00/kg,,,/groceries/en-GB/products/308114249,https://digitalcontent.api.tesco.com/v2/media/ghs/7d35b6c3-ce78-4aac-a4da-30694580f67d/ca3c310e-505a-4a92-a1e2-48dcda1f4653_1663243163.jpeg?h=225&w=225,
308080093,Wicked Kitchen Jackfruit Dhal & Tumeric Rice 300G,https://www.tesco.com/groceries/en-GB/shop/food-cupboard/all?department=Noodle%20Pots%20%26%20Instant%20Snack%20Meals&viewAll=department&page=,£2.10,£7.00/kg,,,/groceries/en-GB/products/308080093,https://digitalcontent.api.tesco.com/v2/media/ghs/1c791939-76bc-47b2-ad86-98b46a331a78/e58c133d-e3e3-4b16-93ec-0d5262c64b03_357219519.jpeg?h=225&w=225,
308110214,Wicked Kitchen Beautiful Bourguignon 300G,https://www.tesco.com/groceries/en-GB/shop/food-cupboard/all?department=Noodle%20Pots%20%26%20Instant%20Snack%20Meals&viewAll=department&page=,£2.10,£7.00/kg,,,/groceries/en-GB/products/308110214,https://digitalcontent.api.tesco.com/v2/media/ghs/cfa150b5-485b-4ab8-99ed-95d46d8d868c/c36765a6-15c4-4419-af28-268f3aeb3ba8_1590131195.jpeg?h=225&w=225,
311217847,Veetee Plants & Rice Smokey Chipotle Non Carne 280G,https://www.tesco.com/groceries/en-GB/shop/food-cupboard/all?department=Noodle%20Pots%20%26%20Instant%20Snack%20Meals&viewAll=department&page=,£2.00,£7.15/kg,,,/groceries/en-GB/products/311217847,https://digitalcontent.api.tesco.com/v2/media/ghs/ac93ac29-07af-4ddb-aab1-1df8dca49f48/cbcc3020-aa0d-4f0c-a7ad-55da82b62866_1693133873.jpeg?h=225&w=225,
311958399,John West On The Go Thai Tuna Noodle Pot 118G,https://www.tesco.com/groceries/en-GB/shop/food-cupboard/all?department=Noodle%20Pots%20%26%20Instant%20Snack%20Meals&viewAll=department&page=,£1.95,£16.53/kg,,,/groceries/en-GB/products/311958399,https://digitalcontent.api.tesco.com/v2/media/ghs/23963473-84ad-43a8-9999-4535841b22db/24b797ee-5287-42ce-9b67-7171fde003fe_1170773871.jpeg?h=225&w=225,
311793719,John West On The Go Mediterranean Tuna Couscous Pot 120G,https://www.tesco.com/groceries/en-GB/shop/food-cupboard/all?department=Noodle%20Pots%20%26%20Instant%20Snack%20Meals&viewAll=department&page=,£1.95,£16.25/kg,,,/groceries/en-GB/products/311793719,https://digitalcontent.api.tesco.com/v2/media/ghs/75d3c322-08d1-4b21-a2f0-d7f776824833/5ddacbd5-e788-49d5-bbaf-c4b08420ea48_846577982.jpeg?h=225&w=225,
311779449,John West On The Go Moroccan Style Tuna Salad 220G,https://www.tesco.com/groceries/en-GB/shop/food-cupboard/all?department=Noodle%20Pots%20%26%20Instant%20Snack%20Meals&viewAll=department&page=,£2.49,£11.32/kg,,,/groceries/en-GB/products/311779449,https://digitalcontent.api.tesco.com/v2/media/ghs/df657eab-1048-4290-bd83-fe118fd84e9d/1ca46f42-aff2-4ef6-a596-8b8beaa2dbe9_1451882878.jpeg?h=225&w=225,
301064400,Itsu Miso'easy Chilli Miso 3X20g,https://www.tesco.com/groceries/en-GB/shop/food-cupboard/all?department=Noodle%20Pots%20%26%20Instant%20Snack%20Meals&viewAll=department&page=,£2.00,£3.34/100g,£1.50 Clubcard Price,,/groceries/en-GB/products/301064400,https://digitalcontent.api.tesco.com/v2/media/ghs/3b78efdd-a9fa-4dd6-8e37-32a82bd65365/44bdc7f8-b7ae-472f-85df-cfa7e9f75e14_1223313901.jpeg?h=225&w=225,
307149493,Naked Singapore Style Curry Noodles 100G,https://www.tesco.com/groceries/en-GB/shop/food-cupboard/all?department=Noodle%20Pots%20%26%20Instant%20Snack%20Meals&viewAll=department&page=,£1.10,£11.00/kg,,,/groceries/en-GB/products/307149493,https://digitalcontent.api.tesco.com/v2/media/ghs/98b9722a-af8e-41f9-9fa0-8936e33045bb/4b7ade12-399b-41ca-bc3d-37122e18b8e2_1575973611.jpeg?h=225&w=225,
307349158,Wicked Kitchen Late Night Noodles 90G,https://www.tesco.com/groceries/en-GB/shop/food-cupboard/all?department=Noodle%20Pots%20%26%20Instant%20Snack%20Meals&viewAll=department&page=,£1.30,£14.45/kg,,,/groceries/en-GB/products/307349158,https://digitalcontent.api.tesco.com/v2/media/ghs/9b67624f-a18f-4592-ba4d-5a2e2c1d2725/c673ed9d-0b8e-44bb-a513-b4918e666723_1908941838.jpeg?h=225&w=225,
307135532,Naked Korean Style Bbq Beef Noodles 100G,https://www.tesco.com/groceries/en-GB/shop/food-cupboard/all?department=Noodle%20Pots%20%26%20Instant%20Snack%20Meals&viewAll=department&page=,£1.10,£11.00/kg,,,/groceries/en-GB/products/307135532,https://digitalcontent.api.tesco.com/v2/media/ghs/e52a92ec-fc8c-4fc9-9424-0fd8a1e3f9a8/2588c16e-8737-4a3b-85f6-eba956a3e9fa_694151943.jpeg?h=225&w=225,
307363181,Wicked Kitchen Mac & Peas 80G 80G,https://www.tesco.com/groceries/en-GB/shop/food-cupboard/all?department=Noodle%20Pots%20%26%20Instant%20Snack%20Meals&viewAll=department&page=,£1.30,£16.25/kg,,,/groceries/en-GB/products/307363181,https://digitalcontent.api.tesco.com/v2/media/ghs/ab10f9c7-ad3d-496b-90c5-9ce38a14443e/c77ad90a-a496-4a13-bc41-9fcbf10390c0_667102023.jpeg?h=225&w=225,
307139089,Naked Korean Style Bbq Ramen Vegetable Pot 60G,https://www.tesco.com/groceries/en-GB/shop/food-cupboard/all?department=Noodle%20Pots%20%26%20Instant%20Snack%20Meals&viewAll=department&page=,£0.99,£16.50/kg,Aldi Price Match,,/groceries/en-GB/products/307139089,https://digitalcontent.api.tesco.com/v2/media/ghs/8150f434-1b7e-40ff-bcd5-db7492911834/c69f5f88-8a22-45da-b805-c5c829f95305_305217961.jpeg?h=225&w=225,
307155750,Naked Malaysian Rendang Curry Vegetable Pot 60G,https://www.tesco.com/groceries/en-GB/shop/food-cupboard/all?department=Noodle%20Pots%20%26%20Instant%20Snack%20Meals&viewAll=department&page=,£0.99,£16.50/kg,Aldi Price Match,,/groceries/en-GB/products/307155750,https://digitalcontent.api.tesco.com/v2/media/ghs/1affb4da-b564-4a33-902b-491c037e6d37/d1fc6894-8b0e-497d-8c52-203fed99cab4_1058513258.jpeg?h=225&w=225,
309784704,Batchelors Meat Free Rice & Chicken Curry 65G,https://www.tesco.com/groceries/en-GB/shop/food-cupboard/all?department=Noodle%20Pots%20%26%20Instant%20Snack%20Meals&viewAll=department&page=,£1.00,£15.39/kg,,,/groceries/en-GB/products/309784704,https://digitalcontent.api.tesco.com/v2/media/ghs/d514d7fd-7510-4eb3-a574-7f341a747f1f/fbd7edf0-601b-442e-8f00-b9872dfd35ab_1529980805.jpeg?h=225&w=225,
309781609,Batchelors Meat Free Sweet Chilli Chicken Noodles 65G,https://www.tesco.com/groceries/en-GB/shop/food-cupboard/all?department=Noodle%20Pots%20%26%20Instant%20Snack%20Meals&viewAll=department&page=,£1.00,£15.39/kg,,,/groceries/en-GB/products/309781609,https://digitalcontent.api.tesco.com/v2/media/ghs/a0b61a0d-ef59-4115-813b-8ec9f0f31059/4756ec0a-c758-4c55-b5b3-0ea2fc0385fb_1777490230.jpeg?h=225&w=225,
304380700,Wicked Kitchen Spicy Coconut & Rice Noodles 72G,https://www.tesco.com/groceries/en-GB/shop/food-cupboard/all?department=Noodle%20Pots%20%26%20Instant%20Snack%20Meals&viewAll=department&page=,£1.30,£18.06/kg,,,/groceries/en-GB/products/304380700,https://digitalcontent.api.tesco.com/v2/media/ghs/718a4ba2-365f-4dbc-a116-0b33aea82f1b/c47b3181-7e38-466f-b593-c3afd489c005_260246248.jpeg?h=225&w=225,
304391353,Wicked Kitchen Spicy Smoky Dreamy Mac 80G,https://www.tesco.com/groceries/en-GB/shop/food-cupboard/all?department=Noodle%20Pots%20%26%20Instant%20Snack%20Meals&viewAll=department&page=,£1.30,£16.25/kg,,,/groceries/en-GB/products/304391353,https://digitalcontent.api.tesco.com/v2/media/ghs/1e9ba662-a85b-425b-9098-9f033fc2f8f7/6bd23fbd-c95e-4ad3-bbd3-0f352b09962d_969435888.jpeg?h=225&w=225,
304393184,Wicked Kitchen Sweet Potato & Chilli Mac 80G,https://www.tesco.com/groceries/en-GB/shop/food-cupboard/all?department=Noodle%20Pots%20%26%20Instant%20Snack%20Meals&viewAll=department&page=,£1.30,£16.25/kg,,,/groceries/en-GB/products/304393184,https://digitalcontent.api.tesco.com/v2/media/ghs/db80958a-6cdd-4a66-9aae-53ba9438fbd8/d83fa530-d074-4893-9d43-c5d518a96f8c_1704189060.jpeg?h=225&w=225,
255209876,Filippo Berio Extra Virgin Olive Oil 500Ml,https://www.tesco.com/groceries/en-GB/shop/food-cupboard/all?department=Cooking%20Ingredients&viewAll=department&page=,£4.50,£0.90/100ml,,,/groceries/en-GB/products/255209876,https://digitalcontent.api.tesco.com/v2/media/ghs/9fa373b2-d10a-406d-ab51-a67642c6aeb1/a43f2191-2d5e-407c-a39b-83cfcd135de1_1125714459.jpeg?h=225&w=225,
312210021,Bisto Best Chicken Gravy 230G,https://www.tesco.com/groceries/en-GB/shop/food-cupboard/all?department=Cooking%20Ingredients&viewAll=department&page=,£2.95,£1.29/100g,£2.50 Clubcard Price,,/groceries/en-GB/products/312210021,https://digitalcontent.api.tesco.com/v2/media/ghs/7bcc512e-db52-4ccc-9b9f-b340af180871/e49e09f6-3e5a-4dff-8727-1cbbc02f5c89_565151293.jpeg?h=225&w=225,
254516076,Tesco Extra Virgin Olive Oil 1Ltr,https://www.tesco.com/groceries/en-GB/shop/food-cupboard/all?department=Cooking%20Ingredients&viewAll=department&page=,£5.15,£0.52/100ml,,,/groceries/en-GB/products/254516076,https://digitalcontent.api.tesco.com/v2/media/ghs/303e7d8f-6526-45ee-8c3f-5b305c14e9b7/45ee59ad-5086-4846-8402-de7d0550b274_570772404.jpeg?h=225&w=225,
311795683,Bisto Best Beef Gravy 230G,https://www.tesco.com/groceries/en-GB/shop/food-cupboard/all?department=Cooking%20Ingredients&viewAll=department&page=,£2.95,£1.29/100g,£2.50 Clubcard Price,,/groceries/en-GB/products/311795683,https://digitalcontent.api.tesco.com/v2/media/ghs/8c73c76f-ad4c-4284-a802-61520f87b392/2c5cb6ae-09cb-48ad-b795-0921184aea60_1276071876.jpeg?h=225&w=225,
289645831,Merchant Gourmet Whole Chestnuts 180G,https://www.tesco.com/groceries/en-GB/shop/food-cupboard/all?department=Cooking%20Ingredients&viewAll=department&page=,,,,,/groceries/en-GB/products/289645831,https://digitalcontent.api.tesco.com/v2/media/ghs/ecdca3c6-902e-43d1-9505-2e3c8e9f5ef7/11755337-3dcf-4a4e-8333-01b0ccdbf866_701596191.jpeg?h=225&w=225,This product's currently out of stock
297461195,Bisto Traditional Reduced Salt Gravy Granules 350G,https://www.tesco.com/groceries/en-GB/shop/food-cupboard/all?department=Cooking%20Ingredients&viewAll=department&page=,£3.50,£1.00/100g,,,/groceries/en-GB/products/297461195,https://digitalcontent.api.tesco.com/v2/media/ghs/9276bde1-074f-4cb5-8a04-dfcf471a0b86/ca443740-04a6-44ed-8e00-e1d9ad0f5bcc_446097027.jpeg?h=225&w=225,
257949060,Very Lazy Garlic 200G,https://www.tesco.com/groceries/en-GB/shop/food-cupboard/all?department=Cooking%20Ingredients&viewAll=department&page=,£1.90,£0.10/10g,,,/groceries/en-GB/products/257949060,https://digitalcontent.api.tesco.com/v2/media/ghs/a16deb39-0108-47f2-bc2c-4a0565b99ff3/b9ae3066-32dd-4faf-8181-11e4272fafae_836708118.jpeg?h=225&w=225,
296383605,Bisto Gravy Granules 350G,https://www.tesco.com/groceries/en-GB/shop/food-cupboard/all?department=Cooking%20Ingredients&viewAll=department&page=,£3.50,£1.00/100g,,,/groceries/en-GB/products/296383605,https://digitalcontent.api.tesco.com/v2/media/ghs/9e4bafb2-86ae-442e-8707-bc21bbc71836/3a00f1e0-8cfd-4987-a6cf-21033084daf4_759168554.jpeg?h=225&w=225,
254881696,Colman's Bread Sauce Mix 40G,https://www.tesco.com/groceries/en-GB/shop/food-cupboard/all?department=Cooking%20Ingredients&viewAll=department&page=,£0.90,£2.25/100g,,,/groceries/en-GB/products/254881696,https://digitalcontent.api.tesco.com/v2/media/ghs/364a83af-86c3-4a01-9a0f-22f74fa119f0/6343f71c-1578-45fd-98a3-485b3d0377ea_1986596469.jpeg?h=225&w=225,
307147909,Schwartz Cheddar Cheese Sauce Mix 38G,https://www.tesco.com/groceries/en-GB/shop/food-cupboard/all?department=Cooking%20Ingredients&viewAll=department&page=,£0.90,£2.37/100g,Any 4 for £2 Clubcard Price - Selected Schwartz Recipe Mix 20g-41g ,,/groceries/en-GB/products/307147909,https://digitalcontent.api.tesco.com/v2/media/ghs/3b9c9015-1154-4237-a8a2-35b1e7c63ef0/35199e41-3505-4802-bf58-39658a8b4cdb_2017241140.jpeg?h=225&w=225,
254881713,Colman's Cheddar Cheese Sauce Mix 40G,https://www.tesco.com/groceries/en-GB/shop/food-cupboard/all?department=Cooking%20Ingredients&viewAll=department&page=,£0.90,£2.25/100g,,,/groceries/en-GB/products/254881713,https://digitalcontent.api.tesco.com/v2/media/ghs/9f11fa33-7539-4305-b386-c9f142fc2f31/fead99f2-0353-4772-9540-a0a1232c1e53_588749779.jpeg?h=225&w=225,
273960228,Knorr Chicken Stock Pot 8'S 224G,https://www.tesco.com/groceries/en-GB/shop/food-cupboard/all?department=Cooking%20Ingredients&viewAll=department&page=,£2.20,£0.98/100g,£2.00 Clubcard Price,,/groceries/en-GB/products/273960228,https://digitalcontent.api.tesco.com/v2/media/ghs/25035408-7044-460d-a034-cd4d777f8c18/8079e35a-133b-4c4e-bb7c-ecf97f78f14d_1596407803.jpeg?h=225&w=225,
254881051,Oxo 12 Beef Stock Cubes 71G,https://www.tesco.com/groceries/en-GB/shop/food-cupboard/all?department=Cooking%20Ingredients&viewAll=department&page=,£1.75,£2.47/100g,£1.50 Clubcard Price,,/groceries/en-GB/products/254881051,https://digitalcontent.api.tesco.com/v2/media/ghs/faea59b7-7ab7-4ed4-b8c2-5d4e98b6ef37/f596a668-a680-455d-82b4-3740c7f53b35_1531353868.jpeg?h=225&w=225,
254880524,Saxa Table Salt 750G,https://www.tesco.com/groceries/en-GB/shop/food-cupboard/all?department=Cooking%20Ingredients&viewAll=department&page=,£1.30,£1.74/kg,,,/groceries/en-GB/products/254880524,https://digitalcontent.api.tesco.com/v2/media/ghs/c3a13570-8cdc-4207-9cd4-89fb264c1dff/e12aafac-7824-48a8-a309-e51e208e5fed_99943252.jpeg?h=225&w=225,
309449428,Bisto Favourite Gravy Granules 190G,https://www.tesco.com/groceries/en-GB/shop/food-cupboard/all?department=Cooking%20Ingredients&viewAll=department&page=,£2.00,£1.06/100g,£1.50 Clubcard Price,,/groceries/en-GB/products/309449428,https://digitalcontent.api.tesco.com/v2/media/ghs/e4753d0f-5792-4bb7-b3ab-b7c4bbf512de/a0cf09db-c433-4497-8667-9fb1ceef8f93_1532702499.jpeg?h=225&w=225,
256150470,Tesco Ground Cumin 43G,https://www.tesco.com/groceries/en-GB/shop/food-cupboard/all?department=Cooking%20Ingredients&viewAll=department&page=,£0.95,£22.10/kg,,,/groceries/en-GB/products/256150470,https://digitalcontent.api.tesco.com/v2/media/ghs/eb689565-7b3d-47f6-9487-7071153e4cff/931dfc9b-e1c5-4168-b0fd-61ff5e510968_2031223909.jpeg?h=225&w=225,
273952198,Knorr Rich Beef Stock Pot 4 X 28G,https://www.tesco.com/groceries/en-GB/shop/food-cupboard/all?department=Cooking%20Ingredients&viewAll=department&page=,£1.65,£1.48/100g,,,/groceries/en-GB/products/273952198,https://digitalcontent.api.tesco.com/v2/media/ghs/d9476271-bedb-4cbf-8278-e74832bf7242/2b2044df-ea24-4a5e-ab71-49b078713b97_1820801068.jpeg?h=225&w=225,
299667778,Paxo Sage & Onion Stuffing Mix 170G,https://www.tesco.com/groceries/en-GB/shop/food-cupboard/all?department=Cooking%20Ingredients&viewAll=department&page=,£1.70,£1.00/100g,£1.50 Clubcard Price,,/groceries/en-GB/products/299667778,https://digitalcontent.api.tesco.com/v2/media/ghs/d2cb75fd-4941-4a4c-bd57-b359f55e1b49/c95dc9dd-2f78-4369-990d-cd87aea8e337_794953059.jpeg?h=225&w=225,
254882194,Colman's Beef Casserole Recipe Mix 40G,https://www.tesco.com/groceries/en-GB/shop/food-cupboard/all?department=Cooking%20Ingredients&viewAll=department&page=,£0.90,£2.25/100g,Any 4 for £2 Clubcard Price - Selected Colmans Recipe Mix 20g-50g,,/groceries/en-GB/products/254882194,https://digitalcontent.api.tesco.com/v2/media/ghs/7b8e2de4-c8ca-4b3b-8432-9eafbb4d98ff/236c85ef-9c20-4ad6-9f7b-844e4be9d055_790935707.jpeg?h=225&w=225,
268424877,Colman's Spaghetti Bolognese Recipe Mix 44G,https://www.tesco.com/groceries/en-GB/shop/food-cupboard/all?department=Cooking%20Ingredients&viewAll=department&page=,£0.90,£2.05/100g,Any 4 for £2 Clubcard Price - Selected Colmans Recipe Mix 20g-50g,,/groceries/en-GB/products/268424877,https://digitalcontent.api.tesco.com/v2/media/ghs/a7351275-c004-4775-b875-59fb2e3ae396/f0ce506d-8a54-4529-8fab-81a1f0a42b22_730451466.jpeg?h=225&w=225,
254918424,Tesco Olive Oil 1L,https://www.tesco.com/groceries/en-GB/shop/food-cupboard/all?department=Cooking%20Ingredients&viewAll=department&page=,£4.25,£0.42/100ml,,,/groceries/en-GB/products/254918424,https://digitalcontent.api.tesco.com/v2/media/ghs/8b8d15ec-b543-4685-bf5a-0615005a30a8/775d288f-245a-4a4d-a04d-48d8e17eb3f7_1871569260.jpeg?h=225&w=225,
254882228,Colman's Chicken Casserole Recipe Mix 40G,https://www.tesco.com/groceries/en-GB/shop/food-cupboard/all?department=Cooking%20Ingredients&viewAll=department&page=,£0.90,£2.25/100g,Any 4 for £2 Clubcard Price - Selected Colmans Recipe Mix 20g-50g,,/groceries/en-GB/products/254882228,https://digitalcontent.api.tesco.com/v2/media/ghs/8ee58a96-9923-4a21-93d4-9fe5503914a1/f1e6228a-130b-4740-990e-47821e09323a_314311817.jpeg?h=225&w=225,
255770365,Tesco Smoked Paprika 48G,https://www.tesco.com/groceries/en-GB/shop/food-cupboard/all?department=Cooking%20Ingredients&viewAll=department&page=,£0.95,£19.80/kg,,,/groceries/en-GB/products/255770365,https://digitalcontent.api.tesco.com/v2/media/ghs/849bd253-e2ad-44f0-903a-d3bb76e633c9/cf00886e-f0d3-4901-926a-010e02cc3040_1500787654.jpeg?h=225&w=225,
259338780,Knorr Chicken Stock Pot 4 X 28G,https://www.tesco.com/groceries/en-GB/shop/food-cupboard/all?department=Cooking%20Ingredients&viewAll=department&page=,£1.65,£1.48/100g,,,/groceries/en-GB/products/259338780,,
259339243,Knorr Vegetable Stock Pot 4 X 28G,https://www.tesco.com/groceries/en-GB/shop/food-cupboard/all?department=Cooking%20Ingredients&viewAll=department&page=,£1.65,£1.48/100g,,,/groceries/en-GB/products/259339243,https://digitalcontent.api.tesco.com/v2/media/ghs/8fd14803-239f-4f06-b357-73bdc2edbf12/8099c72a-5fa0-408e-a56e-9a6ab25c0f23_1468039547.jpeg?h=225&w=225,
287851797,Tesco Garlic Granules 56G,https://www.tesco.com/groceries/en-GB/shop/food-cupboard/all?department=Cooking%20Ingredients&viewAll=department&page=,,,,,/groceries/en-GB/products/287851797,https://digitalcontent.api.tesco.com/v2/media/ghs/b31cc89e-eea1-428c-84ed-760d089b2082/4df63ea1-f688-4b26-9c54-f7113f0a170b_214542600.jpeg?h=225&w=225,This product's currently out of stock
254918228,Tesco Pure Sunflower Oil 1L,https://www.tesco.com/groceries/en-GB/shop/food-cupboard/all?department=Cooking%20Ingredients&viewAll=department&page=,£2.10,£0.21/100ml,Aldi Price Match,,/groceries/en-GB/products/254918228,https://digitalcontent.api.tesco.com/v2/media/ghs/196cf18e-924b-4da6-8d4e-1cea75b4e7e2/087f7b4c-83e7-4872-b089-8e07cb9337a1_102820019.jpeg?h=225&w=225,
254065580,Saxa Fine Sea Salt 350G,https://www.tesco.com/groceries/en-GB/shop/food-cupboard/all?department=Cooking%20Ingredients&viewAll=department&page=,£1.25,£3.58/kg,,,/groceries/en-GB/products/254065580,https://digitalcontent.api.tesco.com/v2/media/ghs/932367e6-1095-43aa-b4f0-7822f77ea5bf/692af746-0087-4363-88be-ba1d2bf10572_580158542.jpeg?h=225&w=225,
255648459,Tesco Gravy Granules For Beef 500G,https://www.tesco.com/groceries/en-GB/shop/food-cupboard/all?department=Cooking%20Ingredients&viewAll=department&page=,£1.85,£0.37/100g,,,/groceries/en-GB/products/255648459,https://digitalcontent.api.tesco.com/v2/media/ghs/239a2d44-551c-400a-9db8-3bea1921ecc4/12bd9cad-980f-4c1a-b345-05fd1ed8b47d_1895402157.jpeg?h=225&w=225,
259338708,Knorr Beef Stock Pot 4 X 28G,https://www.tesco.com/groceries/en-GB/shop/food-cupboard/all?department=Cooking%20Ingredients&viewAll=department&page=,£1.65,£1.48/100g,,,/groceries/en-GB/products/259338708,https://digitalcontent.api.tesco.com/v2/media/ghs/f456d0d6-a1d1-4ac0-a305-d7e80bcf7cac/snapshotimagehandler_2064832686.jpeg?h=225&w=225,
256149795,Tesco Dried Oregano 14G Jar,https://www.tesco.com/groceries/en-GB/shop/food-cupboard/all?department=Cooking%20Ingredients&viewAll=department&page=,£0.70,£0.50/10g,,,/groceries/en-GB/products/256149795,https://digitalcontent.api.tesco.com/v2/media/ghs/5a6f21e2-c79e-4533-bc20-9b614d4d465d/f846dcfb-0aef-460e-8c2c-75cca165a7f0_275391126.jpeg?h=225&w=225,
254882418,Colman's Chilli Con Carne Recipe Mix 50G,https://www.tesco.com/groceries/en-GB/shop/food-cupboard/all?department=Cooking%20Ingredients&viewAll=department&page=,£0.90,£1.80/100g,Any 4 for £2 Clubcard Price - Selected Colmans Recipe Mix 20g-50g,,/groceries/en-GB/products/254882418,https://digitalcontent.api.tesco.com/v2/media/ghs/2cd6b45c-dc83-4d98-937e-895fd0366e56/dcbfa5b6-36e2-4dd1-b8a1-dfd5bacfe6f7_1151677294.jpeg?h=225&w=225,
254882706,Schwartz Mix Chilli Con Carne Casserole 41G,https://www.tesco.com/groceries/en-GB/shop/food-cupboard/all?department=Cooking%20Ingredients&viewAll=department&page=,£0.90,£2.20/100g,Any 4 for £2 Clubcard Price - Selected Schwartz Recipe Mix 20g-41g ,,/groceries/en-GB/products/254882706,https://digitalcontent.api.tesco.com/v2/media/ghs/5f44dc30-9fd2-4bd4-ac3f-a1b21e4e5b38/b197fc83-76a3-4de0-b4f3-b33a0f60fe67_494184320.jpeg?h=225&w=225,
250920908,Colman's Cottage Pie Recipe Mix 45G,https://www.tesco.com/groceries/en-GB/shop/food-cupboard/all?department=Cooking%20Ingredients&viewAll=department&page=,£0.90,£2.00/100g,Any 4 for £2 Clubcard Price - Selected Colmans Recipe Mix 20g-50g,,/groceries/en-GB/products/250920908,https://digitalcontent.api.tesco.com/v2/media/ghs/d882959a-acd6-4008-8f32-d3082bcfcf23/5368b546-a8af-435c-8337-3337b13c8a7d_503591754.jpeg?h=225&w=225,
312718423,Bisto Pigs In Blankets Flavour Gravy Granules 190G,https://www.tesco.com/groceries/en-GB/shop/food-cupboard/all?department=Cooking%20Ingredients&viewAll=department&page=,£1.50,£0.79/100g,,New,/groceries/en-GB/products/312718423,https://digitalcontent.api.tesco.com/v2/media/ghs/edefdab6-0af8-4164-bd7f-3e525b195273/9b812ca3-70af-4d79-b54e-f86ff9c48e8c_1690026709.jpeg?h=225&w=225,
268392493,Colman's Sausage Casserole Recipe Mix 39G,https://www.tesco.com/groceries/en-GB/shop/food-cupboard/all?department=Cooking%20Ingredients&viewAll=department&page=,£0.90,£2.31/100g,Any 4 for £2 Clubcard Price - Selected Colmans Recipe Mix 20g-50g,,/groceries/en-GB/products/268392493,https://digitalcontent.api.tesco.com/v2/media/ghs/0984a5a5-6965-40a9-a30b-bc70dd40bf36/d83514f9-fff6-4427-8580-f7b86075e281_682505242.jpeg?h=225&w=225,
253126769,Gia Garlic Puree 90G,https://www.tesco.com/groceries/en-GB/shop/food-cupboard/all?department=Cooking%20Ingredients&viewAll=department&page=,£0.85,£9.45/kg,,,/groceries/en-GB/products/253126769,https://digitalcontent.api.tesco.com/v2/media/ghs/b4f1438a-e8ca-4934-b946-71eb871b42ee/d41b7e01-46ba-424b-8c50-b0f18b473ead_2083114232.jpeg?h=225&w=225,
254918067,Tesco Pure Vegetable Oil 1L,https://www.tesco.com/groceries/en-GB/shop/food-cupboard/all?department=Cooking%20Ingredients&viewAll=department&page=,£1.75,£0.18/100ml,Aldi Price Match,,/groceries/en-GB/products/254918067,https://digitalcontent.api.tesco.com/v2/media/ghs/5c9ee0b0-0ba8-47f5-9512-d42a3b39497a/c544880b-be33-43ff-bedd-42b367da3370_1661923755.jpeg?h=225&w=225,
255664543,Sarsons Malt Vinegar 250Ml,https://www.tesco.com/groceries/en-GB/shop/food-cupboard/all?department=Cooking%20Ingredients&viewAll=department&page=,£0.85,£0.34/100ml,,,/groceries/en-GB/products/255664543,https://digitalcontent.api.tesco.com/v2/media/ghs/d061aa67-a03e-4047-b660-e23638179d6a/753819ff-4b1a-4d79-b662-097954511ec2_1717100036.jpeg?h=225&w=225,
259557284,Tesco Gravy Granules For Chicken 200G,https://www.tesco.com/groceries/en-GB/shop/food-cupboard/all?department=Cooking%20Ingredients&viewAll=department&page=,£0.80,£0.40/100g,,,/groceries/en-GB/products/259557284,https://digitalcontent.api.tesco.com/v2/media/ghs/bf300c04-192f-4940-ae26-4b011e722030/638974dd-2470-4abb-973f-5008158158ee_288806525.jpeg?h=225&w=225,
254881356,Tesco Sage & Onion Stuffing Mix 170G,https://www.tesco.com/groceries/en-GB/shop/food-cupboard/all?department=Cooking%20Ingredients&viewAll=department&page=,£0.60,£3.53/kg,,,/groceries/en-GB/products/254881356,https://digitalcontent.api.tesco.com/v2/media/ghs/0a0c0a85-326d-4aed-82dd-a8a149a54b7a/6fb584de-3205-41d2-b1ce-d142e92434dd_1196510855.jpeg?h=225&w=225,
259557163,Tesco Beef Gravy Granules 200G,https://www.tesco.com/groceries/en-GB/shop/food-cupboard/all?department=Cooking%20Ingredients&viewAll=department&page=,£0.80,£0.40/100g,,,/groceries/en-GB/products/259557163,https://digitalcontent.api.tesco.com/v2/media/ghs/fe202ba4-94cf-4d9b-85e2-2fca8de41774/5fb85e72-4f45-4386-a6f2-3cf5bb91431d_1313894012.jpeg?h=225&w=225,
261781314,Tesco Distilled Vinegar 568Ml,https://www.tesco.com/groceries/en-GB/shop/food-cupboard/all?department=Cooking%20Ingredients&viewAll=department&page=,,,,,/groceries/en-GB/products/261781314,https://digitalcontent.api.tesco.com/v2/media/ghs/2e012bf5-10b1-4caa-a67a-63caead4f0c3/snapshotimagehandler_130052010.jpeg?h=225&w=225,This product's currently out of stock
299667755,Stockwell & Co Gravy Granules 200G,https://www.tesco.com/groceries/en-GB/shop/food-cupboard/all?department=Cooking%20Ingredients&viewAll=department&page=,£0.32,£0.16/100g,Aldi Price Match,,/groceries/en-GB/products/299667755,https://digitalcontent.api.tesco.com/v2/media/ghs/6d9eb498-de4d-4467-9afc-8485c17db3fd/999d82d7-2d86-4b7a-8232-a1b9b5461257_1007770669.jpeg?h=225&w=225,
256150815,Tesco Whole Black Peppercorns 100G,https://www.tesco.com/groceries/en-GB/shop/food-cupboard/all?department=Cooking%20Ingredients&viewAll=department&page=,£2.50,£0.25/10g,,,/groceries/en-GB/products/256150815,https://digitalcontent.api.tesco.com/v2/media/ghs/703a941a-e9fc-4f98-a7e8-d2f4158cb948/b2b541a8-15b7-484f-87e5-ad59d7418e5c_738726172.jpeg?h=225&w=225,
271168790,Tesco Pure Sunflower Oil 5 Litre,https://www.tesco.com/groceries/en-GB/shop/food-cupboard/all?department=Cooking%20Ingredients&viewAll=department&page=,,,,,/groceries/en-GB/products/271168790,,This product's currently out of stock
254918418,Tesco Olive Oil 500Ml,https://www.tesco.com/groceries/en-GB/shop/food-cupboard/all?department=Cooking%20Ingredients&viewAll=department&page=,£3.05,£0.61/100ml,,,/groceries/en-GB/products/254918418,,
258732101,Flora Pure Sunflower Oil 1L,https://www.tesco.com/groceries/en-GB/shop/food-cupboard/all?department=Cooking%20Ingredients&viewAll=department&page=,£4.20,£0.42/100ml,,New,/groceries/en-GB/products/258732101,,
258030678,Tesco Cooking Salt 1.5Kg,https://www.tesco.com/groceries/en-GB/shop/food-cupboard/all?department=Cooking%20Ingredients&viewAll=department&page=,£1.75,£1.17/kg,,,/groceries/en-GB/products/258030678,https://digitalcontent.api.tesco.com/v2/media/ghs/2936e17a-7396-45e6-a10e-4f8f23ea9392/2836d704-9bd3-463b-a805-e838f47bc8a0_2135229251.jpeg?h=225&w=225,
296383588,Bisto Gravy Granules Chicken 350G,https://www.tesco.com/groceries/en-GB/shop/food-cupboard/all?department=Cooking%20Ingredients&viewAll=department&page=,£3.50,£1.00/100g,,,/groceries/en-GB/products/296383588,https://digitalcontent.api.tesco.com/v2/media/ghs/5b540b56-1cb9-432f-989f-da7e5dc2c144/cf77382e-8b10-4a05-b37c-02a162847e93_885064950.jpeg?h=225&w=225,
254918073,Tesco Pure Vegetable Oil 3L,https://www.tesco.com/groceries/en-GB/shop/food-cupboard/all?department=Cooking%20Ingredients&viewAll=department&page=,£5.20,£0.17/100ml,,,/groceries/en-GB/products/254918073,https://digitalcontent.api.tesco.com/v2/media/ghs/8cbf53dd-d33d-42f4-b530-0d8941a38986/aeccff49-4a38-4336-9824-68ab1476a556_1517164580.jpeg?h=225&w=225,
312582259,Schwartz Signature Chicken Gravy 155G,https://www.tesco.com/groceries/en-GB/shop/food-cupboard/all?department=Cooking%20Ingredients&viewAll=department&page=,£2.75,£1.78/100g,,New,/groceries/en-GB/products/312582259,https://digitalcontent.api.tesco.com/v2/media/ghs/7970069c-5ca1-4c09-b465-3937dbc63357/905dc8dc-199a-48b8-96f0-b5e2f678c612_946474349.jpeg?h=225&w=225,
309459029,Bisto Cheese Sauce Mix 185G,https://www.tesco.com/groceries/en-GB/shop/food-cupboard/all?department=Cooking%20Ingredients&viewAll=department&page=,£2.00,£1.09/100g,,,/groceries/en-GB/products/309459029,https://digitalcontent.api.tesco.com/v2/media/ghs/bcdf17ed-00c1-4bd8-a36f-cc22cc8e992f/9021b046-261c-4625-adc8-0961d6409642_1657075822.jpeg?h=225&w=225,
274088977,Frylight Sunflower Oil Spray 190Ml,https://www.tesco.com/groceries/en-GB/shop/food-cupboard/all?department=Cooking%20Ingredients&viewAll=department&page=,£2.40,£1.27/100ml,,,/groceries/en-GB/products/274088977,https://digitalcontent.api.tesco.com/v2/media/ghs/ae204ba5-9c92-40ae-813c-f29423bf6a6f/6f0a36a0-bfd2-42d2-9d8e-65d83355ef0d_628831437.jpeg?h=225&w=225,
274089279,Frylight Olive Oil Spray 190Ml,https://www.tesco.com/groceries/en-GB/shop/food-cupboard/all?department=Cooking%20Ingredients&viewAll=department&page=,£2.40,£1.27/100ml,,,/groceries/en-GB/products/274089279,https://digitalcontent.api.tesco.com/v2/media/ghs/fc59f98a-961d-4e1c-82d5-a25015468a42/47dc60ac-7f88-4681-8886-0c6f3479cb8c_57885658.jpeg?h=225&w=225,
258061785,Tesco Olive Oil 250Ml,https://www.tesco.com/groceries/en-GB/shop/food-cupboard/all?department=Cooking%20Ingredients&viewAll=department&page=,£1.90,£0.76/100ml,,,/groceries/en-GB/products/258061785,https://digitalcontent.api.tesco.com/v2/media/ghs/f5049544-bc35-462d-9a37-17dce5732468/snapshotimagehandler_1484814852.jpeg?h=225&w=225,
300456347,Tesco Basil 18G,https://www.tesco.com/groceries/en-GB/shop/food-cupboard/all?department=Cooking%20Ingredients&viewAll=department&page=,£1.10,£61.12/kg,,,/groceries/en-GB/products/300456347,https://digitalcontent.api.tesco.com/v2/media/ghs/66195013-7772-45c2-97d1-75322aab729b/snapshotimagehandler_55814385.jpeg?h=225&w=225,
259028703,Tesco Toasted Sesame Oil 250Ml,https://www.tesco.com/groceries/en-GB/shop/food-cupboard/all?department=Cooking%20Ingredients&viewAll=department&page=,£1.90,£0.76/100ml,,,/groceries/en-GB/products/259028703,https://digitalcontent.api.tesco.com/v2/media/ghs/b64fb9ff-671a-4fe4-abd2-84c4eb989629/429a8d55-0f68-431e-ad24-a720cad51616_526788211.jpeg?h=225&w=225,
256146844,Tesco Dried Parsley 11G Jar,https://www.tesco.com/groceries/en-GB/shop/food-cupboard/all?department=Cooking%20Ingredients&viewAll=department&page=,£1.00,£90.91/kg,,,/groceries/en-GB/products/256146844,https://digitalcontent.api.tesco.com/v2/media/ghs/bf025d44-b4d0-4deb-9379-671f28ce5b8f/d9856298-b428-422f-bad8-497ab5b98d4e_185628100.jpeg?h=225&w=225,
254881068,Oxo 24 Beef Stock Cubes 142G,https://www.tesco.com/groceries/en-GB/shop/food-cupboard/all?department=Cooking%20Ingredients&viewAll=department&page=,£2.50,£1.77/100g,,,/groceries/en-GB/products/254881068,https://digitalcontent.api.tesco.com/v2/media/ghs/c72182ff-20c9-49de-b8b4-3e577e063cf8/d9bb4b20-9194-4727-afb0-d601d774d92a_1038588711.jpeg?h=225&w=225,
309181679,Bisto Reduced Salt Gravy Granules 190G,https://www.tesco.com/groceries/en-GB/shop/food-cupboard/all?department=Cooking%20Ingredients&viewAll=department&page=,£2.00,£1.06/100g,£1.50 Clubcard Price,,/groceries/en-GB/products/309181679,https://digitalcontent.api.tesco.com/v2/media/ghs/187b46f7-65db-470b-af61-dbb5817649d5/de709b9f-8b23-47ca-b55e-168540981371_1991868766.jpeg?h=225&w=225,
273967169,Knorr Vegetable Stock Pot 8'S 224G,https://www.tesco.com/groceries/en-GB/shop/food-cupboard/all?department=Cooking%20Ingredients&viewAll=department&page=,£2.20,£0.98/100g,£2.00 Clubcard Price,,/groceries/en-GB/products/273967169,https://digitalcontent.api.tesco.com/v2/media/ghs/65e120a0-b851-4602-b6b5-78d84942b936/2f171a9b-1676-4cf1-bee3-5bd0e18fd950_1498251973.jpeg?h=225&w=225,
312983827,Merchant Gourmet Chestnut Stuffing With Sage Onion & Apple 200G,https://www.tesco.com/groceries/en-GB/shop/food-cupboard/all?department=Cooking%20Ingredients&viewAll=department&page=,£2.40,£12.00/kg,£2.00 Clubcard Price,,/groceries/en-GB/products/312983827,https://digitalcontent.api.tesco.com/v2/media/ghs/b608b60d-001e-4ec4-adaa-954e5c57a3e5/604fd2fc-b377-4e3c-9990-7916aaf1c310_1555381355.jpeg?h=225&w=225,
256150176,Tesco Paprika 52G,https://www.tesco.com/groceries/en-GB/shop/food-cupboard/all?department=Cooking%20Ingredients&viewAll=department&page=,£1.10,£21.16/kg,,,/groceries/en-GB/products/256150176,https://digitalcontent.api.tesco.com/v2/media/ghs/e2b41cb2-db42-4b9d-a574-759d42c42737/2ecb86e1-0ec8-4934-b4e8-3554097c519c_1119210034.jpeg?h=225&w=225,
254881650,Colman's Parsley Sauce Mix 20G,https://www.tesco.com/groceries/en-GB/shop/food-cupboard/all?department=Cooking%20Ingredients&viewAll=department&page=,£0.90,£4.50/100g,,,/groceries/en-GB/products/254881650,https://digitalcontent.api.tesco.com/v2/media/ghs/9017b7c7-1ea0-4d9a-a7c5-02be4bfc2dac/10e0d2aa-1a20-422d-8b49-5ac9b4ac4b0f_311523234.jpeg?h=225&w=225,
256149841,Tesco Dried Thyme 16G,https://www.tesco.com/groceries/en-GB/shop/food-cupboard/all?department=Cooking%20Ingredients&viewAll=department&page=,£1.00,£62.50/kg,,,/groceries/en-GB/products/256149841,https://digitalcontent.api.tesco.com/v2/media/ghs/f8ec36ec-f2ad-4c6f-82b7-5739a16d26da/c8d5f186-776b-4835-aa7f-93b7d18eb44c_950013480.jpeg?h=225&w=225,
256149904,Tesco Ground Ginger 38G Jar,https://www.tesco.com/groceries/en-GB/shop/food-cupboard/all?department=Cooking%20Ingredients&viewAll=department&page=,£1.00,£26.32/kg,,,/groceries/en-GB/products/256149904,https://digitalcontent.api.tesco.com/v2/media/ghs/e317d81a-3bfd-49e3-bed3-d137c2edd8fe/3beec91a-9046-402b-a433-d663448d20e4_1483668395.jpeg?h=225&w=225,
252077252,Oxo 12 Vegetable Stock Cubes 71G,https://www.tesco.com/groceries/en-GB/shop/food-cupboard/all?department=Cooking%20Ingredients&viewAll=department&page=,£1.75,£2.47/100g,£1.50 Clubcard Price,,/groceries/en-GB/products/252077252,https://digitalcontent.api.tesco.com/v2/media/ghs/8e417e59-94fe-4712-84be-bb6044b81dc9/e745796e-41f8-4f84-98cc-3f9a3310ce92_1555086530.jpeg?h=225&w=225,
272080384,Oxo Reduced Salt Beef Stock Cubes 12 Pack 71G,https://www.tesco.com/groceries/en-GB/shop/food-cupboard/all?department=Cooking%20Ingredients&viewAll=department&page=,£1.75,£2.47/100g,£1.50 Clubcard Price,,/groceries/en-GB/products/272080384,https://digitalcontent.api.tesco.com/v2/media/ghs/50a8d8b9-930a-4c31-8edc-544f8d62ac3b/aae40a4c-37e4-4a82-a8e7-f9b07e87f52a_2033031629.jpeg?h=225&w=225,
254881114,Oxo 12 Chicken Stock Cubes 71G,https://www.tesco.com/groceries/en-GB/shop/food-cupboard/all?department=Cooking%20Ingredients&viewAll=department&page=,£1.75,£2.47/100g,£1.50 Clubcard Price,,/groceries/en-GB/products/254881114,https://digitalcontent.api.tesco.com/v2/media/ghs/86f94cc0-4824-4676-a0b3-6d328c8a6173/63a30971-cbc5-4060-846f-c9e64b35b1c7_941229577.jpeg?h=225&w=225,
254920403,Tesco Ground Cinnamon 40G Jar,https://www.tesco.com/groceries/en-GB/shop/food-cupboard/all?department=Cooking%20Ingredients&viewAll=department&page=,£1.00,£25.00/kg,,,/groceries/en-GB/products/254920403,https://digitalcontent.api.tesco.com/v2/media/ghs/24efc84d-4d9b-4659-bb54-7b8bbb247fdf/80ac8371-37ee-491d-bee2-ee05121e207f_1485512480.jpeg?h=225&w=225,
254881241,Knorr Chicken Stock Cubes 8 X 10G,https://www.tesco.com/groceries/en-GB/shop/food-cupboard/all?department=Cooking%20Ingredients&viewAll=department&page=,£1.75,£2.19/100g,£1.30 Clubcard Price,,/groceries/en-GB/products/254881241,https://digitalcontent.api.tesco.com/v2/media/ghs/f9f97a00-2ac9-4323-984c-036f785a085c/65187000-06cf-4498-8ada-b0c2572950f2_709561697.jpeg?h=225&w=225,
268449767,Tesco Onion Granules 52G,https://www.tesco.com/groceries/en-GB/shop/food-cupboard/all?department=Cooking%20Ingredients&viewAll=department&page=,£1.00,£0.19/10g,,,/groceries/en-GB/products/268449767,https://digitalcontent.api.tesco.com/v2/media/ghs/f8df9416-5823-42f0-b5f5-a030b048ee89/badf74bf-c299-4086-997d-67ee12b73ae6_2103475743.jpeg?h=225&w=225,
299667790,Paxo Sage & Onion Stuffing Mix 340G,https://www.tesco.com/groceries/en-GB/shop/food-cupboard/all?department=Cooking%20Ingredients&viewAll=department&page=,£2.50,£0.74/100g,,,/groceries/en-GB/products/299667790,https://digitalcontent.api.tesco.com/v2/media/ghs/42860a35-ab37-4cdd-ba89-63fb011df75d/f33d2091-4dc5-4eb7-b30f-7b12be23a341_1719757719.jpeg?h=225&w=225,
309481354,Bisto Chicken Gravy Granules 190G,https://www.tesco.com/groceries/en-GB/shop/food-cupboard/all?department=Cooking%20Ingredients&viewAll=department&page=,£2.00,£1.06/100g,£1.50 Clubcard Price,,/groceries/en-GB/products/309481354,https://digitalcontent.api.tesco.com/v2/media/ghs/0f8c6f99-63f6-43d8-92ca-27a421ee27d1/edc0f85e-2345-4179-866f-947cb2ec52a7_292938066.jpeg?h=225&w=225,
254881195,Knorr Beef 8 Stock Cubes 80G,https://www.tesco.com/groceries/en-GB/shop/food-cupboard/all?department=Cooking%20Ingredients&viewAll=department&page=,£1.75,£2.19/100g,£1.30 Clubcard Price,,/groceries/en-GB/products/254881195,https://digitalcontent.api.tesco.com/v2/media/ghs/cd8af573-3f9a-490c-8391-57b78b02cd59/fe1cad27-e078-44bd-a829-2446cf27ab9a_1756159115.jpeg?h=225&w=225,
254296718,Tesco Balsamic Vinegar Of Modena 250Ml,https://www.tesco.com/groceries/en-GB/shop/food-cupboard/all?department=Cooking%20Ingredients&viewAll=department&page=,£1.10,£0.44/100ml,,,/groceries/en-GB/products/254296718,https://digitalcontent.api.tesco.com/v2/media/ghs/23ec7cc1-22bf-418c-b5ff-54923b75bba3/d826030c-85db-4eab-aae2-d6e55e829a71_356103274.jpeg?h=225&w=225,
253174671,Schwartz Classic Roast Beef Gravy Mix 27G,https://www.tesco.com/groceries/en-GB/shop/food-cupboard/all?department=Cooking%20Ingredients&viewAll=department&page=,£1.00,£3.71/100g,Any 4 for £2 Clubcard Price - Selected Schwartz Recipe Mix 20g-41g ,,/groceries/en-GB/products/253174671,https://digitalcontent.api.tesco.com/v2/media/ghs/b620b28b-fe5b-4391-b131-9b3099bcab18/a6be295e-03e2-4afe-9369-e959eb8af3a9_401583761.jpeg?h=225&w=225,
258092039,Schwartz Creamy Pepper Sauce 25G,https://www.tesco.com/groceries/en-GB/shop/food-cupboard/all?department=Cooking%20Ingredients&viewAll=department&page=,£0.90,£3.60/100g,Any 4 for £2 Clubcard Price - Selected Schwartz Recipe Mix 20g-41g ,,/groceries/en-GB/products/258092039,https://digitalcontent.api.tesco.com/v2/media/ghs/da37e51f-17e4-4ac1-b9ae-320089cc171b/759bb48e-517c-4c17-8d5e-d267aaa8cf20_233998533.jpeg?h=225&w=225,
257025479,Tesco Ground Turmeric 45G,https://www.tesco.com/groceries/en-GB/shop/food-cupboard/all?department=Cooking%20Ingredients&viewAll=department&page=,£0.95,£21.12/kg,,,/groceries/en-GB/products/257025479,https://digitalcontent.api.tesco.com/v2/media/ghs/d4f97f3d-0b90-46d8-9334-ce41158b67f9/309a84a3-470d-4821-87a4-6b7a77c41173_2029522986.jpeg?h=225&w=225,
268391845,Colman's Tuna Pasta Bake Recipe Mix 44G,https://www.tesco.com/groceries/en-GB/shop/food-cupboard/all?department=Cooking%20Ingredients&viewAll=department&page=,£0.90,£2.05/100g,Any 4 for £2 Clubcard Price - Selected Colmans Recipe Mix 20g-50g,,/groceries/en-GB/products/268391845,https://digitalcontent.api.tesco.com/v2/media/ghs/d1f7a39b-dca3-428b-a1b5-46693d3790a2/8aff71cb-ae1e-4446-93ce-9ebe6d2ae183_1671488980.jpeg?h=225&w=225,
268424756,Colman's Chicken Chasseur Recipe Mix 43G,https://www.tesco.com/groceries/en-GB/shop/food-cupboard/all?department=Cooking%20Ingredients&viewAll=department&page=,£0.90,£2.10/100g,Any 4 for £2 Clubcard Price - Selected Colmans Recipe Mix 20g-50g,,/groceries/en-GB/products/268424756,https://digitalcontent.api.tesco.com/v2/media/ghs/eac0b637-74d3-4d4d-88ac-5986ffdee25e/cd4e182c-1f29-4de7-956d-f7fbfa2c58ff_208081899.jpeg?h=225&w=225,
251475180,Schwartz Creamy Mild Peppercorn Sauce 25G,https://www.tesco.com/groceries/en-GB/shop/food-cupboard/all?department=Cooking%20Ingredients&viewAll=department&page=,£0.90,£3.60/100g,Any 4 for £2 Clubcard Price - Selected Schwartz Recipe Mix 20g-41g ,,/groceries/en-GB/products/251475180,https://digitalcontent.api.tesco.com/v2/media/ghs/9aa6a658-e435-42fb-83e1-48b0511839f2/964df964-d0ae-4f6d-b0da-916e785ff14a_773264206.jpeg?h=225&w=225,
300456382,Tesco Garlic Powder 45G ..,https://www.tesco.com/groceries/en-GB/shop/food-cupboard/all?department=Cooking%20Ingredients&viewAll=department&page=,£0.85,£18.89/kg,,,/groceries/en-GB/products/300456382,https://digitalcontent.api.tesco.com/v2/media/ghs/5b59cd20-b0cf-4c13-9ff1-603ac05b5412/snapshotimagehandler_1140796779.jpeg?h=225&w=225,
251313211,Colman's Shepherd's Pie Recipe Mix 50G,https://www.tesco.com/groceries/en-GB/shop/food-cupboard/all?department=Cooking%20Ingredients&viewAll=department&page=,£0.90,£1.80/100g,Any 4 for £2 Clubcard Price - Selected Colmans Recipe Mix 20g-50g,,/groceries/en-GB/products/251313211,https://digitalcontent.api.tesco.com/v2/media/ghs/d1401989-40ec-414a-a463-dd70d23d99d8/4622be57-39b3-425e-a3f0-210ff307a20f_2094654112.jpeg?h=225&w=225,
251975573,Schwartz Authentic Chicken Casserole Mix 36G,https://www.tesco.com/groceries/en-GB/shop/food-cupboard/all?department=Cooking%20Ingredients&viewAll=department&page=,£0.90,£2.50/100g,Any 4 for £2 Clubcard Price - Selected Schwartz Recipe Mix 20g-41g ,,/groceries/en-GB/products/251975573,https://digitalcontent.api.tesco.com/v2/media/ghs/2e8873cd-07fa-4537-8156-4cd2986c2de2/bd2e422e-d541-4f5b-8f95-f510c0654b38_794348938.jpeg?h=225&w=225,
251975596,Schwartz Shepherds Pie Casserole Mix 38G,https://www.tesco.com/groceries/en-GB/shop/food-cupboard/all?department=Cooking%20Ingredients&viewAll=department&page=,£0.90,£2.37/100g,Any 4 for £2 Clubcard Price - Selected Schwartz Recipe Mix 20g-41g ,,/groceries/en-GB/products/251975596,https://digitalcontent.api.tesco.com/v2/media/ghs/3c8e5013-bed8-45a2-91d8-416d251fd06b/5ce0f2a4-cb57-48db-8e9e-ba2186c1cd02_1375076519.jpeg?h=225&w=225,
254882804,Schwtz Authentic Spaghetti Bolognese Sauce Mix 40G,https://www.tesco.com/groceries/en-GB/shop/food-cupboard/all?department=Cooking%20Ingredients&viewAll=department&page=,£0.90,£2.25/100g,Any 4 for £2 Clubcard Price - Selected Schwartz Recipe Mix 20g-41g ,,/groceries/en-GB/products/254882804,https://digitalcontent.api.tesco.com/v2/media/ghs/4f0c1abb-b762-4428-b498-6716e414eca8/28a1f2a2-f65d-4cf5-b99d-821b85ecc198_548171675.jpeg?h=225&w=225,
258169474,Schwartz Sausage Casserole Mix 35G,https://www.tesco.com/groceries/en-GB/shop/food-cupboard/all?department=Cooking%20Ingredients&viewAll=department&page=,£0.90,£2.58/100g,Any 4 for £2 Clubcard Price - Selected Schwartz Recipe Mix 20g-41g ,,/groceries/en-GB/products/258169474,https://digitalcontent.api.tesco.com/v2/media/ghs/997cb44d-415d-430d-a223-7cb8c1ccdfb9/ed998fcf-c7d6-4471-8c87-f79bbca9ad29_1684663157.jpeg?h=225&w=225,
255209778,Filippo Berio Pure Olive Oil 500 Ml,https://www.tesco.com/groceries/en-GB/shop/food-cupboard/all?department=Cooking%20Ingredients&viewAll=department&page=,£4.50,£0.90/100ml,,,/groceries/en-GB/products/255209778,https://digitalcontent.api.tesco.com/v2/media/ghs/c1a1a899-75f6-4d78-ad99-f046015747af/4eb21e9d-1044-42e2-b5f0-7273d4f66d73_2114377389.jpeg?h=225&w=225,
304393443,Tesco Goose Fat 320G,https://www.tesco.com/groceries/en-GB/shop/food-cupboard/all?department=Cooking%20Ingredients&viewAll=department&page=,£3.95,£1.24/100g,,,/groceries/en-GB/products/304393443,https://digitalcontent.api.tesco.com/v2/media/ghs/e8d6a5cf-591b-4294-992e-c0fd136f4f50/080d101d-18b7-479b-8c61-0692a78e8208_1701161691.jpeg?h=225&w=225,
254880858,Bovril Beef Extract 250G,https://www.tesco.com/groceries/en-GB/shop/food-cupboard/all?department=Cooking%20Ingredients&viewAll=department&page=,£4.40,£1.76/100g,,,/groceries/en-GB/products/254880858,https://digitalcontent.api.tesco.com/v2/media/ghs/1d7e3736-1446-4f9e-a9d9-d5c19da6305b/0959ebdd-6fda-4f56-a556-afaea718ef01_1933241094.jpeg?h=225&w=225,
289130599,Tesco Rock Salt Grinder 100G,https://www.tesco.com/groceries/en-GB/shop/food-cupboard/all?department=Cooking%20Ingredients&viewAll=department&page=,£2.10,£21.00/kg,,,/groceries/en-GB/products/289130599,https://digitalcontent.api.tesco.com/v2/media/ghs/bd2df898-fe5f-4e9e-9093-a301ae5324c1/9b204d8e-5f12-404a-ba14-f88062aca553_784698533.jpeg?h=225&w=225,
258540593,Schwartz Mulled Wine Spice Refill 18G,https://www.tesco.com/groceries/en-GB/shop/food-cupboard/all?department=Cooking%20Ingredients&viewAll=department&page=,£1.75,£0.97/10g,Any 2 for £2.85 Clubcard Price - Selected Schwartz Seasonings 1g-90g,,/groceries/en-GB/products/258540593,https://digitalcontent.api.tesco.com/v2/media/ghs/265696a7-9734-4b24-be61-e0d9addcedda/41d3a0f8-57fc-4e54-82f4-ab13a2c66e15_244016146.jpeg?h=225&w=225,
301971870,Tesco Black Peppercorns 250G,https://www.tesco.com/groceries/en-GB/shop/food-cupboard/all?department=Cooking%20Ingredients&viewAll=department&page=,£3.70,£0.15/10g,,,/groceries/en-GB/products/301971870,https://digitalcontent.api.tesco.com/v2/media/ghs/3894ffeb-c323-4912-9bc4-c1a8f75b01e7/snapshotimagehandler_629863083.jpeg?h=225&w=225,
257724971,Tesco Black Peppercorn Grinder 50G,https://www.tesco.com/groceries/en-GB/shop/food-cupboard/all?department=Cooking%20Ingredients&viewAll=department&page=,£2.20,£44.00/kg,,,/groceries/en-GB/products/257724971,https://digitalcontent.api.tesco.com/v2/media/ghs/82d19798-030c-4271-9a7c-560b90b6d40f/78a1ef56-0eed-44e6-aecd-8d5f4cb67a8b_477465431.jpeg?h=225&w=225,
255956181,Marigold Swiss Vegetable Bouillon Powder 150G,https://www.tesco.com/groceries/en-GB/shop/food-cupboard/all?department=Cooking%20Ingredients&viewAll=department&page=,£2.00,£1.34/100g,,,/groceries/en-GB/products/255956181,https://digitalcontent.api.tesco.com/v2/media/ghs/723fa45b-f2f0-431e-b468-112d25cbaf88/48e04e5b-4115-4f9b-93d7-8235333372d5_1772758119.jpeg?h=225&w=225,
312358497,Bisto Best Turkey Gravy 230G,https://www.tesco.com/groceries/en-GB/shop/food-cupboard/all?department=Cooking%20Ingredients&viewAll=department&page=,£2.95,£1.29/100g,£2.50 Clubcard Price,,/groceries/en-GB/products/312358497,https://digitalcontent.api.tesco.com/v2/media/ghs/289ab928-7244-4a53-a568-f07d745e2d87/13c13fea-6501-47f2-bcd9-cc228af1df00_309295759.jpeg?h=225&w=225,
280517479,Tesco Finest Chicken Gravy 350Ml,https://www.tesco.com/groceries/en-GB/shop/food-cupboard/all?department=Cooking%20Ingredients&viewAll=department&page=,£1.75,£0.50/100ml,,,/groceries/en-GB/products/280517479,https://digitalcontent.api.tesco.com/v2/media/ghs/d2e88b4c-8d46-4147-9504-74892c173a3f/018c7206-7922-4896-a2be-4c1dbc0c93bc_1795484942.jpeg?h=225&w=225,
278756935,Tesco Finest Chicken Stock 450Ml,https://www.tesco.com/groceries/en-GB/shop/food-cupboard/all?department=Cooking%20Ingredients&viewAll=department&page=,£1.75,£0.39/100ml,,,/groceries/en-GB/products/278756935,https://digitalcontent.api.tesco.com/v2/media/ghs/b4ec6c54-dd8f-4939-9f71-c59602106e48/b785ea13-3585-4c31-82ee-6ffba27e4508_411890215.jpeg?h=225&w=225,
313366217,Napolina Extra Virgin Olive Oil Spray 200Ml,https://www.tesco.com/groceries/en-GB/shop/food-cupboard/all?department=Cooking%20Ingredients&viewAll=department&page=,£2.50,£1.25/100ml,,New,/groceries/en-GB/products/313366217,https://digitalcontent.api.tesco.com/v2/media/ghs/322f0a3b-2d7d-4e92-ba85-65039311e152/snapshotimagehandler_1922432975.jpeg?h=225&w=225,
300808599,Tesco Chipotle Chilli Paste 95G,https://www.tesco.com/groceries/en-GB/shop/food-cupboard/all?department=Cooking%20Ingredients&viewAll=department&page=,£1.45,£0.15/10g,,,/groceries/en-GB/products/300808599,https://digitalcontent.api.tesco.com/v2/media/ghs/1b4cada1-6457-4bc3-8255-fed61fec5eb5/snapshotimagehandler_181000733.jpeg?h=225&w=225,
303823219,Chop Ginger Puree 75G,https://www.tesco.com/groceries/en-GB/shop/food-cupboard/all?department=Cooking%20Ingredients&viewAll=department&page=,£1.30,£0.17/10g,,,/groceries/en-GB/products/303823219,https://digitalcontent.api.tesco.com/v2/media/ghs/50f07c35-71dc-4def-a1d8-ac89c898b89b/ba44ad9f-7a16-4d46-8b67-02a59879eb76_2001862019.jpeg?h=225&w=225,
256150527,Tesco Ground Coriander 36G,https://www.tesco.com/groceries/en-GB/shop/food-cupboard/all?department=Cooking%20Ingredients&viewAll=department&page=,£1.00,£27.78/kg,,,/groceries/en-GB/products/256150527,https://digitalcontent.api.tesco.com/v2/media/ghs/3002eb5e-d424-4485-b975-6dfcebfe242e/11a2e35e-54a9-420e-9f73-06f822c4ca66_791981546.jpeg?h=225&w=225,
251990617,Tesco Garam Masala Spice Blend 38G,https://www.tesco.com/groceries/en-GB/shop/food-cupboard/all?department=Cooking%20Ingredients&viewAll=department&page=,£1.00,£26.32/kg,,,/groceries/en-GB/products/251990617,https://digitalcontent.api.tesco.com/v2/media/ghs/be119596-b92f-43b7-a29d-3ee656636786/8f3334db-c3bc-4d19-81ad-5cb8eb30ec11_1738057001.jpeg?h=225&w=225,
254881270,Knorr Vegetable Stock Cubes 8 X 10G,https://www.tesco.com/groceries/en-GB/shop/food-cupboard/all?department=Cooking%20Ingredients&viewAll=department&page=,£1.75,£2.19/100g,£1.30 Clubcard Price,,/groceries/en-GB/products/254881270,https://digitalcontent.api.tesco.com/v2/media/ghs/df9dca9d-30df-49ea-92f0-ede2d825459a/e1d381c2-a1bb-4c83-9162-3d54ee4e4bdd_1713328794.jpeg?h=225&w=225,
300456261,Tesco Oregano 30G ..,https://www.tesco.com/groceries/en-GB/shop/food-cupboard/all?department=Cooking%20Ingredients&viewAll=department&page=,£1.05,£0.35/10g,,,/groceries/en-GB/products/300456261,https://digitalcontent.api.tesco.com/v2/media/ghs/32b630f3-f546-4af8-9237-4c1a7c56cc07/snapshotimagehandler_2091677312.jpeg?h=225&w=225,
253209545,Schwartz Hollandaise Sauce 25G,https://www.tesco.com/groceries/en-GB/shop/food-cupboard/all?department=Cooking%20Ingredients&viewAll=department&page=,£0.90,£3.60/100g,Any 4 for £2 Clubcard Price - Selected Schwartz Recipe Mix 20g-41g ,,/groceries/en-GB/products/253209545,https://digitalcontent.api.tesco.com/v2/media/ghs/8e0d76a9-84a6-40a0-8f08-8c98cb54b208/dd41f43f-b4bd-496f-b0e3-098720eddf6e_1018443372.jpeg?h=225&w=225,
254880743,Bisto Original Powder For Gravy 454G,https://www.tesco.com/groceries/en-GB/shop/food-cupboard/all?department=Cooking%20Ingredients&viewAll=department&page=,£3.00,£0.66/100g,,,/groceries/en-GB/products/254880743,https://digitalcontent.api.tesco.com/v2/media/ghs/e23eda05-4877-4364-831d-c6aa59adc1cf/93bd3461-3230-4359-be4c-8b99953a65ea_208699515.jpeg?h=225&w=225,
255769961,Tesco Medium Curry Powder 80G,https://www.tesco.com/groceries/en-GB/shop/food-cupboard/all?department=Cooking%20Ingredients&viewAll=department&page=,£1.05,£0.13/10g,,,/groceries/en-GB/products/255769961,https://digitalcontent.api.tesco.com/v2/media/ghs/00dafc7c-dc82-4901-8b8e-fdb48ac63921/5235ce99-1ade-47bb-8d07-e2c34e3d414b_1368417641.jpeg?h=225&w=225,
282048558,Kallo Very Low Salt Organic Chicken Stock Cubes 48G,https://www.tesco.com/groceries/en-GB/shop/food-cupboard/all?department=Cooking%20Ingredients&viewAll=department&page=,£1.20,£2.50/100g,,,/groceries/en-GB/products/282048558,https://digitalcontent.api.tesco.com/v2/media/ghs/bfb6af1a-ff38-47f9-853d-5a426fc67f2b/bbe0ca0e-9139-44c3-a09c-c91aab6a84ef_506170420.jpeg?h=225&w=225,
277972093,Nando's Peri Peri Rub Medium 25G,https://www.tesco.com/groceries/en-GB/shop/food-cupboard/all?department=Cooking%20Ingredients&viewAll=department&page=,£1.00,£40.00/kg,,,/groceries/en-GB/products/277972093,https://digitalcontent.api.tesco.com/v2/media/ghs/dfbfbb98-38a9-41e9-b20e-6c090b07b90e/0706da5e-0cf5-4bf1-b838-d35d94df9bd2_2091710273.jpeg?h=225&w=225,
255325148,Kallo Very Low Salt Vegetable Stock Cube 60G,https://www.tesco.com/groceries/en-GB/shop/food-cupboard/all?department=Cooking%20Ingredients&viewAll=department&page=,£1.20,£2.00/100g,,,/groceries/en-GB/products/255325148,https://digitalcontent.api.tesco.com/v2/media/ghs/742aa041-4cb8-493e-8230-90fb6ca9e177/fc5889b2-1489-41f1-9fa0-bb7f7ee06231_887044991.jpeg?h=225&w=225,
251994901,Tesco Mild Chilli Powder 50G,https://www.tesco.com/groceries/en-GB/shop/food-cupboard/all?department=Cooking%20Ingredients&viewAll=department&page=,£1.00,£20.00/kg,,,/groceries/en-GB/products/251994901,https://digitalcontent.api.tesco.com/v2/media/ghs/f97c303b-c68d-41de-9d70-19006f1dd9ab/a86402b7-96c4-48c9-8a29-0fe6e787ab4d_163414520.jpeg?h=225&w=225,
281505019,Colman's Hot Con Carne Recipe Mix 37G,https://www.tesco.com/groceries/en-GB/shop/food-cupboard/all?department=Cooking%20Ingredients&viewAll=department&page=,£0.90,£2.44/100g,Any 4 for £2 Clubcard Price - Selected Colmans Recipe Mix 20g-50g,,/groceries/en-GB/products/281505019,https://digitalcontent.api.tesco.com/v2/media/ghs/01ea5c59-4197-4cfa-8286-f10e941fd91b/4d7a7e99-62bc-4043-b15d-dd505cc2bec1_1085357774.jpeg?h=225&w=225,
251620901,Tesco Crushed Chillies 28G,https://www.tesco.com/groceries/en-GB/shop/food-cupboard/all?department=Cooking%20Ingredients&viewAll=department&page=,£0.85,£30.36/kg,,,/groceries/en-GB/products/251620901,https://digitalcontent.api.tesco.com/v2/media/ghs/268c8cfa-8f4a-4178-b69c-960e8da78518/461a60a6-c100-4e2d-82a0-55d688de6bc5_31473875.jpeg?h=225&w=225,
310105587,Schwartz Extra Mature Cheddar Cheese Sauce 30G,https://www.tesco.com/groceries/en-GB/shop/food-cupboard/all?department=Cooking%20Ingredients&viewAll=department&page=,£0.90,£3.00/100g,Any 4 for £2 Clubcard Price - Selected Schwartz Recipe Mix 20g-41g ,,/groceries/en-GB/products/310105587,https://digitalcontent.api.tesco.com/v2/media/ghs/8be7994f-059d-4687-afd0-c1c295ef0bbc/0e3d04e3-c1ca-43a9-a9aa-3c0c79335811_1522026854.jpeg?h=225&w=225,
254193744,Saxa Coarse Sea Salt 350G,https://www.tesco.com/groceries/en-GB/shop/food-cupboard/all?department=Cooking%20Ingredients&viewAll=department&page=,£1.25,£3.58/kg,,,/groceries/en-GB/products/254193744,https://digitalcontent.api.tesco.com/v2/media/ghs/c7f06e38-9f40-4f9b-892d-6eb4664a5aee/a0aaddd8-daf2-4851-83c8-110be682056e_572915941.jpeg?h=225&w=225,
258433576,Schwtz Hot Chilli Con Carne Casserole Mix41g,https://www.tesco.com/groceries/en-GB/shop/food-cupboard/all?department=Cooking%20Ingredients&viewAll=department&page=,£0.90,£2.20/100g,Any 4 for £2 Clubcard Price - Selected Schwartz Recipe Mix 20g-41g ,,/groceries/en-GB/products/258433576,https://digitalcontent.api.tesco.com/v2/media/ghs/56a3ece9-6904-422a-ace7-a7180934bcf7/b07f6db9-b4f2-44c5-bdd4-53729d207b05_1875121876.jpeg?h=225&w=225,
278834077,Tesco Golden Breadcrumbs 175G,https://www.tesco.com/groceries/en-GB/shop/food-cupboard/all?department=Cooking%20Ingredients&viewAll=department&page=,£0.85,£4.86/kg,,,/groceries/en-GB/products/278834077,https://digitalcontent.api.tesco.com/v2/media/ghs/4ed496b5-08db-4767-98a6-4b673fa88130/a2bc6dd1-527d-4156-a3d8-6c5f58c6b755_651498992.jpeg?h=225&w=225,
256149680,Tesco Dried Rosemary 27G Jar,https://www.tesco.com/groceries/en-GB/shop/food-cupboard/all?department=Cooking%20Ingredients&viewAll=department&page=,£0.70,£25.93/kg,,,/groceries/en-GB/products/256149680,https://digitalcontent.api.tesco.com/v2/media/ghs/b0081e57-751f-4ffb-a427-d1bc503e480a/2bcad824-d7e9-4768-a7c6-5d0bf11e74ef_1339739673.jpeg?h=225&w=225,
312349145,Tesco Finest Free From Cranberry Onion Apple Stuffing Mix 130G,https://www.tesco.com/groceries/en-GB/shop/food-cupboard/all?department=Cooking%20Ingredients&viewAll=department&page=,£2.00,£1.54/100g,,New,/groceries/en-GB/products/312349145,https://digitalcontent.api.tesco.com/v2/media/ghs/63a75627-dc7e-4f27-8c36-3dedf3f2212b/ba2e8857-dbe2-4673-a9a7-a5f5f74e4b82_1853203472.jpeg?h=225&w=225,
300456422,Tesco Italian Seasoning 18G ..,https://www.tesco.com/groceries/en-GB/shop/food-cupboard/all?department=Cooking%20Ingredients&viewAll=department&page=,£0.70,£38.89/kg,,,/groceries/en-GB/products/300456422,https://digitalcontent.api.tesco.com/v2/media/ghs/023539ce-379c-49aa-b53a-c42d3aae97b5/7fd114bc-e3ab-4535-86ca-53a9f1d0e9ef_2102635600.jpeg?h=225&w=225,
264104905,Tesco Bay Leaves 3G,https://www.tesco.com/groceries/en-GB/shop/food-cupboard/all?department=Cooking%20Ingredients&viewAll=department&page=,£0.70,£233.34/kg,,,/groceries/en-GB/products/264104905,https://digitalcontent.api.tesco.com/v2/media/ghs/64961575-dd04-4d73-b093-6bbbe04771ac/1adcf950-9dfb-4bc1-853a-f94959a48bc4_1418787540.jpeg?h=225&w=225,
256301465,Schwtz Spaghetti Carbonara Casserole Mix32g,https://www.tesco.com/groceries/en-GB/shop/food-cupboard/all?department=Cooking%20Ingredients&viewAll=department&page=,£0.90,£2.82/100g,Any 4 for £2 Clubcard Price - Selected Schwartz Recipe Mix 20g-41g ,,/groceries/en-GB/products/256301465,https://digitalcontent.api.tesco.com/v2/media/ghs/840b9957-1140-4a6f-8db4-cb305eef9bbe/8df8c3ab-477b-4e3b-ac19-0573db9e6cba_1241825604.jpeg?h=225&w=225,
250323638,Schwartz Garlic & Herb Potato Wedges 38G,https://www.tesco.com/groceries/en-GB/shop/food-cupboard/all?department=Cooking%20Ingredients&viewAll=department&page=,£0.90,£2.37/100g,Any 4 for £2 Clubcard Price - Selected Schwartz Recipe Mix 20g-41g ,,/groceries/en-GB/products/250323638,https://digitalcontent.api.tesco.com/v2/media/ghs/86701682-8a3e-44e6-a58d-e4f4d8a3f280/5c16b8dc-93aa-4756-922b-2cc0324dd95a_776188449.jpeg?h=225&w=225,
259557543,Tesco Vegetable Gravy Granules 200G,https://www.tesco.com/groceries/en-GB/shop/food-cupboard/all?department=Cooking%20Ingredients&viewAll=department&page=,£0.80,£0.40/100g,,,/groceries/en-GB/products/259557543,https://digitalcontent.api.tesco.com/v2/media/ghs/2e9f1555-d340-4a3e-9a07-ee986734f5ae/423ca686-432a-453b-be47-8ed3f65b5fdf_993137944.jpeg?h=225&w=225,
307150035,Schwartz Beef & Ale Slow Cook Recipe Mix 38G,https://www.tesco.com/groceries/en-GB/shop/food-cupboard/all?department=Cooking%20Ingredients&viewAll=department&page=,£0.90,£2.37/100g,Any 4 for £2 Clubcard Price - Selected Schwartz Recipe Mix 20g-41g ,,/groceries/en-GB/products/307150035,https://digitalcontent.api.tesco.com/v2/media/ghs/adbeb94d-e8e6-4949-a9f1-11a288d799a3/57f0d7b8-6d55-4eba-a006-517126ec14f1_1021707708.jpeg?h=225&w=225,
267116466,Tesco Onion Gravy Granules 200G,https://www.tesco.com/groceries/en-GB/shop/food-cupboard/all?department=Cooking%20Ingredients&viewAll=department&page=,£0.80,£0.40/100g,,,/groceries/en-GB/products/267116466,https://digitalcontent.api.tesco.com/v2/media/ghs/190cf746-c04f-4279-915b-7c79e4f06caf/ea3d7a2d-373b-4e91-9e17-841298ef82c9_668469985.jpeg?h=225&w=225,
306817499,La Espanola Extra Virgin Olive Oil Litre,https://www.tesco.com/groceries/en-GB/shop/food-cupboard/all?department=Cooking%20Ingredients&viewAll=department&page=,£7.05,£0.70/100ml,,,/groceries/en-GB/products/306817499,https://digitalcontent.api.tesco.com/v2/media/ghs/8e5f2956-5c89-4761-8411-46835956eeb4/229baf00-18d8-4233-aee4-0f23c02dfe29_583582018.jpeg?h=225&w=225,
253628953,Filippo Berio Extra Virgin Olive Oil 1Ltr,https://www.tesco.com/groceries/en-GB/shop/food-cupboard/all?department=Cooking%20Ingredients&viewAll=department&page=,£8.00,£0.80/100ml,£6.00 Clubcard Price,,/groceries/en-GB/products/253628953,https://digitalcontent.api.tesco.com/v2/media/ghs/bf205867-6262-4312-a413-da4372f1a9ff/3c175a07-3ed6-4db0-8cac-9a3c00d2135a_1117803157.jpeg?h=225&w=225,
254918234,Tesco Pure Sunflower Oil 3L,https://www.tesco.com/groceries/en-GB/shop/food-cupboard/all?department=Cooking%20Ingredients&viewAll=department&page=,£6.25,£0.21/100ml,,,/groceries/en-GB/products/254918234,https://digitalcontent.api.tesco.com/v2/media/ghs/70a7caeb-2c2f-4679-ac14-c7673b654173/bf912276-0fe2-41b0-aa10-5d498db6c385_1890391940.jpeg?h=225&w=225,
292718570,Tesco Virgin Organic Coconut Oil 300Ml,https://www.tesco.com/groceries/en-GB/shop/food-cupboard/all?department=Cooking%20Ingredients&viewAll=department&page=,£3.30,£1.10/100ml,,,/groceries/en-GB/products/292718570,https://digitalcontent.api.tesco.com/v2/media/ghs/7c850e8f-c3dc-44b7-b102-ada9d2c7ee37/5da8c5d2-cdfc-46a3-81af-fe6fa5995a9b_701315472.jpeg?h=225&w=225,
258732959,Crisp 'N Dry 100% Rapeseed Oil 2 Litre,https://www.tesco.com/groceries/en-GB/shop/food-cupboard/all?department=Cooking%20Ingredients&viewAll=department&page=,£6.00,£0.30/100ml,£5.00 Clubcard Price,,/groceries/en-GB/products/258732959,https://digitalcontent.api.tesco.com/v2/media/ghs/e5e1f788-a90b-4cc4-af3b-a7e57bcec7f6/65625fba-196a-494f-877a-991e046b7545_1551419070.jpeg?h=225&w=225,
258732769,Crisp 'N Dry 100% Rapeseed Oil 1L,https://www.tesco.com/groceries/en-GB/shop/food-cupboard/all?department=Cooking%20Ingredients&viewAll=department&page=,£3.25,£0.32/100ml,,,/groceries/en-GB/products/258732769,https://digitalcontent.api.tesco.com/v2/media/ghs/e5ff1355-31ce-48f6-abab-c6c0fb701de8/6be337e3-ce8e-45cb-9b87-6db5fa041897_893448102.jpeg?h=225&w=225,
282150897,Goldenfields Pure Rapeseed Oil 1L,https://www.tesco.com/groceries/en-GB/shop/food-cupboard/all?department=Cooking%20Ingredients&viewAll=department&page=,£2.50,£0.25/100ml,,,/groceries/en-GB/products/282150897,https://digitalcontent.api.tesco.com/v2/media/ghs/f6ac8b2a-410b-429e-ab92-710a94cb4f5b/75ad91f8-1c59-439b-af0b-761ba6d39a59_701808668.jpeg?h=225&w=225,
288805713,Tesco Finest Apple & Cranberry Stuffing Mix 130G,https://www.tesco.com/groceries/en-GB/shop/food-cupboard/all?department=Cooking%20Ingredients&viewAll=department&page=,£1.90,£14.62/kg,,,/groceries/en-GB/products/288805713,https://digitalcontent.api.tesco.com/v2/media/ghs/3ea08e3f-cff6-4293-977d-309f57c2afbd/76340235-afd1-4814-b75b-3ea60aaa8bb8_1112590000.jpeg?h=225&w=225,
300808076,Tesco Drizzle With Balsamic Vinegar 215Ml,https://www.tesco.com/groceries/en-GB/shop/food-cupboard/all?department=Cooking%20Ingredients&viewAll=department&page=,£2.00,£0.93/100ml,,,/groceries/en-GB/products/300808076,https://digitalcontent.api.tesco.com/v2/media/ghs/b77abd6f-f10a-4576-b59d-afd6e70f0ae3/snapshotimagehandler_1811819848.jpeg?h=225&w=225,
257512127,Schwartz Mixed Spice 28G Jar,https://www.tesco.com/groceries/en-GB/shop/food-cupboard/all?department=Cooking%20Ingredients&viewAll=department&page=,£1.85,£66.08/kg,Any 2 for £2.85 Clubcard Price - Selected Schwartz Seasonings 1g-90g,,/groceries/en-GB/products/257512127,https://digitalcontent.api.tesco.com/v2/media/ghs/d236d3d7-7057-42b1-a97e-e39c2f00741a/8a28700d-299a-4893-b65f-9a5016dfe855_1882963735.jpeg?h=225&w=225,
254918430,Tesco Extra Virgin Olive Oil 500Ml,https://www.tesco.com/groceries/en-GB/shop/food-cupboard/all?department=Cooking%20Ingredients&viewAll=department&page=,£3.20,£0.64/100ml,,,/groceries/en-GB/products/254918430,https://digitalcontent.api.tesco.com/v2/media/ghs/807a9408-e522-4168-987a-ba33fe0576f0/80d8123e-cce7-4dab-bc27-38e738e69c4f_1735577106.jpeg?h=225&w=225,
256150775,Tesco Ground Black Pepper 100G,https://www.tesco.com/groceries/en-GB/shop/food-cupboard/all?department=Cooking%20Ingredients&viewAll=department&page=,£2.00,£0.20/10g,,,/groceries/en-GB/products/256150775,https://digitalcontent.api.tesco.com/v2/media/ghs/bbcd20d0-0660-45b6-94ec-12e1e0f4c35f/snapshotimagehandler_1872606439.jpeg?h=225&w=225,
253089478,Saxa So Low Reduced Sodium Salt 350G,https://www.tesco.com/groceries/en-GB/shop/food-cupboard/all?department=Cooking%20Ingredients&viewAll=department&page=,£1.85,£5.29/kg,,,/groceries/en-GB/products/253089478,https://digitalcontent.api.tesco.com/v2/media/ghs/2a31861a-5f7c-4dec-933c-975970e65c78/8866d4be-b8f0-4f70-87fa-157e291bba66_1643110853.jpeg?h=225&w=225,
312087650,Bisto Best Beef Gravy 25% Less Salt 230G,https://www.tesco.com/groceries/en-GB/shop/food-cupboard/all?department=Cooking%20Ingredients&viewAll=department&page=,£2.95,£1.29/100g,£2.50 Clubcard Price,,/groceries/en-GB/products/312087650,https://digitalcontent.api.tesco.com/v2/media/ghs/66a8745b-c3d8-4e1c-b363-46d6dd82ef06/d0f30ea3-ca9b-4bb5-b9c4-9d3f3ed34542_1097811952.jpeg?h=225&w=225,
257380126,Tesco Extra Virgin Olive Oil 250Ml,https://www.tesco.com/groceries/en-GB/shop/food-cupboard/all?department=Cooking%20Ingredients&viewAll=department&page=,£1.90,£0.76/100ml,,,/groceries/en-GB/products/257380126,https://digitalcontent.api.tesco.com/v2/media/ghs/01959f44-33c3-4590-992c-27b94093c1f0/snapshotimagehandler_724223274.jpeg?h=225&w=225,
278757151,Tesco Finest Beef Stock 450Ml,https://www.tesco.com/groceries/en-GB/shop/food-cupboard/all?department=Cooking%20Ingredients&viewAll=department&page=,£1.75,£0.39/100ml,,,/groceries/en-GB/products/278757151,https://digitalcontent.api.tesco.com/v2/media/ghs/8534b6ae-09df-4be1-9566-e937d0147ca1/ca81c864-255f-46e8-b172-6df6e86f4cd7_234702079.jpeg?h=225&w=225,
280517456,Tesco Finest Beef Gravy 350Ml,https://www.tesco.com/groceries/en-GB/shop/food-cupboard/all?department=Cooking%20Ingredients&viewAll=department&page=,£1.75,£0.50/100ml,,,/groceries/en-GB/products/280517456,https://digitalcontent.api.tesco.com/v2/media/ghs/ed779d1e-064d-48c1-8ec3-48035e40afa1/3ffd43b4-70ff-497e-a7c9-46741148b1e6_1763807017.jpeg?h=225&w=225,
296383640,Bisto Gravy Granules 550G,https://www.tesco.com/groceries/en-GB/shop/food-cupboard/all?department=Cooking%20Ingredients&viewAll=department&page=,£4.00,£0.73/100g,£3.25 Clubcard Price,,/groceries/en-GB/products/296383640,https://digitalcontent.api.tesco.com/v2/media/ghs/39d5159d-cabb-482e-a97b-40c52ee38c74/963155e6-08d4-4a8f-8fe5-439b2e019a49_767144062.jpeg?h=225&w=225,
301454463,Nando's Bag And Bake Medium 20G,https://www.tesco.com/groceries/en-GB/shop/food-cupboard/all?department=Cooking%20Ingredients&viewAll=department&page=,£1.35,£6.75/100g,,,/groceries/en-GB/products/301454463,https://digitalcontent.api.tesco.com/v2/media/ghs/560332db-8448-426c-a42f-e50f584c94a9/ccb36e8d-3752-4fb8-b19c-4e1cd28436ba_1454567946.jpeg?h=225&w=225,
309486395,Bisto Parsley Sauce Mix 185G,https://www.tesco.com/groceries/en-GB/shop/food-cupboard/all?department=Cooking%20Ingredients&viewAll=department&page=,£2.00,£1.09/100g,,,/groceries/en-GB/products/309486395,https://digitalcontent.api.tesco.com/v2/media/ghs/fec80ce9-0d04-481d-831d-7d516bca44ad/9e61800a-9268-4fb1-b8d2-dfe51551bf38_1675105136.jpeg?h=225&w=225,
256293450,Colman's White Sauce Mix 25G,https://www.tesco.com/groceries/en-GB/shop/food-cupboard/all?department=Cooking%20Ingredients&viewAll=department&page=,£0.90,£3.60/100g,,,/groceries/en-GB/products/256293450,https://digitalcontent.api.tesco.com/v2/media/ghs/dd6447e7-6a91-4b8a-9971-1947aef0353e/f5d83da0-9eb8-40c8-91c6-70100cfd2d2d_12070652.jpeg?h=225&w=225,
264768009,Knorr Chicken Stock Cubes 20 X 10G,https://www.tesco.com/groceries/en-GB/shop/food-cupboard/all?department=Cooking%20Ingredients&viewAll=department&page=,£2.65,£1.33/100g,,,/groceries/en-GB/products/264768009,https://digitalcontent.api.tesco.com/v2/media/ghs/f73fb7e0-e3d4-4ef6-b344-bd20d3090f58/976d42b6-b075-40d1-a83a-e8f3db8d9a7d_856782512.jpeg?h=225&w=225,
303823191,Chop Garlic Puree 75G,https://www.tesco.com/groceries/en-GB/shop/food-cupboard/all?department=Cooking%20Ingredients&viewAll=department&page=,£1.30,£0.17/10g,,,/groceries/en-GB/products/303823191,https://digitalcontent.api.tesco.com/v2/media/ghs/da236ab9-f70f-4fea-82ec-8fdc27ae4610/663235d5-3d15-48f7-b4e0-c9f058fb308c_293488063.jpeg?h=225&w=225,
259045325,Tesco Light In Colour Olive Oil 1Ltr,https://www.tesco.com/groceries/en-GB/shop/food-cupboard/all?department=Cooking%20Ingredients&viewAll=department&page=,£4.25,£0.42/100ml,,,/groceries/en-GB/products/259045325,https://digitalcontent.api.tesco.com/v2/media/ghs/37b28f70-97c5-49ae-9758-ee78dd4675a3/cbe0af29-e687-44a5-8b23-2d75969594c5_601248877.jpeg?h=225&w=225,
250882160,Knorr Aromat Seasoning 90G,https://www.tesco.com/groceries/en-GB/shop/food-cupboard/all?department=Cooking%20Ingredients&viewAll=department&page=,£1.45,£0.16/10g,,,/groceries/en-GB/products/250882160,https://digitalcontent.api.tesco.com/v2/media/ghs/4eaf7a29-f256-4fda-ba81-0afe1dca8729/ea4171b7-f8e3-4ddd-87c9-66c7e393f5c3_1101815971.jpeg?h=225&w=225,
252068516,Tesco Ground Cayenne Pepper 48G,https://www.tesco.com/groceries/en-GB/shop/food-cupboard/all?department=Cooking%20Ingredients&viewAll=department&page=,£1.00,£20.84/kg,,,/groceries/en-GB/products/252068516,https://digitalcontent.api.tesco.com/v2/media/ghs/25154200-2d6e-40f1-b097-da5b6d43f91c/84f3815c-f31f-45fe-8045-3f733214548e_1682589163.jpeg?h=225&w=225,
309493789,Bisto Onion Gravy Granules 190G,https://www.tesco.com/groceries/en-GB/shop/food-cupboard/all?department=Cooking%20Ingredients&viewAll=department&page=,£2.00,£1.06/100g,£1.50 Clubcard Price,,/groceries/en-GB/products/309493789,https://digitalcontent.api.tesco.com/v2/media/ghs/e7a66ec0-6170-4216-aa08-7443adb479d8/c452d08a-9c7d-4dba-b32a-3c7ad6a46fa5_1483787484.jpeg?h=225&w=225,
255770060,Tesco Mild Curry Powder 80G,https://www.tesco.com/groceries/en-GB/shop/food-cupboard/all?department=Cooking%20Ingredients&viewAll=department&page=,£1.05,£0.13/10g,,,/groceries/en-GB/products/255770060,https://digitalcontent.api.tesco.com/v2/media/ghs/c9e86076-2207-4908-8f0f-fee3346be0a5/eec19402-7fc1-49c4-86e2-0db78a54312b_843876992.jpeg?h=225&w=225,
309489668,Bisto Reduced Salt Chicken Gravy Granules 190G,https://www.tesco.com/groceries/en-GB/shop/food-cupboard/all?department=Cooking%20Ingredients&viewAll=department&page=,£2.00,£1.06/100g,£1.50 Clubcard Price,,/groceries/en-GB/products/309489668,https://digitalcontent.api.tesco.com/v2/media/ghs/2864eaba-54c1-4133-925a-e3ba5cca0c5d/8accd575-f680-47d1-b467-afcef77c1773_947376848.jpeg?h=225&w=225,
254881212,Knorr Ham Stock Cubes 8 X 10G,https://www.tesco.com/groceries/en-GB/shop/food-cupboard/all?department=Cooking%20Ingredients&viewAll=department&page=,£1.75,£2.19/100g,£1.30 Clubcard Price,,/groceries/en-GB/products/254881212,https://digitalcontent.api.tesco.com/v2/media/ghs/17256986-266d-4ae9-a8b1-244d4312d963/ba5f0694-9fbd-4ecc-bd34-28f5b626bd54_1600229062.jpeg?h=225&w=225,
251620642,Tesco Chinese 5 Spice 34G,https://www.tesco.com/groceries/en-GB/shop/food-cupboard/all?department=Cooking%20Ingredients&viewAll=department&page=,£1.00,£29.42/kg,,,/groceries/en-GB/products/251620642,https://digitalcontent.api.tesco.com/v2/media/ghs/19e79c79-e42a-4cc2-9efc-7b5a4106ae37/bbf769e8-db65-43c8-8cca-1c7f2c2bd324_158104715.jpeg?h=225&w=225,
268406162,Colman's Beef Stroganoff Recipe Mix 39G,https://www.tesco.com/groceries/en-GB/shop/food-cupboard/all?department=Cooking%20Ingredients&viewAll=department&page=,£0.90,£2.31/100g,Any 4 for £2 Clubcard Price - Selected Colmans Recipe Mix 20g-50g,,/groceries/en-GB/products/268406162,https://digitalcontent.api.tesco.com/v2/media/ghs/d07457ba-e259-4edc-bd74-d665591f5fe5/1af16bdd-7eb4-4b33-aa4e-b1ab701ec93e_2096423821.jpeg?h=225&w=225,
268595414,Tesco Dried Sage 12G,https://www.tesco.com/groceries/en-GB/shop/food-cupboard/all?department=Cooking%20Ingredients&viewAll=department&page=,£0.70,£0.58/10g,,,/groceries/en-GB/products/268595414,https://digitalcontent.api.tesco.com/v2/media/ghs/d1bfd098-9d67-47e0-9480-f776e57ec86e/f0f04277-a371-4697-aa9e-89fdc95882cf_280897576.jpeg?h=225&w=225,
251994596,Tesco Hot Chilli Powder 50G,https://www.tesco.com/groceries/en-GB/shop/food-cupboard/all?department=Cooking%20Ingredients&viewAll=department&page=,£0.90,£18.00/kg,,,/groceries/en-GB/products/251994596,https://digitalcontent.api.tesco.com/v2/media/ghs/d0b1452d-88d4-40bd-ad48-dffc1b056e5f/722d51cd-9df6-4fc4-b855-e803ea491000_1877646463.jpeg?h=225&w=225,
257536312,Tesco Cinnamon Sticks 12G,https://www.tesco.com/groceries/en-GB/shop/food-cupboard/all?department=Cooking%20Ingredients&viewAll=department&page=,£1.00,£83.34/kg,,,/groceries/en-GB/products/257536312,https://digitalcontent.api.tesco.com/v2/media/ghs/1927fefd-8d8b-4c00-96e8-8b350fe8289b/snapshotimagehandler_542200372.jpeg?h=225&w=225,
308102495,Colman's Chicken Kebab Seasoning Mix 30G,https://www.tesco.com/groceries/en-GB/shop/food-cupboard/all?department=Cooking%20Ingredients&viewAll=department&page=,£1.00,£3.34/100g,65p Clubcard Price,,/groceries/en-GB/products/308102495,https://digitalcontent.api.tesco.com/v2/media/ghs/7bf99f7b-109d-4698-a467-060a00ae0984/92479336-e089-4838-8c02-480969c9bc91_1235097114.jpeg?h=225&w=225,
256147048,Tesco Freeze Dried Chives 3.5 G Jar,https://www.tesco.com/groceries/en-GB/shop/food-cupboard/all?department=Cooking%20Ingredients&viewAll=department&page=,£0.70,£200.00/kg,,,/groceries/en-GB/products/256147048,https://digitalcontent.api.tesco.com/v2/media/ghs/1ec1ce02-1684-4774-a22e-fbc74dcdf8ed/851067fb-3919-4dbf-ae15-ef1c3cd0483d_652776663.jpeg?h=225&w=225,
268392464,Colman's Chicken Supreme Recipe Mix 38G,https://www.tesco.com/groceries/en-GB/shop/food-cupboard/all?department=Cooking%20Ingredients&viewAll=department&page=,£0.90,£2.37/100g,Any 4 for £2 Clubcard Price - Selected Colmans Recipe Mix 20g-50g,,/groceries/en-GB/products/268392464,https://digitalcontent.api.tesco.com/v2/media/ghs/97fc6897-3ae4-4ee0-8d64-96f6b07cf019/bb921a6b-44be-46e7-9faa-b758aadc64a8_233631249.jpeg?h=225&w=225,
251975976,Schwartz Chicken Chasseur Casserole Mix40g,https://www.tesco.com/groceries/en-GB/shop/food-cupboard/all?department=Cooking%20Ingredients&viewAll=department&page=,£0.90,£2.25/100g,Any 4 for £2 Clubcard Price - Selected Schwartz Recipe Mix 20g-41g ,,/groceries/en-GB/products/251975976,https://digitalcontent.api.tesco.com/v2/media/ghs/127c6e59-e487-4582-b1fa-cd5e36a7f5eb/c21d0468-be19-4ca8-8260-05706d19fd90_109058124.jpeg?h=225&w=225,
254568745,Saxa Black Pepper 25G,https://www.tesco.com/groceries/en-GB/shop/food-cupboard/all?department=Cooking%20Ingredients&viewAll=department&page=,£0.80,£0.32/10g,,,/groceries/en-GB/products/254568745,https://digitalcontent.api.tesco.com/v2/media/ghs/f8b72df1-ef4c-40b8-b0e6-cdacfde99252/7cbd9067-492f-4340-8501-25b7e3080c28_109501185.jpeg?h=225&w=225,
281505146,Colman's Coq Au Vin Recipe Mix 36G,https://www.tesco.com/groceries/en-GB/shop/food-cupboard/all?department=Cooking%20Ingredients&viewAll=department&page=,£0.90,£2.50/100g,Any 4 for £2 Clubcard Price - Selected Colmans Recipe Mix 20g-50g,,/groceries/en-GB/products/281505146,https://digitalcontent.api.tesco.com/v2/media/ghs/22ef2587-1552-4ad4-b162-4221b9039785/f35fd946-3443-4fcc-a628-30709f700f66_1069157673.jpeg?h=225&w=225,
273913061,Maggi So Juicy Sticky Bbq For Chicken 47G,https://www.tesco.com/groceries/en-GB/shop/food-cupboard/all?department=Cooking%20Ingredients&viewAll=department&page=,£0.70,£1.49/100g,,,/groceries/en-GB/products/273913061,https://digitalcontent.api.tesco.com/v2/media/ghs/d5c7a56f-388a-4936-976b-83acab498562/29e43184-3682-4c06-85ea-82d900b92b7a.jpeg?h=225&w=225,
278288515,Tesco Garlic Infused Oil 250Ml,https://www.tesco.com/groceries/en-GB/shop/food-cupboard/all?department=Cooking%20Ingredients&viewAll=department&page=,£2.10,£0.84/100ml,,,/groceries/en-GB/products/278288515,https://digitalcontent.api.tesco.com/v2/media/ghs/75be18c1-c0ff-4e97-9fbf-fdde02c6f2e0/snapshotimagehandler_876173718.jpeg?h=225&w=225,
264546036,Tesco 10 Beef Stock Cubes 100G,https://www.tesco.com/groceries/en-GB/shop/food-cupboard/all?department=Cooking%20Ingredients&viewAll=department&page=,£0.75,£0.75/100g,,,/groceries/en-GB/products/264546036,https://digitalcontent.api.tesco.com/v2/media/ghs/5275648e-baac-4ce6-aa9c-0c31ce9fc134/de034392-1f0d-41a5-b6d1-076d08afa88a_1092804527.jpeg?h=225&w=225,
256149956,Tesco Ground Nutmeg 52G,https://www.tesco.com/groceries/en-GB/shop/food-cupboard/all?department=Cooking%20Ingredients&viewAll=department&page=,£1.00,£19.24/kg,,,/groceries/en-GB/products/256149956,https://digitalcontent.api.tesco.com/v2/media/ghs/3274d697-a562-4bc3-a77b-7b3b8a995d18/snapshotimagehandler_1979287173.jpeg?h=225&w=225,
254958261,Filippo Berio Mild & Light Olive Oil 500Ml,https://www.tesco.com/groceries/en-GB/shop/food-cupboard/all?department=Cooking%20Ingredients&viewAll=department&page=,£4.50,£0.90/100ml,,,/groceries/en-GB/products/254958261,https://digitalcontent.api.tesco.com/v2/media/ghs/0fcd210a-90eb-4711-95f9-f3085e6421ec/fcfa9968-1b97-4801-8e43-0fc8b3188f47_741919476.jpeg?h=225&w=225,
272515844,Tesco Vegetable Oil 5 Litre,https://www.tesco.com/groceries/en-GB/shop/food-cupboard/all?department=Cooking%20Ingredients&viewAll=department&page=,£8.00,£0.16/100ml,,,/groceries/en-GB/products/272515844,https://digitalcontent.api.tesco.com/v2/media/ghs/3cb17737-f1d6-408d-a722-dd7af2a553bc/9f8c8abf-ff76-43a2-a59d-8c7189136734_45430576.jpeg?h=225&w=225,
312208065,Marigold Engevita B12 Yeast Flakes 100G,https://www.tesco.com/groceries/en-GB/shop/food-cupboard/all?department=Cooking%20Ingredients&viewAll=department&page=,£3.70,£3.70/100g,,New,/groceries/en-GB/products/312208065,https://digitalcontent.api.tesco.com/v2/media/ghs/55c0ea4b-990b-46c0-9283-4b0b9e1929a7/6d5956d4-9631-4d54-96cb-29bcbbd6caef_1983217766.jpeg?h=225&w=225,
255593768,Napolina Extra Virgin Olive Oil 500Ml,https://www.tesco.com/groceries/en-GB/shop/food-cupboard/all?department=Cooking%20Ingredients&viewAll=department&page=,£3.75,£0.75/100ml,,,/groceries/en-GB/products/255593768,https://digitalcontent.api.tesco.com/v2/media/ghs/ab9afd72-2ce6-4156-9f5a-d9ddbda1cfbb/aea4008d-8691-418c-861d-1d19bf13de89_99490335.jpeg?h=225&w=225,
272672231,Blue Dragon Rice Vinegar 150Ml,https://www.tesco.com/groceries/en-GB/shop/food-cupboard/all?department=Cooking%20Ingredients&viewAll=department&page=,£2.10,£1.40/100ml,,,/groceries/en-GB/products/272672231,https://digitalcontent.api.tesco.com/v2/media/ghs/cc35cd08-77c4-45a5-b3a3-a3184389ea4e/244c88cb-5daf-46d3-a984-66b51b02eb85_1429827728.jpeg?h=225&w=225,
288794183,Tesco Finest Sage & Red Onion Stuffing 130G,https://www.tesco.com/groceries/en-GB/shop/food-cupboard/all?department=Cooking%20Ingredients&viewAll=department&page=,£1.90,£14.62/kg,,,/groceries/en-GB/products/288794183,https://digitalcontent.api.tesco.com/v2/media/ghs/a5c101f4-6d54-4cb4-a9af-cdc971fc5b02/066a64fa-c404-46e9-91d1-d347ee158389_404288158.jpeg?h=225&w=225,
301554022,Tesco Harissa Paste 90G,https://www.tesco.com/groceries/en-GB/shop/food-cupboard/all?department=Cooking%20Ingredients&viewAll=department&page=,£2.10,£0.23/10g,,,/groceries/en-GB/products/301554022,https://digitalcontent.api.tesco.com/v2/media/ghs/2c315ed5-df95-4be0-ad4f-a0230c7ec777/f2772b27-6592-4a70-9e70-eb1c9a3d8815_1493822008.jpeg?h=225&w=225,
306936185,Schwartz Bay Leaves 3G,https://www.tesco.com/groceries/en-GB/shop/food-cupboard/all?department=Cooking%20Ingredients&viewAll=department&page=,£1.85,£6.17/10g,Any 2 for £2.85 Clubcard Price - Selected Schwartz Seasonings 1g-90g,,/groceries/en-GB/products/306936185,https://digitalcontent.api.tesco.com/v2/media/ghs/57976417-f520-4b80-b4dd-3bba1e1bf515/02a9af0e-29f2-45aa-b236-55e4846ef2cc_345169645.jpeg?h=225&w=225,
251981421,Very Lazy Ginger 190G,https://www.tesco.com/groceries/en-GB/shop/food-cupboard/all?department=Cooking%20Ingredients&viewAll=department&page=,£1.90,£0.10/10g,,,/groceries/en-GB/products/251981421,https://digitalcontent.api.tesco.com/v2/media/ghs/7711006e-23d2-4e18-ab49-959b7b4639da/77d77ccb-c98c-4633-b122-84c7bc34a7e9_378264716.jpeg?h=225&w=225,
257485607,Schwartz Italian Herb Seasoning 11G Jar,https://www.tesco.com/groceries/en-GB/shop/food-cupboard/all?department=Cooking%20Ingredients&viewAll=department&page=,£1.85,£168.19/kg,Any 2 for £2.85 Clubcard Price - Selected Schwartz Seasonings 1g-90g,,/groceries/en-GB/products/257485607,https://digitalcontent.api.tesco.com/v2/media/ghs/f2d46ab9-41b9-4785-a07d-9e6e23d6f98f/947b4fd3-462e-4a7d-acc2-8f8a30f43c1e_317920635.jpeg?h=225&w=225,
301392437,Schwartz Garlic Granules 50G,https://www.tesco.com/groceries/en-GB/shop/food-cupboard/all?department=Cooking%20Ingredients&viewAll=department&page=,£1.85,£37.00/kg,Any 2 for £2.85 Clubcard Price - Selected Schwartz Seasonings 1g-90g,,/groceries/en-GB/products/301392437,https://digitalcontent.api.tesco.com/v2/media/ghs/835c87ba-2130-44ec-8218-3184b83dc5e8/3c3c192f-c9b9-4d0b-be82-6aec5dfab0dc_1614559164.jpeg?h=225&w=225,
257536462,Tesco Coarse Black Pepper 50G,https://www.tesco.com/groceries/en-GB/shop/food-cupboard/all?department=Cooking%20Ingredients&viewAll=department&page=,£1.55,£0.31/10g,,,/groceries/en-GB/products/257536462,https://digitalcontent.api.tesco.com/v2/media/ghs/dec0c29d-4ada-497a-a982-4283488f165e/snapshotimagehandler_1104752137.jpeg?h=225&w=225,
278392921,Tesco Garlic Paste 90G,https://www.tesco.com/groceries/en-GB/shop/food-cupboard/all?department=Cooking%20Ingredients&viewAll=department&page=,£1.45,£0.16/10g,,,/groceries/en-GB/products/278392921,https://digitalcontent.api.tesco.com/v2/media/ghs/abff1df1-a30d-4691-8d2c-aa99dc882219/92be955f-76f8-4b05-983e-b2667725e11a_8128532.jpeg?h=225&w=225,
300456480,Tesco Mixed Herbs 18G ..,https://www.tesco.com/groceries/en-GB/shop/food-cupboard/all?department=Cooking%20Ingredients&viewAll=department&page=,£1.20,£66.67/kg,,,/groceries/en-GB/products/300456480,https://digitalcontent.api.tesco.com/v2/media/ghs/1f580e61-f69f-40c6-8140-d66c2791e38f/snapshotimagehandler_941575885.jpeg?h=225&w=225,
273912764,Tesco Ingredients Ginger & Garlic Paste 95G,https://www.tesco.com/groceries/en-GB/shop/food-cupboard/all?department=Cooking%20Ingredients&viewAll=department&page=,£1.45,£0.15/10g,,,/groceries/en-GB/products/273912764,https://digitalcontent.api.tesco.com/v2/media/ghs/03bcb3a6-9f1b-456f-bf03-ac1673f7f08f/ecb39ba9-d1f5-4a86-bbb1-39a557c64eb9_742143156.jpeg?h=225&w=225,
264767990,Knorr Vegetable Stock Cubes 20 X 10G,https://www.tesco.com/groceries/en-GB/shop/food-cupboard/all?department=Cooking%20Ingredients&viewAll=department&page=,£2.65,£1.33/100g,,,/groceries/en-GB/products/264767990,https://digitalcontent.api.tesco.com/v2/media/ghs/9dc178d5-abcf-405a-8f9d-bdbaba2990e3/51e62adf-5e1c-4357-9fdb-3ced5822c7b4_1996196812.jpeg?h=225&w=225,
267680810,Cornish Sea Salt 225G,https://www.tesco.com/groceries/en-GB/shop/food-cupboard/all?department=Cooking%20Ingredients&viewAll=department&page=,£1.80,£8.00/kg,,,/groceries/en-GB/products/267680810,https://digitalcontent.api.tesco.com/v2/media/ghs/cc65e0c0-0fb2-4e35-9fb1-63a6727150a0/09ea9965-9ef8-4dce-aa05-6cec3fc347c4_646817677.jpeg?h=225&w=225,
301454289,Nando's Peri Peri Bag & Bake Lemon & Herb 20G,https://www.tesco.com/groceries/en-GB/shop/food-cupboard/all?department=Cooking%20Ingredients&viewAll=department&page=,£1.35,£6.75/100g,,,/groceries/en-GB/products/301454289,https://digitalcontent.api.tesco.com/v2/media/ghs/57052e13-af43-4928-9c99-2a59d5c5ba29/31f61468-0b62-4558-ad02-d71d707ccc6f_1176521366.jpeg?h=225&w=225,
308093589,Knorr 8 Zero Salt Veggie Stock Cubes 72G,https://www.tesco.com/groceries/en-GB/shop/food-cupboard/all?department=Cooking%20Ingredients&viewAll=department&page=,£1.65,£2.30/100g,,,/groceries/en-GB/products/308093589,https://digitalcontent.api.tesco.com/v2/media/ghs/2c038eb1-e815-4908-be87-9c4c8a65cace/edc080f4-1154-45f7-86d5-017f6d630cbd_584875058.jpeg?h=225&w=225,
253174694,Schwartz Classic Roast Chicken Gravy Mix 26G,https://www.tesco.com/groceries/en-GB/shop/food-cupboard/all?department=Cooking%20Ingredients&viewAll=department&page=,£1.00,£3.85/100g,Any 4 for £2 Clubcard Price - Selected Schwartz Recipe Mix 20g-41g ,,/groceries/en-GB/products/253174694,https://digitalcontent.api.tesco.com/v2/media/ghs/ba1a74d7-3b0e-48c5-9200-fc840777384d/e14180e3-3d1e-44e8-98e2-1f188cc54519_246610536.jpeg?h=225&w=225,
309473069,Bisto Vegetable Gravy Granules 190G,https://www.tesco.com/groceries/en-GB/shop/food-cupboard/all?department=Cooking%20Ingredients&viewAll=department&page=,£2.00,£1.06/100g,£1.50 Clubcard Price,,/groceries/en-GB/products/309473069,https://digitalcontent.api.tesco.com/v2/media/ghs/9bbd9299-cfad-482c-9eb7-018c99a1650f/c582b68c-770d-444e-9908-22f0f32d27ab_796346261.jpeg?h=225&w=225,
272080228,Oxo Reduced Salt Vegetable Stock Cubes 12 Pack 71G,https://www.tesco.com/groceries/en-GB/shop/food-cupboard/all?department=Cooking%20Ingredients&viewAll=department&page=,£1.75,£2.47/100g,£1.50 Clubcard Price,,/groceries/en-GB/products/272080228,https://digitalcontent.api.tesco.com/v2/media/ghs/ecb1d4cb-92cc-4acd-90f4-fcbc6c391089/cd3221d5-bf22-4c2c-9532-e5ef6def2bc6_949860605.jpeg?h=225&w=225,
309179920,Bisto Turkey Gravy Granules 190G,https://www.tesco.com/groceries/en-GB/shop/food-cupboard/all?department=Cooking%20Ingredients&viewAll=department&page=,£2.00,£1.06/100g,£1.50 Clubcard Price,,/groceries/en-GB/products/309179920,https://digitalcontent.api.tesco.com/v2/media/ghs/d2a1f3ce-ada0-416e-a0f5-a4b87684677c/c00d06fb-6b67-4906-8497-7078bde6982a_1100271132.jpeg?h=225&w=225,
257872472,Oxo 24S Chicken Stock Cubes 142G,https://www.tesco.com/groceries/en-GB/shop/food-cupboard/all?department=Cooking%20Ingredients&viewAll=department&page=,£2.50,£1.77/100g,,,/groceries/en-GB/products/257872472,https://digitalcontent.api.tesco.com/v2/media/ghs/124a57a4-ba12-4629-a003-0e4b86dc63a8/2b1ab433-0730-4fed-9098-2712108505c0_675099585.jpeg?h=225&w=225,
300456203,Tesco Ground Sweet Cinnamon 40G,https://www.tesco.com/groceries/en-GB/shop/food-cupboard/all?department=Cooking%20Ingredients&viewAll=department&page=,£1.00,£0.25/10g,,,/groceries/en-GB/products/300456203,https://digitalcontent.api.tesco.com/v2/media/ghs/255eb5c1-fd39-48d6-91c7-e35bfc661676/snapshotimagehandler_928994894.jpeg?h=225&w=225,
256150061,Tesco Ground Mix Spice 37G,https://www.tesco.com/groceries/en-GB/shop/food-cupboard/all?department=Cooking%20Ingredients&viewAll=department&page=,£0.95,£25.68/kg,,,/groceries/en-GB/products/256150061,https://digitalcontent.api.tesco.com/v2/media/ghs/093f1172-7b27-406d-903a-4e1b7f11021a/b7336255-685c-4289-afaf-7e696b18a47b_1983965437.jpeg?h=225&w=225,
307733544,Tesco Finest British Beef & Red Onion Gravy Granules 200G,https://www.tesco.com/groceries/en-GB/shop/food-cupboard/all?department=Cooking%20Ingredients&viewAll=department&page=,£1.65,£0.82/100g,,,/groceries/en-GB/products/307733544,https://digitalcontent.api.tesco.com/v2/media/ghs/569be6a4-ea1b-4770-b345-b1d57f620ed0/02a4f2ca-b801-4a0c-bc05-3a960776d58d_1383854386.jpeg?h=225&w=225,
307758970,Tesco Finest British Chicken Sage & Onion Gravy Granules 200G,https://www.tesco.com/groceries/en-GB/shop/food-cupboard/all?department=Cooking%20Ingredients&viewAll=department&page=,£1.65,£0.82/100g,,,/groceries/en-GB/products/307758970,https://digitalcontent.api.tesco.com/v2/media/ghs/0777dfa9-9350-42dc-b1a8-f51aac05a4e3/35fb72e5-6a77-4f97-aae7-ef2ddbdf13b6_1429513742.jpeg?h=225&w=225,
251621347,Tesco Garlic Salt 90G,https://www.tesco.com/groceries/en-GB/shop/food-cupboard/all?department=Cooking%20Ingredients&viewAll=department&page=,£1.00,£11.12/kg,,,/groceries/en-GB/products/251621347,https://digitalcontent.api.tesco.com/v2/media/ghs/aa794d1c-ffbd-4a2a-b1f2-a7a24beb180a/63910ece-0387-4841-92fe-b706c85b3766_2452541.jpeg?h=225&w=225,
297461431,Kallo Organic Vegetable Stock Cubes 8Pk 88G,https://www.tesco.com/groceries/en-GB/shop/food-cupboard/all?department=Cooking%20Ingredients&viewAll=department&page=,£1.60,£1.82/100g,£1.30 Clubcard Price,,/groceries/en-GB/products/297461431,https://digitalcontent.api.tesco.com/v2/media/ghs/7499af50-4bb3-4983-b47d-47f1a0c85941/f8099f5b-1e8f-4fc7-b4f8-58569274d41f_1369530777.jpeg?h=225&w=225,
297461477,Kallo Organic Beef Stock Cubes 8Pk 88G,https://www.tesco.com/groceries/en-GB/shop/food-cupboard/all?department=Cooking%20Ingredients&viewAll=department&page=,£1.60,£1.82/100g,£1.30 Clubcard Price,,/groceries/en-GB/products/297461477,https://digitalcontent.api.tesco.com/v2/media/ghs/91db3dad-b0ef-435b-98a9-f343a07c1a9f/cca35e47-13f6-4d5f-a256-906032ec5e85_257038203.jpeg?h=225&w=225,
297461454,Kallo Organic Chicken Stock Cubes 8Pk 88G,https://www.tesco.com/groceries/en-GB/shop/food-cupboard/all?department=Cooking%20Ingredients&viewAll=department&page=,£1.60,£1.82/100g,£1.30 Clubcard Price,,/groceries/en-GB/products/297461454,https://digitalcontent.api.tesco.com/v2/media/ghs/84ffea3c-db61-4451-bb09-093625bc0a47/41426562-a9c4-482c-b133-1692206522f9_9156450.jpeg?h=225&w=225,
276545762,Tesco Ground Black Pepper 25G,https://www.tesco.com/groceries/en-GB/shop/food-cupboard/all?department=Cooking%20Ingredients&viewAll=department&page=,£0.85,£0.34/10g,,,/groceries/en-GB/products/276545762,https://digitalcontent.api.tesco.com/v2/media/ghs/b50fa83f-a287-4df4-8200-114346e1a274/985f6070-6eda-470e-83ce-4886390d424b_282944653.jpeg?h=225&w=225,
293163485,Schwartz Spanish Paella 30G,https://www.tesco.com/groceries/en-GB/shop/food-cupboard/all?department=Cooking%20Ingredients&viewAll=department&page=,£0.90,£3.00/100g,Any 4 for £2 Clubcard Price - Selected Schwartz Recipe Mix 20g-41g ,,/groceries/en-GB/products/293163485,https://digitalcontent.api.tesco.com/v2/media/ghs/9c2de23f-1318-419e-a93e-da5622b669a2/38b49802-849b-42ca-8edf-0bf09ef89ba4_183541157.jpeg?h=225&w=225,
301063378,Tesco White Breadcrumbs 175G,https://www.tesco.com/groceries/en-GB/shop/food-cupboard/all?department=Cooking%20Ingredients&viewAll=department&page=,£0.85,£0.49/100g,,,/groceries/en-GB/products/301063378,https://digitalcontent.api.tesco.com/v2/media/ghs/bbd4fe98-687a-42f9-b541-68c8776056f6/e91f0e1b-f0a6-4bcb-8b35-a9d8be5b1aa1_100842336.jpeg?h=225&w=225,
256794905,Scwartz Auth Tuna Napolitana Mix 30G,https://www.tesco.com/groceries/en-GB/shop/food-cupboard/all?department=Cooking%20Ingredients&viewAll=department&page=,£0.90,£3.00/100g,Any 4 for £2 Clubcard Price - Selected Schwartz Recipe Mix 20g-41g ,,/groceries/en-GB/products/256794905,https://digitalcontent.api.tesco.com/v2/media/ghs/12939e55-8454-45d2-a998-21b660e5f3a6/aa917fc4-9907-40eb-b91f-929795b24d8a_1349621522.jpeg?h=225&w=225,
297021152,Colman's Fish Pie Recipe Mix 20G,https://www.tesco.com/groceries/en-GB/shop/food-cupboard/all?department=Cooking%20Ingredients&viewAll=department&page=,£0.90,£4.50/100g,Any 4 for £2 Clubcard Price - Selected Colmans Recipe Mix 20g-50g,,/groceries/en-GB/products/297021152,https://digitalcontent.api.tesco.com/v2/media/ghs/9ad048ee-9377-42cc-8a93-a638f98c78bd/fa8bf0e1-fa5a-4688-8a98-10b48a11996d_1602421602.jpeg?h=225&w=225,
253714062,Schwartz Authentic Lamb Casserole Mix 35G,https://www.tesco.com/groceries/en-GB/shop/food-cupboard/all?department=Cooking%20Ingredients&viewAll=department&page=,£0.90,£2.58/100g,Any 4 for £2 Clubcard Price - Selected Schwartz Recipe Mix 20g-41g ,,/groceries/en-GB/products/253714062,https://digitalcontent.api.tesco.com/v2/media/ghs/30b01de3-41fc-4a33-a8b0-a27857788791/0a9b89f8-d00b-4928-a194-01b933e5bd7e_529576361.jpeg?h=225&w=225,
254804674,Saxa White Pepper 25G,https://www.tesco.com/groceries/en-GB/shop/food-cupboard/all?department=Cooking%20Ingredients&viewAll=department&page=,£0.80,£0.32/10g,,,/groceries/en-GB/products/254804674,https://digitalcontent.api.tesco.com/v2/media/ghs/02ed2cd1-8b84-48ae-9da7-5cb2fc2f6a2c/07b41b24-ae6a-4043-b8a1-bce923db4d74_1354322329.jpeg?h=225&w=225,
254882608,Schwartz Authentic Mix For Lasagne 36G,https://www.tesco.com/groceries/en-GB/shop/food-cupboard/all?department=Cooking%20Ingredients&viewAll=department&page=,£0.90,£2.50/100g,Any 4 for £2 Clubcard Price - Selected Schwartz Recipe Mix 20g-41g ,,/groceries/en-GB/products/254882608,https://digitalcontent.api.tesco.com/v2/media/ghs/509b37ae-2d1a-4401-8e24-8e4aa9cb1dc4/88ff6123-d5bb-4ab0-a6cd-7e8c173b299b_42206472.jpeg?h=225&w=225,
255887509,Schwtz Authentic Mix Somerset Pork 36G,https://www.tesco.com/groceries/en-GB/shop/food-cupboard/all?department=Cooking%20Ingredients&viewAll=department&page=,£0.90,£2.50/100g,Any 4 for £2 Clubcard Price - Selected Schwartz Recipe Mix 20g-41g ,,/groceries/en-GB/products/255887509,https://digitalcontent.api.tesco.com/v2/media/ghs/21819f46-a45b-4ffa-adc5-7f16a0ed4260/1246e9c1-40c5-428a-ac96-308050a4002a_1304222161.jpeg?h=225&w=225,
285779431,Schwartz Creamy Chicken & Leek Bake 35G,https://www.tesco.com/groceries/en-GB/shop/food-cupboard/all?department=Cooking%20Ingredients&viewAll=department&page=,£0.90,£2.58/100g,Any 4 for £2 Clubcard Price - Selected Schwartz Recipe Mix 20g-41g ,,/groceries/en-GB/products/285779431,https://digitalcontent.api.tesco.com/v2/media/ghs/b03c7b81-2494-4329-9361-67621648e547/2d2ae93a-84aa-4c79-a092-12aa12e480fc_324842780.jpeg?h=225&w=225,
274791841,Maggi So Juicy Garlic For Chicken 30G,https://www.tesco.com/groceries/en-GB/shop/food-cupboard/all?department=Cooking%20Ingredients&viewAll=department&page=,£0.70,£2.34/100g,,,/groceries/en-GB/products/274791841,https://digitalcontent.api.tesco.com/v2/media/ghs/ccca7791-36f4-4349-b6cf-49404c03e3bc/915da630-9fff-478a-9730-f385f820a2c8.jpeg?h=225&w=225,
312340362,Goldenfry Beef Gravy Granules 300G,https://www.tesco.com/groceries/en-GB/shop/food-cupboard/all?department=Cooking%20Ingredients&viewAll=department&page=,£0.85,£0.28/100g,,,/groceries/en-GB/products/312340362,https://digitalcontent.api.tesco.com/v2/media/ghs/6f0401b5-ec1c-4edb-9168-5d9e2881a075/231791f3-483a-4c80-ad58-acbe84a99a05_1031143582.jpeg?h=225&w=225,
274132044,Tesco Finest Cold Press Rapeseed Oil 500Ml,https://www.tesco.com/groceries/en-GB/shop/food-cupboard/all?department=Cooking%20Ingredients&viewAll=department&page=,£3.50,£0.70/100ml,,,/groceries/en-GB/products/274132044,https://digitalcontent.api.tesco.com/v2/media/ghs/ffca3a4e-2b70-4ecc-a717-c6ffa74f4373/4fedb285-fbfb-4f75-8a06-765e327da701_1261773795.jpeg?h=225&w=225,
297105301,Aspall Raw Organic Apple Cyder Vinegar 500Ml,https://www.tesco.com/groceries/en-GB/shop/food-cupboard/all?department=Cooking%20Ingredients&viewAll=department&page=,£2.95,£0.59/100ml,,,/groceries/en-GB/products/297105301,https://digitalcontent.api.tesco.com/v2/media/ghs/72342089-a4a4-4ef7-811a-7279f50d6765/15250aeb-9419-4475-9402-e77577b11ca5_2144077109.jpeg?h=225&w=225,
279905188,Santa Maria Tellicherry Black Pepper Grinder 70G,https://www.tesco.com/groceries/en-GB/shop/food-cupboard/all?department=Cooking%20Ingredients&viewAll=department&page=,£3.00,£0.43/10g,,,/groceries/en-GB/products/279905188,https://digitalcontent.api.tesco.com/v2/media/ghs/83a18b47-50aa-4fbe-b110-c0b1f88419fa/d5cd89ca-8474-457e-800c-383ee510177c_1493257020.jpeg?h=225&w=225,
271754096,Gressingham Duck Fat 250G,https://www.tesco.com/groceries/en-GB/shop/food-cupboard/all?department=Cooking%20Ingredients&viewAll=department&page=,£3.00,£12.00/kg,,,/groceries/en-GB/products/271754096,https://digitalcontent.api.tesco.com/v2/media/ghs/82ffdd74-1ea4-47cf-9897-fb74bc73a0ad/4c27d801-c196-457b-8960-d50722e4e790_672753737.jpeg?h=225&w=225,
259045417,Tesco Organic Extra Virgin Olive Oil 500Ml,https://www.tesco.com/groceries/en-GB/shop/food-cupboard/all?department=Cooking%20Ingredients&viewAll=department&page=,£3.70,£0.74/100ml,,,/groceries/en-GB/products/259045417,https://digitalcontent.api.tesco.com/v2/media/ghs/cba058ea-5e85-431d-b19e-cc2154d0dd37/31750d9f-034a-4dee-9370-e950a177302e_866632673.jpeg?h=225&w=225,
301392459,Schwartz Mixed Herbs 11G,https://www.tesco.com/groceries/en-GB/shop/food-cupboard/all?department=Cooking%20Ingredients&viewAll=department&page=,£1.85,£168.19/kg,Any 2 for £2.85 Clubcard Price - Selected Schwartz Seasonings 1g-90g,,/groceries/en-GB/products/301392459,https://digitalcontent.api.tesco.com/v2/media/ghs/cbd21d7d-d289-4f78-bd67-05648cbe6a25/66bd7f3f-d90a-40e2-bba1-141586f99ed9_564750103.jpeg?h=225&w=225,
268510850,Aspall Organic Cyder Vinegar 350Ml,https://www.tesco.com/groceries/en-GB/shop/food-cupboard/all?department=Cooking%20Ingredients&viewAll=department&page=,£1.85,£0.53/100ml,,,/groceries/en-GB/products/268510850,https://digitalcontent.api.tesco.com/v2/media/ghs/a8827e8c-0282-4c82-8ad7-027ac9838c3a/638b1672-99ca-483e-a8cd-3d4c19d6312e_25939078.jpeg?h=225&w=225,
256150683,Tesco Ground White Pepper 100G,https://www.tesco.com/groceries/en-GB/shop/food-cupboard/all?department=Cooking%20Ingredients&viewAll=department&page=,£2.50,£0.25/10g,,,/groceries/en-GB/products/256150683,https://digitalcontent.api.tesco.com/v2/media/ghs/c4c2635f-1bd3-4f39-8621-994cc3690525/snapshotimagehandler_1024260280.jpeg?h=225&w=225,
253637562,Very Lazy Red Chillies 190G,https://www.tesco.com/groceries/en-GB/shop/food-cupboard/all?department=Cooking%20Ingredients&viewAll=department&page=,£1.90,£0.10/10g,,,/groceries/en-GB/products/253637562,https://digitalcontent.api.tesco.com/v2/media/ghs/acc88cde-fc71-419c-8768-e15bb4eed07c/023ec4d6-e149-4240-9d83-b64761a695e0_1430732718.jpeg?h=225&w=225,
301392397,Schwartz Ground Cinnamon 39G,https://www.tesco.com/groceries/en-GB/shop/food-cupboard/all?department=Cooking%20Ingredients&viewAll=department&page=,£1.85,£47.44/kg,Any 2 for £2.85 Clubcard Price - Selected Schwartz Seasonings 1g-90g,,/groceries/en-GB/products/301392397,https://digitalcontent.api.tesco.com/v2/media/ghs/8a61dc88-d6af-436c-a7c3-7cd257397067/03b37590-7df0-45de-8886-c5e3c2ff7d42_780947689.jpeg?h=225&w=225,
273042440,Very Lazy Garlic Paste 75G,https://www.tesco.com/groceries/en-GB/shop/food-cupboard/all?department=Cooking%20Ingredients&viewAll=department&page=,£1.85,£0.25/10g,,,/groceries/en-GB/products/273042440,https://digitalcontent.api.tesco.com/v2/media/ghs/aacfca91-e4dc-4eab-88a7-6ffa2367b70e/aaf843af-dd28-41e5-9c4d-f0fac5f04551_2113955411.jpeg?h=225&w=225,
312217895,Bisto Best Lamb Gravy 230G,https://www.tesco.com/groceries/en-GB/shop/food-cupboard/all?department=Cooking%20Ingredients&viewAll=department&page=,£2.95,£1.29/100g,£2.50 Clubcard Price,,/groceries/en-GB/products/312217895,https://digitalcontent.api.tesco.com/v2/media/ghs/56d4bc49-0b4b-4b5a-918b-4cc336396a55/4daceac3-0323-4c1a-826d-db7a8de24e4f_589601363.jpeg?h=225&w=225,
257507670,Schwartz Crushed Chillies 29G Jar,https://www.tesco.com/groceries/en-GB/shop/food-cupboard/all?department=Cooking%20Ingredients&viewAll=department&page=,£1.85,£63.80/kg,Any 2 for £2.85 Clubcard Price - Selected Schwartz Seasonings 1g-90g,,/groceries/en-GB/products/257507670,https://digitalcontent.api.tesco.com/v2/media/ghs/823e21db-8ec3-4db2-b94a-b802eb0cc72f/54b02480-e246-48b4-b175-11a536313abb_1801293358.jpeg?h=225&w=225,
279684661,Filippo Berio Balsamic Vinegar 250Ml,https://www.tesco.com/groceries/en-GB/shop/food-cupboard/all?department=Cooking%20Ingredients&viewAll=department&page=,£3.25,£1.30/100ml,£2.00 Clubcard Price,,/groceries/en-GB/products/279684661,https://digitalcontent.api.tesco.com/v2/media/ghs/cd23fcba-3998-476e-9916-81bc154659d6/4eeea0fe-a2b9-4ef6-bce8-512af13502bc_1138669203.jpeg?h=225&w=225,
312355811,Bisto Best Pork Gravy 230G,https://www.tesco.com/groceries/en-GB/shop/food-cupboard/all?department=Cooking%20Ingredients&viewAll=department&page=,£2.95,£1.29/100g,£2.50 Clubcard Price,,/groceries/en-GB/products/312355811,https://digitalcontent.api.tesco.com/v2/media/ghs/4da83925-ff70-40e9-88e3-f3bbaba13df8/6053a750-30b1-4dd4-9055-394ddb3df687_19303721.jpeg?h=225&w=225,
257518000,Schwartz Fajita 46G Jar,https://www.tesco.com/groceries/en-GB/shop/food-cupboard/all?department=Cooking%20Ingredients&viewAll=department&page=,£1.85,£0.40/10g,Any 2 for £2.85 Clubcard Price - Selected Schwartz Seasonings 1g-90g,,/groceries/en-GB/products/257518000,https://digitalcontent.api.tesco.com/v2/media/ghs/e8f23f65-8469-4ffe-be9e-946bde4979e7/a16cba3f-424d-4f22-9804-5036dbd16f54_187186184.jpeg?h=225&w=225,
257518392,Schwartz Cajun 44G Jar,https://www.tesco.com/groceries/en-GB/shop/food-cupboard/all?department=Cooking%20Ingredients&viewAll=department&page=,£1.85,£42.05/kg,Any 2 for £2.85 Clubcard Price - Selected Schwartz Seasonings 1g-90g,,/groceries/en-GB/products/257518392,https://digitalcontent.api.tesco.com/v2/media/ghs/95868449-b811-4e3c-9b9b-13ff6635dbb3/1f9ce797-3d52-4a84-869b-95a78f38926b_1941109819.jpeg?h=225&w=225,
278392783,Tesco Ginger Paste 90G,https://www.tesco.com/groceries/en-GB/shop/food-cupboard/all?department=Cooking%20Ingredients&viewAll=department&page=,£1.45,£0.16/10g,,,/groceries/en-GB/products/278392783,https://digitalcontent.api.tesco.com/v2/media/ghs/54f95960-dd7b-4434-b744-e8aeb91b1d97/6a1ef60b-5536-41db-aed1-70d9213854fe_146514260.jpeg?h=225&w=225,
287206972,Tesco Groundnut Oil 500Ml,https://www.tesco.com/groceries/en-GB/shop/food-cupboard/all?department=Cooking%20Ingredients&viewAll=department&page=,£2.40,£0.48/100ml,,,/groceries/en-GB/products/287206972,https://digitalcontent.api.tesco.com/v2/media/ghs/7b76cdd2-f83a-41f7-b5cc-a5b2b4a23c9f/22d71c4c-cd00-4b10-83c3-087c626c7117_173228039.jpeg?h=225&w=225,
297173115,Tesco Roast Potato Seasoning 84G,https://www.tesco.com/groceries/en-GB/shop/food-cupboard/all?department=Cooking%20Ingredients&viewAll=department&page=,£1.05,£0.12/10g,,,/groceries/en-GB/products/297173115,https://digitalcontent.api.tesco.com/v2/media/ghs/59e3c1cc-98b5-4eca-ae15-ddf193f47e67/snapshotimagehandler_1074672851.jpeg?h=225&w=225,
256293496,Colman's Onion Sauce Mix 35G,https://www.tesco.com/groceries/en-GB/shop/food-cupboard/all?department=Cooking%20Ingredients&viewAll=department&page=,£0.90,£2.58/100g,,,/groceries/en-GB/products/256293496,https://digitalcontent.api.tesco.com/v2/media/ghs/88ce0b42-e5d1-4257-bb90-a230f130f0c9/bb673db5-ba7f-4829-bf77-5643737c42e7_857765911.jpeg?h=225&w=225,
285047249,Tesco Finest Turkey Gravy 350Ml,https://www.tesco.com/groceries/en-GB/shop/food-cupboard/all?department=Cooking%20Ingredients&viewAll=department&page=,£1.75,£0.50/100ml,,,/groceries/en-GB/products/285047249,https://digitalcontent.api.tesco.com/v2/media/ghs/b132f22c-ce8a-42a3-a6f6-a0a17bbb46bd/snapshotimagehandler_1341212161.jpeg?h=225&w=225,
279737484,Oxo 24 Vegetable Stock Cubes 142G,https://www.tesco.com/groceries/en-GB/shop/food-cupboard/all?department=Cooking%20Ingredients&viewAll=department&page=,£2.50,£1.77/100g,,,/groceries/en-GB/products/279737484,https://digitalcontent.api.tesco.com/v2/media/ghs/c5f17a0b-67a5-449c-aa11-896c8ddf582f/32193fa7-57f1-45f9-97b5-b41b40a78f3b_1379340448.jpeg?h=225&w=225,
272080712,Oxo Reduced Salt Chicken Stock Cubes 12 Pack 71G,https://www.tesco.com/groceries/en-GB/shop/food-cupboard/all?department=Cooking%20Ingredients&viewAll=department&page=,£1.75,£2.47/100g,£1.50 Clubcard Price,,/groceries/en-GB/products/272080712,https://digitalcontent.api.tesco.com/v2/media/ghs/3ea226de-cb22-466c-8aee-f9a2658fbc27/52668d9b-ffe1-4c09-8c78-104ad759daad_602320505.jpeg?h=225&w=225,
251622260,Tesco Sesame Seeds 52G,https://www.tesco.com/groceries/en-GB/shop/food-cupboard/all?department=Cooking%20Ingredients&viewAll=department&page=,£1.00,£0.19/10g,,,/groceries/en-GB/products/251622260,https://digitalcontent.api.tesco.com/v2/media/ghs/aacaa8b2-29a0-4773-bc4e-a56e7bd344aa/23752bad-fb15-41a3-9488-570c03b14f9f_1817415288.jpeg?h=225&w=225,
278777098,Colman's Pepper Sauce Mix 40G,https://www.tesco.com/groceries/en-GB/shop/food-cupboard/all?department=Cooking%20Ingredients&viewAll=department&page=,£0.90,£2.25/100g,,,/groceries/en-GB/products/278777098,https://digitalcontent.api.tesco.com/v2/media/ghs/91373b0c-663e-44fd-804b-7c758ffde979/d28dd2a2-3829-4f31-a0ac-dd7d3f7d11be_1947294837.jpeg?h=225&w=225,
254881264,Knorr Lamb Stock Cubes 8 X 10G,https://www.tesco.com/groceries/en-GB/shop/food-cupboard/all?department=Cooking%20Ingredients&viewAll=department&page=,£1.75,£2.19/100g,£1.30 Clubcard Price,,/groceries/en-GB/products/254881264,https://digitalcontent.api.tesco.com/v2/media/ghs/0c444d59-e113-4c68-8803-493a4a51a51b/4d265064-23aa-43e1-80b2-fad289409575_1580638393.jpeg?h=225&w=225,
277971900,Nando's Peri Peri Rub Lemon & Herb 25G,https://www.tesco.com/groceries/en-GB/shop/food-cupboard/all?department=Cooking%20Ingredients&viewAll=department&page=,£1.00,£40.00/kg,,,/groceries/en-GB/products/277971900,https://digitalcontent.api.tesco.com/v2/media/ghs/07aaab68-20ce-4fb3-b98d-96df057a0081/adb250f6-e3f1-4281-ad3f-c7a0b0a1d4f6_796141471.jpeg?h=225&w=225,
282047185,Kallo V Low Salt Stock Cubes Beef 48G,https://www.tesco.com/groceries/en-GB/shop/food-cupboard/all?department=Cooking%20Ingredients&viewAll=department&page=,£1.20,£2.50/100g,,,/groceries/en-GB/products/282047185,https://digitalcontent.api.tesco.com/v2/media/ghs/bcc2e102-3e9c-402b-8bbe-146a733a0a81/a1c0b234-1f23-47b5-a769-d23c4d1d6563_185785977.jpeg?h=225&w=225,
268531341,Tesco Ground All Spice 33G,https://www.tesco.com/groceries/en-GB/shop/food-cupboard/all?department=Cooking%20Ingredients&viewAll=department&page=,£1.00,£30.31/kg,,,/groceries/en-GB/products/268531341,https://digitalcontent.api.tesco.com/v2/media/ghs/15691131-5322-40ba-9289-46b8b18d8e9e/c4dd9270-50af-49fb-bb1b-b1b264c2a553_1539823383.jpeg?h=225&w=225,
312366118,Bisto Rosemary & Garlic Crispy Potato Seasoning 60G,https://www.tesco.com/groceries/en-GB/shop/food-cupboard/all?department=Cooking%20Ingredients&viewAll=department&page=,£1.50,£2.50/100g,,,/groceries/en-GB/products/312366118,https://digitalcontent.api.tesco.com/v2/media/ghs/d520fc04-7c0a-404a-a41d-fd7b2ffeebe5/dd2e3d79-9bc4-4e13-96ce-3cd513ebcea3_201349564.jpeg?h=225&w=225,
268392337,Colman's Lamb Hotpot Recipe Mix 41G,https://www.tesco.com/groceries/en-GB/shop/food-cupboard/all?department=Cooking%20Ingredients&viewAll=department&page=,£0.90,£2.20/100g,Any 4 for £2 Clubcard Price - Selected Colmans Recipe Mix 20g-50g,,/groceries/en-GB/products/268392337,https://digitalcontent.api.tesco.com/v2/media/ghs/d2e8de03-4402-4bf6-ac28-f9ee968c6490/d0754c33-161d-459f-abfc-6e315e823bab_2076433921.jpeg?h=225&w=225,
292975862,Knorr Lamb Stock Pot 112G,https://www.tesco.com/groceries/en-GB/shop/food-cupboard/all?department=Cooking%20Ingredients&viewAll=department&page=,£1.65,£1.48/100g,,,/groceries/en-GB/products/292975862,https://digitalcontent.api.tesco.com/v2/media/ghs/605b7129-9fa0-4916-8104-4f2f79d75c60/a2aef7d2-f38c-4f18-8c93-ebf1c6c9eee4_1623519785.jpeg?h=225&w=225,
259420342,Schwartz Authentic Bombay Potatoes 33G,https://www.tesco.com/groceries/en-GB/shop/food-cupboard/all?department=Cooking%20Ingredients&viewAll=department&page=,£0.90,£2.73/100g,Any 4 for £2 Clubcard Price - Selected Schwartz Recipe Mix 20g-41g ,,/groceries/en-GB/products/259420342,https://digitalcontent.api.tesco.com/v2/media/ghs/3b256e76-62d0-4ceb-af10-aabd50eeb63c/be9df6d6-a210-46e1-b5ad-50f325027d9d_692361890.jpeg?h=225&w=225,
268531364,Tesco Whole Star Anise 11G,https://www.tesco.com/groceries/en-GB/shop/food-cupboard/all?department=Cooking%20Ingredients&viewAll=department&page=,£1.00,£90.91/kg,,,/groceries/en-GB/products/268531364,https://digitalcontent.api.tesco.com/v2/media/ghs/62c13d17-4af9-4e0f-8d3f-2c6be0beadeb/6aeb987b-e622-43e4-af91-494d848370d5_1061319818.jpeg?h=225&w=225,
287912213,Schwartz Slow Cooker Bbq Pulled Pork 35G,https://www.tesco.com/groceries/en-GB/shop/food-cupboard/all?department=Cooking%20Ingredients&viewAll=department&page=,£1.00,£2.86/100g,Any 4 for £2 Clubcard Price - Selected Schwartz Recipe Mix 20g-41g ,,/groceries/en-GB/products/287912213,https://digitalcontent.api.tesco.com/v2/media/ghs/8fef020c-c139-4186-928d-b2740b30cb72/901346a0-604e-4960-b2f1-8ab8c9704cc4_1798009135.jpeg?h=225&w=225,
305738179,Magg Juicy Mediterranean Chicken Seasoning & Cooking Bags 37G,https://www.tesco.com/groceries/en-GB/shop/food-cupboard/all?department=Cooking%20Ingredients&viewAll=department&page=,£0.70,£1.90/100g,,,/groceries/en-GB/products/305738179,https://digitalcontent.api.tesco.com/v2/media/ghs/4204673e-4659-46fa-b1d8-dcbf048eb9fc/6407f890-75aa-424e-8ffe-f56f875efcef_758027898.jpeg?h=225&w=225,
308092009,Schwartz Slow Cook Tikka Masala 35G,https://www.tesco.com/groceries/en-GB/shop/food-cupboard/all?department=Cooking%20Ingredients&viewAll=department&page=,£1.00,£2.86/100g,Any 4 for £2 Clubcard Price - Selected Schwartz Recipe Mix 20g-41g ,,/groceries/en-GB/products/308092009,https://digitalcontent.api.tesco.com/v2/media/ghs/4ec0edd4-b4c1-436d-a9d1-63bf941ab4cf/c13fa324-efc8-4ce5-abea-7b7face2cc33_1308015915.jpeg?h=225&w=225,
308108195,Schwartz One Pan Italian Cheesy Chicken & Garlic Pasta 32G,https://www.tesco.com/groceries/en-GB/shop/food-cupboard/all?department=Cooking%20Ingredients&viewAll=department&page=,£1.00,£3.13/100g,Any 4 for £2 Clubcard Price - Selected Schwartz Recipe Mix 20g-41g ,,/groceries/en-GB/products/308108195,https://digitalcontent.api.tesco.com/v2/media/ghs/53dcb464-9275-4a1b-b864-71436b3dba16/81f2e68c-6028-4655-85be-15659892417b_292317171.jpeg?h=225&w=225,
272573711,Schwartz Slow Cooker Chicken Provencal 35G,https://www.tesco.com/groceries/en-GB/shop/food-cupboard/all?department=Cooking%20Ingredients&viewAll=department&page=,£1.00,£2.86/100g,Any 4 for £2 Clubcard Price - Selected Schwartz Recipe Mix 20g-41g ,,/groceries/en-GB/products/272573711,https://digitalcontent.api.tesco.com/v2/media/ghs/b32096b2-fd9d-4e23-bfad-fbd8492b5e85/4423e2db-650d-45e5-92e3-66ea9e21f8bd_2040497180.jpeg?h=225&w=225,
300600563,Tesco Pork Gravy Granules 200G,https://www.tesco.com/groceries/en-GB/shop/food-cupboard/all?department=Cooking%20Ingredients&viewAll=department&page=,£0.80,£0.40/100g,,,/groceries/en-GB/products/300600563,https://digitalcontent.api.tesco.com/v2/media/ghs/cab948d9-650b-4449-a377-d6a29151e429/a24ce7af-9ae4-4dac-9649-3d555f7e87da_829413783.jpeg?h=225&w=225,
305527509,Schwartz One Pan Cajun Chicken & Rice 32G,https://www.tesco.com/groceries/en-GB/shop/food-cupboard/all?department=Cooking%20Ingredients&viewAll=department&page=,£1.00,£3.13/100g,Any 4 for £2 Clubcard Price - Selected Schwartz Recipe Mix 20g-41g ,,/groceries/en-GB/products/305527509,https://digitalcontent.api.tesco.com/v2/media/ghs/42092e50-0adc-42ee-830c-59b9b27f6ba2/bb357c3f-362c-4a16-b946-1d459cefe88c_1876541301.jpeg?h=225&w=225,
257375248,Schwartz Mushroom Strogonoff Mix 35G,https://www.tesco.com/groceries/en-GB/shop/food-cupboard/all?department=Cooking%20Ingredients&viewAll=department&page=,£0.90,£2.58/100g,Any 4 for £2 Clubcard Price - Selected Schwartz Recipe Mix 20g-41g ,,/groceries/en-GB/products/257375248,https://digitalcontent.api.tesco.com/v2/media/ghs/b4bd50bd-380a-4fb3-af74-14c80c520192/1a7820e4-9b7d-47ed-b013-07b2a7840d22_935107907.jpeg?h=225&w=225,
268595380,Tesco Freeze Dried Tarragon 6G,https://www.tesco.com/groceries/en-GB/shop/food-cupboard/all?department=Cooking%20Ingredients&viewAll=department&page=,£0.70,£1.17/10g,,,/groceries/en-GB/products/268595380,https://digitalcontent.api.tesco.com/v2/media/ghs/527f10d7-52f6-4086-9141-7666fecad829/9a85cfed-8d97-44e2-8417-e8cbfb9da8f0_155508015.jpeg?h=225&w=225,
300456186,Tesco Chipotle Chilli Flakes 37G,https://www.tesco.com/groceries/en-GB/shop/food-cupboard/all?department=Cooking%20Ingredients&viewAll=department&page=,£0.90,£24.33/kg,,,/groceries/en-GB/products/300456186,https://digitalcontent.api.tesco.com/v2/media/ghs/b5d21e3d-d0ca-44b4-92c4-68b35ebe9e9e/snapshotimagehandler_1206282711.jpeg?h=225&w=225,
256050818,Schwartz Classic Roast Turkey Gravy Mix 25G,https://www.tesco.com/groceries/en-GB/shop/food-cupboard/all?department=Cooking%20Ingredients&viewAll=department&page=,£1.00,£4.00/100g,Any 4 for £2 Clubcard Price - Selected Schwartz Recipe Mix 20g-41g ,,/groceries/en-GB/products/256050818,https://digitalcontent.api.tesco.com/v2/media/ghs/4196e87f-3741-44bf-a940-55bdb608f992/c33b271a-bc9a-43ef-9d05-720fe9106b1a_534197173.jpeg?h=225&w=225,
267237363,Farchioni Il Casolare Extra Virgin Olive Oil 1L,https://www.tesco.com/groceries/en-GB/shop/food-cupboard/all?department=Cooking%20Ingredients&viewAll=department&page=,£8.60,£0.86/100ml,£7.31 Clubcard Price,,/groceries/en-GB/products/267237363,https://digitalcontent.api.tesco.com/v2/media/ghs/b3579c8a-2687-4105-b9d8-fb798f436fd0/a6b4eac1-b4f9-4694-9f90-08c247851816_185755381.jpeg?h=225&w=225,
300456324,Tesco Finest Pink Himalayan Salt Mill 95G,https://www.tesco.com/groceries/en-GB/shop/food-cupboard/all?department=Cooking%20Ingredients&viewAll=department&page=,£3.20,£33.69/kg,,,/groceries/en-GB/products/300456324,https://digitalcontent.api.tesco.com/v2/media/ghs/e9a8af76-0736-45e6-a1e4-7ba5f1acef47/snapshotimagehandler_1406874883.jpeg?h=225&w=225,
311687742,Al'fez Harissa Paste 180G,https://www.tesco.com/groceries/en-GB/shop/food-cupboard/all?department=Cooking%20Ingredients&viewAll=department&page=,£2.95,£1.64/100g,,,/groceries/en-GB/products/311687742,https://digitalcontent.api.tesco.com/v2/media/ghs/b5e8c079-4175-498d-9d3f-18320c250ae5/a7d1218b-b046-488d-af4a-836416870452_787111717.jpeg?h=225&w=225,
276806857,Mr Hugh's Extra Virgin Cold Pressed Rapeseed 500Ml,https://www.tesco.com/groceries/en-GB/shop/food-cupboard/all?department=Cooking%20Ingredients&viewAll=department&page=,£3.30,£0.66/100ml,,,/groceries/en-GB/products/276806857,https://digitalcontent.api.tesco.com/v2/media/ghs/872d513d-f1c9-47a4-be98-484361e1eaed/796fe67f-bdce-4565-961f-0a4368f80603_1999415216.jpeg?h=225&w=225,
254919066,Schwartz Parsley 3G,https://www.tesco.com/groceries/en-GB/shop/food-cupboard/all?department=Cooking%20Ingredients&viewAll=department&page=,£1.85,£6.17/10g,Any 2 for £2.85 Clubcard Price - Selected Schwartz Seasonings 1g-90g,,/groceries/en-GB/products/254919066,https://digitalcontent.api.tesco.com/v2/media/ghs/609b30bd-8d7c-4b34-a7d8-05e21639d083/30122b67-ac4c-40f9-9b59-0c946f2c5320_1378016906.jpeg?h=225&w=225,
254764288,Schwartz Steak Seasoning 46G,https://www.tesco.com/groceries/en-GB/shop/food-cupboard/all?department=Cooking%20Ingredients&viewAll=department&page=,£1.85,£0.40/10g,Any 2 for £2.85 Clubcard Price - Selected Schwartz Seasonings 1g-90g,,/groceries/en-GB/products/254764288,https://digitalcontent.api.tesco.com/v2/media/ghs/b71959cd-a5be-495c-b0b7-6833131b5a0e/e09883d8-1ba2-4aed-b1b5-5a9052b1d4be_126458743.jpeg?h=225&w=225,
304411694,Tesco Kashmiri Chilli Flakes 27G,https://www.tesco.com/groceries/en-GB/shop/food-cupboard/all?department=Cooking%20Ingredients&viewAll=department&page=,£1.60,£0.59/10g,,,/groceries/en-GB/products/304411694,https://digitalcontent.api.tesco.com/v2/media/ghs/f2cc555c-5961-48c1-bb33-98211cd953c0/99059346-4cc6-4dcb-bdf0-cce50f640249_115883142.jpeg?h=225&w=225,
255865432,Schwartz Season All Seasoning 70G,https://www.tesco.com/groceries/en-GB/shop/food-cupboard/all?department=Cooking%20Ingredients&viewAll=department&page=,£1.85,£0.26/10g,Any 2 for £2.85 Clubcard Price - Selected Schwartz Seasonings 1g-90g,,/groceries/en-GB/products/255865432,https://digitalcontent.api.tesco.com/v2/media/ghs/89c7078a-6208-45e4-9b2b-a2776a893aed/c59af947-2fdb-4103-9fd9-e5d745db7fd0_1654613401.jpeg?h=225&w=225,
277971543,Nando's Peri Peri Salt 70G,https://www.tesco.com/groceries/en-GB/shop/food-cupboard/all?department=Cooking%20Ingredients&viewAll=department&page=,£1.90,£0.27/10g,,,/groceries/en-GB/products/277971543,https://digitalcontent.api.tesco.com/v2/media/ghs/41f2481e-bf28-4028-8436-4f962089879b/bb8805a0-dc4c-46e2-b670-304e774aa2e9_2021616209.jpeg?h=225&w=225,
254777561,Schwartz Clasic Bbq Seasoning 44G,https://www.tesco.com/groceries/en-GB/shop/food-cupboard/all?department=Cooking%20Ingredients&viewAll=department&page=,£1.85,£0.42/10g,Any 2 for £2.85 Clubcard Price - Selected Schwartz Seasonings 1g-90g,,/groceries/en-GB/products/254777561,https://digitalcontent.api.tesco.com/v2/media/ghs/1c8cc619-d736-4b41-be8a-f3ae011658a7/a9e74157-9bce-449b-8844-e911ff79e129_187678349.jpeg?h=225&w=225,
278757047,Tesco Finest Vegetable Stock 450Ml,https://www.tesco.com/groceries/en-GB/shop/food-cupboard/all?department=Cooking%20Ingredients&viewAll=department&page=,£1.75,£0.39/100ml,,,/groceries/en-GB/products/278757047,https://digitalcontent.api.tesco.com/v2/media/ghs/03eb0e42-bfa9-4f04-9b21-5688b7af13ff/50798272-cb1a-417c-aff3-47708994d2ec_1714206720.jpeg?h=225&w=225,
257485319,Schwartz Coriander Leaf 7G Jar,https://www.tesco.com/groceries/en-GB/shop/food-cupboard/all?department=Cooking%20Ingredients&viewAll=department&page=,£1.85,£264.29/kg,Any 2 for £2.85 Clubcard Price - Selected Schwartz Seasonings 1g-90g,,/groceries/en-GB/products/257485319,https://digitalcontent.api.tesco.com/v2/media/ghs/2633043a-9be0-4b2b-9a9d-8a668b0357c6/154c3209-dbde-45b2-9899-b7e2af641f02_1833805562.jpeg?h=225&w=225,
301392414,Schwartz Ground Cumin 37G,https://www.tesco.com/groceries/en-GB/shop/food-cupboard/all?department=Cooking%20Ingredients&viewAll=department&page=,£1.85,£50.00/kg,Any 2 for £2.85 Clubcard Price - Selected Schwartz Seasonings 1g-90g,,/groceries/en-GB/products/301392414,https://digitalcontent.api.tesco.com/v2/media/ghs/8d0365ee-d5a4-4c61-a03a-d8282f722c2d/7d8f6cf4-ae3d-4e7a-88a0-6735d3e72217_1417097184.jpeg?h=225&w=225,
256146389,Tesco Ground Black Pepper 50G,https://www.tesco.com/groceries/en-GB/shop/food-cupboard/all?department=Cooking%20Ingredients&viewAll=department&page=,£1.55,£0.31/10g,,,/groceries/en-GB/products/256146389,https://digitalcontent.api.tesco.com/v2/media/ghs/c3ef6936-50fc-492a-b63a-111ebedf462f/df28a6ca-5613-4374-a42e-bcb1bc9cc0bb_266698553.jpeg?h=225&w=225,
309169771,Bisto White Sauce Mix 185G,https://www.tesco.com/groceries/en-GB/shop/food-cupboard/all?department=Cooking%20Ingredients&viewAll=department&page=,£2.00,£1.09/100g,,,/groceries/en-GB/products/309169771,https://digitalcontent.api.tesco.com/v2/media/ghs/c28a9837-7dd9-4d04-8ad9-369f987df3e9/aeb80821-5c6d-4209-9a29-06811b86cc06_614721043.jpeg?h=225&w=225,
268589451,Schwartz Paprika Smoked 40G,https://www.tesco.com/groceries/en-GB/shop/food-cupboard/all?department=Cooking%20Ingredients&viewAll=department&page=,£1.85,£46.25/kg,Any 2 for £2.85 Clubcard Price - Selected Schwartz Seasonings 1g-90g,,/groceries/en-GB/products/268589451,https://digitalcontent.api.tesco.com/v2/media/ghs/52a43e05-12cf-4993-ac98-e49bb18b0cea/db803fdc-1483-47fe-b546-7649aeef2527_131232707.jpeg?h=225&w=225,
304368111,Tesco Miso Paste 100G,https://www.tesco.com/groceries/en-GB/shop/food-cupboard/all?department=Cooking%20Ingredients&viewAll=department&page=,£1.45,£0.14/10g,,,/groceries/en-GB/products/304368111,https://digitalcontent.api.tesco.com/v2/media/ghs/31d073ef-6800-4b5a-ab29-460061e6d89f/a72ce06c-3e2c-4faa-b6f4-e374ed8a57b2_1508956313.jpeg?h=225&w=225,
305979475,Oxo 12 Meat Free Stock Cubes Beef Flavour 71G,https://www.tesco.com/groceries/en-GB/shop/food-cupboard/all?department=Cooking%20Ingredients&viewAll=department&page=,£1.75,£2.47/100g,£1.50 Clubcard Price,,/groceries/en-GB/products/305979475,https://digitalcontent.api.tesco.com/v2/media/ghs/0a689523-8092-4ade-9e24-a278f4a0d46f/70b1b580-7938-461d-9fbe-3a7672d75631_1555429910.jpeg?h=225&w=225,
296921610,Tesco Chicken Seasoning 55G,https://www.tesco.com/groceries/en-GB/shop/food-cupboard/all?department=Cooking%20Ingredients&viewAll=department&page=,£1.05,£0.19/10g,,,/groceries/en-GB/products/296921610,https://digitalcontent.api.tesco.com/v2/media/ghs/59460644-8175-4d27-b1e1-4658d5dd46c3/6dd045e2-df2b-411c-b0ae-6a049a3f9d37_975490266.jpeg?h=225&w=225,
287851739,Tesco Fennel Seeds 36G,https://www.tesco.com/groceries/en-GB/shop/food-cupboard/all?department=Cooking%20Ingredients&viewAll=department&page=,£1.00,£0.28/10g,,,/groceries/en-GB/products/287851739,https://digitalcontent.api.tesco.com/v2/media/ghs/e90a78a7-8b81-4880-9614-84ff82e9a22a/6b56f6c3-9e2d-40c8-ad17-d79138146c99_562064222.jpeg?h=225&w=225,
289081230,Tesco Onion Salt 80G,https://www.tesco.com/groceries/en-GB/shop/food-cupboard/all?department=Cooking%20Ingredients&viewAll=department&page=,£1.00,£12.50/kg,,,/groceries/en-GB/products/289081230,https://digitalcontent.api.tesco.com/v2/media/ghs/c34e9493-cdca-4808-9c3c-71a5b1bc0885/11df2b40-156d-469e-905a-5d3a99ae4480_1163023383.jpeg?h=225&w=225,
308082966,Knorr 8 Zero Salt Chicken Stock Cubes 72G,https://www.tesco.com/groceries/en-GB/shop/food-cupboard/all?department=Cooking%20Ingredients&viewAll=department&page=,£1.65,£2.30/100g,,,/groceries/en-GB/products/308082966,https://digitalcontent.api.tesco.com/v2/media/ghs/b0ea91ba-69b9-43d7-a232-18dc864e7fa2/34b02078-57d0-465a-9a27-87272581a793_886506580.jpeg?h=225&w=225,
251622761,Tesco Whole Cumin Seeds 37G,https://www.tesco.com/groceries/en-GB/shop/food-cupboard/all?department=Cooking%20Ingredients&viewAll=department&page=,£1.00,£0.27/10g,,,/groceries/en-GB/products/251622761,https://digitalcontent.api.tesco.com/v2/media/ghs/fbeb3baa-2e3f-48f0-bed3-7692ac5ba6ab/8bcf2fe6-80fe-4571-96ec-2da82deeeecc_102728050.jpeg?h=225&w=225,
289037468,Tesco White Wine Stock Pots 4 Pack 112G,https://www.tesco.com/groceries/en-GB/shop/food-cupboard/all?department=Cooking%20Ingredients&viewAll=department&page=,£1.35,£1.21/100g,,,/groceries/en-GB/products/289037468,https://digitalcontent.api.tesco.com/v2/media/ghs/83b57ffd-ff35-4400-afb6-00bdde062d22/1018e555-e0ab-47b5-ad91-fd96559a9408_1208974152.jpeg?h=225&w=225,
289081973,Tesco Piri Piri Seasoning 50G,https://www.tesco.com/groceries/en-GB/shop/food-cupboard/all?department=Cooking%20Ingredients&viewAll=department&page=,£1.05,£0.21/10g,,,/groceries/en-GB/products/289081973,https://digitalcontent.api.tesco.com/v2/media/ghs/4ba95a39-e7a5-4258-bf02-0f5a2657da3c/5713feee-9788-48ba-9e69-e82e2abaae65_714321325.jpeg?h=225&w=225,
289082010,Tesco Bbq Seasoning 65G,https://www.tesco.com/groceries/en-GB/shop/food-cupboard/all?department=Cooking%20Ingredients&viewAll=department&page=,£1.05,£0.16/10g,,,/groceries/en-GB/products/289082010,https://digitalcontent.api.tesco.com/v2/media/ghs/af80398e-91ab-4b21-832d-e6e7e956b936/bf4c77e7-40a1-4a09-bafc-47c60f31727d_1441092749.jpeg?h=225&w=225,
277972225,Nando's Peri Peri Rub Garlic 25G,https://www.tesco.com/groceries/en-GB/shop/food-cupboard/all?department=Cooking%20Ingredients&viewAll=department&page=,£1.00,£0.40/10g,,,/groceries/en-GB/products/277972225,https://digitalcontent.api.tesco.com/v2/media/ghs/aa305352-7cf9-478f-a75d-28dc3554ffde/b6a8c609-ef9b-4e17-ba6e-b49b3bc12688_1905469913.jpeg?h=225&w=225,
301341297,Flava-It Bbq Marinade 35G,https://www.tesco.com/groceries/en-GB/shop/food-cupboard/all?department=Cooking%20Ingredients&viewAll=department&page=,£1.10,£0.32/10g,80p Clubcard Price,,/groceries/en-GB/products/301341297,https://digitalcontent.api.tesco.com/v2/media/ghs/0bac8348-e5ee-413c-b9ce-0b4e0bee553d/410cc6c5-b125-4bcc-b3af-a1db26d2f946_895923007.jpeg?h=225&w=225,
277971727,Nando's Peri Peri Rub Bbq 25G,https://www.tesco.com/groceries/en-GB/shop/food-cupboard/all?department=Cooking%20Ingredients&viewAll=department&page=,£1.00,£40.00/kg,,,/groceries/en-GB/products/277971727,https://digitalcontent.api.tesco.com/v2/media/ghs/e7e79319-c602-4012-864b-d0a288e3b5a6/ede59eb6-e173-48bc-aa15-27c7d686d76b_1253464818.jpeg?h=225&w=225,
282047686,Kallo Organic Stock Cubes Mushroom 66G,https://www.tesco.com/groceries/en-GB/shop/food-cupboard/all?department=Cooking%20Ingredients&viewAll=department&page=,£1.20,£1.82/100g,,,/groceries/en-GB/products/282047686,https://digitalcontent.api.tesco.com/v2/media/ghs/bc596b7b-24cd-438b-9f49-667e833717e5/f55b4d28-caa6-429a-b19f-e4a651d8e612_635608934.jpeg?h=225&w=225,
308104429,Colman's Chinese Chicken Curry Recipe Mix 47G,https://www.tesco.com/groceries/en-GB/shop/food-cupboard/all?department=Cooking%20Ingredients&viewAll=department&page=,£1.00,£2.13/100g,65p Clubcard Price,,/groceries/en-GB/products/308104429,https://digitalcontent.api.tesco.com/v2/media/ghs/c55c0ec5-88a6-4593-ac0a-e3aaaa251e38/a2fd2c78-5295-4aa7-91b6-1323bea1ba0a_1889938605.jpeg?h=225&w=225,
300456468,Tesco Mint 16G .. ..,https://www.tesco.com/groceries/en-GB/shop/food-cupboard/all?department=Cooking%20Ingredients&viewAll=department&page=,£0.70,£43.75/kg,,,/groceries/en-GB/products/300456468,https://digitalcontent.api.tesco.com/v2/media/ghs/236c006d-60e2-4ef4-a9b5-61862ad94c7c/snapshotimagehandler_125924241.jpeg?h=225&w=225,
300456409,Tesco Herbs De Provence 17G,https://www.tesco.com/groceries/en-GB/shop/food-cupboard/all?department=Cooking%20Ingredients&viewAll=department&page=,£0.70,£0.41/10g,,,/groceries/en-GB/products/300456409,https://digitalcontent.api.tesco.com/v2/media/ghs/ccab8ebe-52d8-4651-90ec-518939e45531/snapshotimagehandler_1751802383.jpeg?h=225&w=225,
301601749,Flava-It Chinese Marinade 35G,https://www.tesco.com/groceries/en-GB/shop/food-cupboard/all?department=Cooking%20Ingredients&viewAll=department&page=,£1.10,£0.32/10g,80p Clubcard Price,,/groceries/en-GB/products/301601749,https://digitalcontent.api.tesco.com/v2/media/ghs/515c685d-6ba2-4d98-b730-f86690b960b6/3328d20d-60a9-46f8-bf21-0bb95da3a80d_1973775487.jpeg?h=225&w=225,
273982191,Maggi So Juicy Mexican Chicken 40G,https://www.tesco.com/groceries/en-GB/shop/food-cupboard/all?department=Cooking%20Ingredients&viewAll=department&page=,£0.70,£1.75/100g,,,/groceries/en-GB/products/273982191,https://digitalcontent.api.tesco.com/v2/media/ghs/9560cd8d-f0be-4947-9ffd-2f6340f530c4/21d00426-622a-4586-b2a7-9d0ff63d2fda.jpeg?h=225&w=225,
288911005,Maggi So Juicy Cajun Chicken 38G,https://www.tesco.com/groceries/en-GB/shop/food-cupboard/all?department=Cooking%20Ingredients&viewAll=department&page=,£0.70,£1.85/100g,,,/groceries/en-GB/products/288911005,https://digitalcontent.api.tesco.com/v2/media/ghs/83fbb9b5-289c-4e3f-be71-df35f5a42832/7f2efea8-284f-4f82-840f-13628b107ebf.jpeg?h=225&w=225,
311672039,Colman's Salt & Pepper Chicken Recipe Mix 23G,https://www.tesco.com/groceries/en-GB/shop/food-cupboard/all?department=Cooking%20Ingredients&viewAll=department&page=,£1.00,£4.35/100g,65p Clubcard Price,,/groceries/en-GB/products/311672039,https://digitalcontent.api.tesco.com/v2/media/ghs/fdc09e4b-a704-4f38-8438-dce29bf06d90/10ddd0a2-c07b-4f74-a486-793a21baea75_1992896150.jpeg?h=225&w=225,
301600659,Maggi Juicy Mixed Herbs 30G,https://www.tesco.com/groceries/en-GB/shop/food-cupboard/all?department=Cooking%20Ingredients&viewAll=department&page=,£0.70,£2.34/100g,,,/groceries/en-GB/products/301600659,https://digitalcontent.api.tesco.com/v2/media/ghs/8a2d1712-b8d8-4511-9148-f6c5f3c054af/648878c3-5ce3-4c98-bc39-3066fd69c6d3_1010331735.jpeg?h=225&w=225,
305438049,Schwartz One Pan Spanish Chicken & Rice 30G,https://www.tesco.com/groceries/en-GB/shop/food-cupboard/all?department=Cooking%20Ingredients&viewAll=department&page=,£1.00,£3.34/100g,Any 4 for £2 Clubcard Price - Selected Schwartz Recipe Mix 20g-41g ,,/groceries/en-GB/products/305438049,https://digitalcontent.api.tesco.com/v2/media/ghs/7f71039d-f9ad-4494-b52a-c82c05b4630a/56188eae-6215-4a06-a9b5-390cd0ca4178_60880882.jpeg?h=225&w=225,
305530551,Schwartz One Pan Italian Chicken Risotto 28G,https://www.tesco.com/groceries/en-GB/shop/food-cupboard/all?department=Cooking%20Ingredients&viewAll=department&page=,£1.00,£3.58/100g,Any 4 for £2 Clubcard Price - Selected Schwartz Recipe Mix 20g-41g ,,/groceries/en-GB/products/305530551,https://digitalcontent.api.tesco.com/v2/media/ghs/161c45c7-2f2e-4821-9331-704ba2298dfd/76fc17e7-eded-48e0-b1ee-fa9e1888c70e_585653233.jpeg?h=225&w=225,
292975787,Tesco Lamb & Mint Gravy Granules 200G,https://www.tesco.com/groceries/en-GB/shop/food-cupboard/all?department=Cooking%20Ingredients&viewAll=department&page=,£0.80,£0.40/100g,,,/groceries/en-GB/products/292975787,https://digitalcontent.api.tesco.com/v2/media/ghs/554fe405-13c6-4bc1-8f37-f92fabd16f51/6d184f23-b838-4fee-a882-69489246f5ee_64344646.jpeg?h=225&w=225,
257120429,Tesco Reduced Salt Gravy Granules 170G,https://www.tesco.com/groceries/en-GB/shop/food-cupboard/all?department=Cooking%20Ingredients&viewAll=department&page=,£0.80,£0.47/100g,,,/groceries/en-GB/products/257120429,https://digitalcontent.api.tesco.com/v2/media/ghs-mktg/b0b04216-fa73-466d-a9d7-c9fcfa1ce9b3/no-image.jpeg,
300456369,Tesco Dill 7G,https://www.tesco.com/groceries/en-GB/shop/food-cupboard/all?department=Cooking%20Ingredients&viewAll=department&page=,£0.70,£100.00/kg,,,/groceries/en-GB/products/300456369,https://digitalcontent.api.tesco.com/v2/media/ghs/efe52635-7490-4461-8cd2-d98f099120f3/snapshotimagehandler_1877135017.jpeg?h=225&w=225,
308111569,Belazu Crete Gold Extra Virgin Olive Oil 500Ml,https://www.tesco.com/groceries/en-GB/shop/food-cupboard/all?department=Cooking%20Ingredients&viewAll=department&page=,£7.35,£1.47/100ml,,,/groceries/en-GB/products/308111569,https://digitalcontent.api.tesco.com/v2/media/ghs/b909a6dc-5689-48d0-a8ca-c1c1c0ff45be/9d8006df-f63a-4fea-a529-15d746c6547c_246178327.jpeg?h=225&w=225,
309471838,Tesco Duck Fat 320G,https://www.tesco.com/groceries/en-GB/shop/food-cupboard/all?department=Cooking%20Ingredients&viewAll=department&page=,£3.95,£1.24/100g,,,/groceries/en-GB/products/309471838,https://digitalcontent.api.tesco.com/v2/media/ghs/0f6b6545-a003-4103-a100-070555ad36b5/280e920e-037c-42b1-b31c-dfee835861b8_1327574198.jpeg?h=225&w=225,
303843656,Belazu Rose Harissa Paste 130G,https://www.tesco.com/groceries/en-GB/shop/food-cupboard/all?department=Cooking%20Ingredients&viewAll=department&page=,£3.85,£0.30/10g,,,/groceries/en-GB/products/303843656,https://digitalcontent.api.tesco.com/v2/media/ghs/a334905c-6b47-4756-ad46-0c64700cb9b7/c9d5ceb0-8576-48d9-a791-e20a5750196e_624756517.jpeg?h=225&w=225,
302725850,Marigold Super Engevita Yeast Flakes 100G,https://www.tesco.com/groceries/en-GB/shop/food-cupboard/all?department=Cooking%20Ingredients&viewAll=department&page=,£3.50,£3.50/100g,,,/groceries/en-GB/products/302725850,https://digitalcontent.api.tesco.com/v2/media/ghs/4544c890-e2f1-4abb-ac99-6882cee029ef/66a069c1-1cc4-4e24-803f-f477d53e7e0d_1571904223.jpeg?h=225&w=225,
251622093,Tesco Saffron 0.5G,https://www.tesco.com/groceries/en-GB/shop/food-cupboard/all?department=Cooking%20Ingredients&viewAll=department&page=,£3.25,"£6,500.00/kg",,,/groceries/en-GB/products/251622093,https://digitalcontent.api.tesco.com/v2/media/ghs/da36a31b-caf0-447a-a38f-4ac067768f66/f8525324-9d62-4c62-897b-f9969c6c7c5e_819272311.jpeg?h=225&w=225,
268589566,Schwartz Grinder Black Pepper Grinder 35G,https://www.tesco.com/groceries/en-GB/shop/food-cupboard/all?department=Cooking%20Ingredients&viewAll=department&page=,£2.50,£0.72/10g,,,/groceries/en-GB/products/268589566,https://digitalcontent.api.tesco.com/v2/media/ghs/3d108cb1-1412-4953-9df4-af5729d32c8b/5920ea32-bff8-4587-91a4-98e4032f56cf_421940717.jpeg?h=225&w=225,
256338738,Schwartz Mild Curry Powder 85G,https://www.tesco.com/groceries/en-GB/shop/food-cupboard/all?department=Cooking%20Ingredients&viewAll=department&page=,£1.95,£0.23/10g,Any 2 for £2.85 Clubcard Price - Selected Schwartz Seasonings 1g-90g,,/groceries/en-GB/products/256338738,https://digitalcontent.api.tesco.com/v2/media/ghs/b44980f1-165f-442c-a6c6-35edd4bad640/02cc81b1-15f7-42dd-b4fb-cbc22646ae16_1151348776.jpeg?h=225&w=225,
263155235,Schwartz Oregano 7G Jar,https://www.tesco.com/groceries/en-GB/shop/food-cupboard/all?department=Cooking%20Ingredients&viewAll=department&page=,£1.85,£264.29/kg,Any 2 for £2.85 Clubcard Price - Selected Schwartz Seasonings 1g-90g,,/groceries/en-GB/products/263155235,https://digitalcontent.api.tesco.com/v2/media/ghs/928fae2d-f1c2-4ff1-bc00-c2f7e79cf4d5/e8fb6609-8683-4730-b326-d3be12780344_313249160.jpeg?h=225&w=225,
256834053,Schwartz Medium Curry Powder 90G,https://www.tesco.com/groceries/en-GB/shop/food-cupboard/all?department=Cooking%20Ingredients&viewAll=department&page=,£1.95,£0.22/10g,Any 2 for £2.85 Clubcard Price - Selected Schwartz Seasonings 1g-90g,,/groceries/en-GB/products/256834053,https://digitalcontent.api.tesco.com/v2/media/ghs/ec906bff-6e46-4671-a12f-253f5f1ae56c/6ec31bbd-7853-4a93-960a-33266c57bc7c_1640651922.jpeg?h=225&w=225,
255652004,Schwartz Garlic Italian Sauce Seasoning 43G,https://www.tesco.com/groceries/en-GB/shop/food-cupboard/all?department=Cooking%20Ingredients&viewAll=department&page=,£1.85,£43.03/kg,Any 2 for £2.85 Clubcard Price - Selected Schwartz Seasonings 1g-90g,,/groceries/en-GB/products/255652004,https://digitalcontent.api.tesco.com/v2/media/ghs/0ad2906e-b37b-40d0-aa63-aa390c76c856/5c8fdc6b-f38b-47f8-9a7c-98b290f6d0a7_1331317574.jpeg?h=225&w=225,
279722790,Very Lazy Smoked Chopped Garlic 200G,https://www.tesco.com/groceries/en-GB/shop/food-cupboard/all?department=Cooking%20Ingredients&viewAll=department&page=,£2.00,£0.10/10g,,,/groceries/en-GB/products/279722790,https://digitalcontent.api.tesco.com/v2/media/ghs/450d94af-f6b6-4e69-88df-e03ee8097c60/3c54b39f-76e7-4672-bd46-632494f43cfd_1227494601.jpeg?h=225&w=225,
312098775,Bisto Best Vegetable Gravy 230G,https://www.tesco.com/groceries/en-GB/shop/food-cupboard/all?department=Cooking%20Ingredients&viewAll=department&page=,£2.95,£1.29/100g,£2.50 Clubcard Price,,/groceries/en-GB/products/312098775,https://digitalcontent.api.tesco.com/v2/media/ghs/1f58f302-2307-4058-97ec-dd4fc0901d32/28242e61-c1bd-4b6d-8677-ae80ea034844_1073491427.jpeg?h=225&w=225,
254918919,Schwartz Ground Ginger 26G,https://www.tesco.com/groceries/en-GB/shop/food-cupboard/all?department=Cooking%20Ingredients&viewAll=department&page=,£1.85,£0.71/10g,Any 2 for £2.85 Clubcard Price - Selected Schwartz Seasonings 1g-90g,,/groceries/en-GB/products/254918919,https://digitalcontent.api.tesco.com/v2/media/ghs/65c4e653-1879-401f-947a-1e312b6b978c/b74537b2-6ee1-4ba4-8dbf-e3493488e9ee_727162662.jpeg?h=225&w=225,
257498990,Schwartz Thyme 11G Jar,https://www.tesco.com/groceries/en-GB/shop/food-cupboard/all?department=Cooking%20Ingredients&viewAll=department&page=,£1.85,£1.69/10g,Any 2 for £2.85 Clubcard Price - Selected Schwartz Seasonings 1g-90g,,/groceries/en-GB/products/257498990,https://digitalcontent.api.tesco.com/v2/media/ghs/dc803bee-7c06-494c-be3d-a9b93d72d984/daf4349f-7109-4dee-8745-9f89ccbd5034_100657136.jpeg?h=225&w=225,
254918902,Schwartz Garlic Salt 73G,https://www.tesco.com/groceries/en-GB/shop/food-cupboard/all?department=Cooking%20Ingredients&viewAll=department&page=,£1.85,£25.35/kg,Any 2 for £2.85 Clubcard Price - Selected Schwartz Seasonings 1g-90g,,/groceries/en-GB/products/254918902,https://digitalcontent.api.tesco.com/v2/media/ghs/fc6aa4b7-e49d-4c90-9b10-b7c9e097950a/295e75c6-acc5-4c0a-991c-7dd29aca0871_1081822758.jpeg?h=225&w=225,
301392495,Schwartz Paprika 40G,https://www.tesco.com/groceries/en-GB/shop/food-cupboard/all?department=Cooking%20Ingredients&viewAll=department&page=,£1.85,£46.25/kg,Any 2 for £2.85 Clubcard Price - Selected Schwartz Seasonings 1g-90g,,/groceries/en-GB/products/301392495,https://digitalcontent.api.tesco.com/v2/media/ghs/6f1f07ac-057a-468a-8dc1-72c6eb0ba877/ba1a3e93-53b6-4877-8cd1-55fff7d2f881_1956981074.jpeg?h=225&w=225,
281733365,Schwartz Perfect Shake Chips Seasoning 55G,https://www.tesco.com/groceries/en-GB/shop/food-cupboard/all?department=Cooking%20Ingredients&viewAll=department&page=,£1.85,£0.34/10g,Any 2 for £2.85 Clubcard Price - Selected Schwartz Seasonings 1g-90g,,/groceries/en-GB/products/281733365,https://digitalcontent.api.tesco.com/v2/media/ghs/0cd4ebcc-21aa-4fc2-890f-2f512ccbd82f/6bd325d4-b002-4f27-b84f-3b1b83b83745_2043349827.jpeg?h=225&w=225,
257518328,Swartz Jamaican Jerk Seasoning 51G Jar,https://www.tesco.com/groceries/en-GB/shop/food-cupboard/all?department=Cooking%20Ingredients&viewAll=department&page=,£1.85,£0.36/10g,Any 2 for £2.85 Clubcard Price - Selected Schwartz Seasonings 1g-90g,,/groceries/en-GB/products/257518328,https://digitalcontent.api.tesco.com/v2/media/ghs/bf764aa9-8a73-4a28-a808-f4bea857fc29/9f3fafdb-e883-4452-a20e-432eef5de25f_271300488.jpeg?h=225&w=225,
297609673,Paxo Sage & Onion Gluten Free Stuffing Mix 150G,https://www.tesco.com/groceries/en-GB/shop/food-cupboard/all?department=Cooking%20Ingredients&viewAll=department&page=,£2.60,£1.74/100g,,,/groceries/en-GB/products/297609673,https://digitalcontent.api.tesco.com/v2/media/ghs/2f4b4f5d-9426-48d0-a09c-e0ee65ad07d5/942c3fb0-0609-4605-bccd-8f9f82c7c533_912800.jpeg?h=225&w=225,
250616592,Tesco Organic Rapeseed Oil 1L,https://www.tesco.com/groceries/en-GB/shop/food-cupboard/all?department=Cooking%20Ingredients&viewAll=department&page=,£4.50,£0.45/100ml,,,/groceries/en-GB/products/250616592,https://digitalcontent.api.tesco.com/v2/media/ghs/5d763689-796c-4202-a9e9-21b5e1cdf385/2eb41724-4bb9-45d2-82c0-7b8dd29a755e_404155404.jpeg?h=225&w=225,
309476827,Bisto Curry Sauce Mix 185G,https://www.tesco.com/groceries/en-GB/shop/food-cupboard/all?department=Cooking%20Ingredients&viewAll=department&page=,£2.00,£1.09/100g,,,/groceries/en-GB/products/309476827,https://digitalcontent.api.tesco.com/v2/media/ghs/a828c101-1962-48a8-9652-e1e680446f84/abe84467-5778-492b-801c-360b491388a2_1745887998.jpeg?h=225&w=225,
307145179,Nando's Peri Peri Garlic Bag & Bake 20G,https://www.tesco.com/groceries/en-GB/shop/food-cupboard/all?department=Cooking%20Ingredients&viewAll=department&page=,£1.35,£6.75/100g,,,/groceries/en-GB/products/307145179,https://digitalcontent.api.tesco.com/v2/media/ghs/ed8a92ed-78f5-4d5a-b1a4-c54cf6e12883/d8fe11d4-f3ee-4c7e-8250-a74961328634_809330473.jpeg?h=225&w=225,
296383663,Bisto Gravy Granules Chicken 550G,https://www.tesco.com/groceries/en-GB/shop/food-cupboard/all?department=Cooking%20Ingredients&viewAll=department&page=,£4.00,£0.73/100g,£3.25 Clubcard Price,,/groceries/en-GB/products/296383663,https://digitalcontent.api.tesco.com/v2/media/ghs/520569da-1288-41e1-9a7d-6e5683cc8624/692a18d3-0d6e-4df1-a8a6-0ef34a732ce3_842701084.jpeg?h=225&w=225,
268531289,Tesco Coriander Seeds 26G,https://www.tesco.com/groceries/en-GB/shop/food-cupboard/all?department=Cooking%20Ingredients&viewAll=department&page=,£1.00,£38.47/kg,,,/groceries/en-GB/products/268531289,https://digitalcontent.api.tesco.com/v2/media/ghs/d8324d91-70c0-475b-9313-a73383a5f830/310484cf-7b46-4582-ae64-29b945181b03_598867680.jpeg?h=225&w=225,
262106716,Paxo Golden Breadcrumbs 227G,https://www.tesco.com/groceries/en-GB/shop/food-cupboard/all?department=Cooking%20Ingredients&viewAll=department&page=,£1.30,£5.73/kg,,,/groceries/en-GB/products/262106716,https://digitalcontent.api.tesco.com/v2/media/ghs/d7585073-d234-4ac0-9886-fb64d202f87e/3f58c784-91aa-48df-8338-2e1ccc4550d6_52467546.jpeg?h=225&w=225,
308111622,Knorr 8 Zero Salt Beef Stock Cubes 72G,https://www.tesco.com/groceries/en-GB/shop/food-cupboard/all?department=Cooking%20Ingredients&viewAll=department&page=,£1.65,£2.30/100g,,,/groceries/en-GB/products/308111622,https://digitalcontent.api.tesco.com/v2/media/ghs/642412aa-a2c6-4f22-966f-b06f2231ce43/900f92ea-e5a8-4092-9abf-7bfb0af450c3_145411237.jpeg?h=225&w=225,
296383686,Bisto Reduced Salt Gravy Granules 550G,https://www.tesco.com/groceries/en-GB/shop/food-cupboard/all?department=Cooking%20Ingredients&viewAll=department&page=,£4.00,£0.73/100g,£3.25 Clubcard Price,,/groceries/en-GB/products/296383686,https://digitalcontent.api.tesco.com/v2/media/ghs/f29c4628-73f1-4469-870e-99f0a3db541e/e7107d12-7f6d-4ca4-8a56-dc5f30bcb7a1_2023022989.jpeg?h=225&w=225,
300456088,Tesco Curry Leaves 2G ..,https://www.tesco.com/groceries/en-GB/shop/food-cupboard/all?department=Cooking%20Ingredients&viewAll=department&page=,£1.00,£5.00/10g,,,/groceries/en-GB/products/300456088,https://digitalcontent.api.tesco.com/v2/media/ghs/0aa656d2-717d-4b1c-b2da-f6ed93ff109c/snapshotimagehandler_173247421.jpeg?h=225&w=225,
277972012,Nando's Peri Peri Rub Hot 25G,https://www.tesco.com/groceries/en-GB/shop/food-cupboard/all?department=Cooking%20Ingredients&viewAll=department&page=,£1.00,£40.00/kg,,,/groceries/en-GB/products/277972012,https://digitalcontent.api.tesco.com/v2/media/ghs/860d99c6-9476-4b01-b93f-07e9c150a82b/0addd04d-00a6-4433-8217-17128e46cfad_1251015941.jpeg?h=225&w=225,
255769270,Tesco Hot Curry Powder 80G,https://www.tesco.com/groceries/en-GB/shop/food-cupboard/all?department=Cooking%20Ingredients&viewAll=department&page=,£1.05,£13.13/kg,,,/groceries/en-GB/products/255769270,https://digitalcontent.api.tesco.com/v2/media/ghs/e2113de8-6c4f-49b7-9a40-aee6b132fc7a/a1f92bdb-423a-40f0-9fb8-db5a3770af38_1886969575.jpeg?h=225&w=225,
302288208,Cornish Sea Salt Flakes 150G,https://www.tesco.com/groceries/en-GB/shop/food-cupboard/all?department=Cooking%20Ingredients&viewAll=department&page=,£1.40,£9.34/kg,,,/groceries/en-GB/products/302288208,https://digitalcontent.api.tesco.com/v2/media/ghs/eba1db30-5b3f-428d-b3bf-92a306b77dae/39fa35b1-c1e3-4964-9743-ee8a073fab62_2047272036.jpeg?h=225&w=225,
292974310,Tesco Ras El Hanout Seasoning 50G,https://www.tesco.com/groceries/en-GB/shop/food-cupboard/all?department=Cooking%20Ingredients&viewAll=department&page=,£1.05,£0.21/10g,,,/groceries/en-GB/products/292974310,https://digitalcontent.api.tesco.com/v2/media/ghs/64166b7f-c72c-4214-9aab-6b7424db4f86/7fc215a0-d9b4-4cb1-8025-8c1d0d12afcd_60078977.jpeg?h=225&w=225,
308868711,Yo! Aromatic Katsu Curry Sauce Mix 40G,https://www.tesco.com/groceries/en-GB/shop/food-cupboard/all?department=Cooking%20Ingredients&viewAll=department&page=,£1.00,£2.50/100g,,,/groceries/en-GB/products/308868711,https://digitalcontent.api.tesco.com/v2/media/ghs/710446ca-71dd-41fa-a4f4-bbe19ffe4323/2ff6b5f2-c720-4b65-9f1c-6f67a0461c88_952534397.jpeg?h=225&w=225,
313160573,Paxo Turkey & Bacon Flavour Stuffing Mix 170G,https://www.tesco.com/groceries/en-GB/shop/food-cupboard/all?department=Cooking%20Ingredients&viewAll=department&page=,£1.50,£8.83/kg,,,/groceries/en-GB/products/313160573,https://digitalcontent.api.tesco.com/v2/media/ghs/8a8ed297-6ce5-4799-9340-a5312261f985/ad0e67a0-e274-4117-8569-f19ad7d7b7d5_412852217.jpeg?h=225&w=225,
255770181,Tesco Mild Tandoori Curry Powder 80G,https://www.tesco.com/groceries/en-GB/shop/food-cupboard/all?department=Cooking%20Ingredients&viewAll=department&page=,£1.05,£0.13/10g,,,/groceries/en-GB/products/255770181,https://digitalcontent.api.tesco.com/v2/media/ghs/c8aac83a-0644-49e5-9c14-c1a8af8fa510/f7a2da99-2594-45d9-af9e-d8b3f6a2ad77_1142360325.jpeg?h=225&w=225,
308113758,Colman's Doner Kebab Seasoning Mix 38G,https://www.tesco.com/groceries/en-GB/shop/food-cupboard/all?department=Cooking%20Ingredients&viewAll=department&page=,£1.00,£2.64/100g,65p Clubcard Price,,/groceries/en-GB/products/308113758,https://digitalcontent.api.tesco.com/v2/media/ghs/8863207c-fe39-455e-ae9f-e351e35ef348/336f2959-e400-4b36-933a-c9bfc1ac5ed0_683964220.jpeg?h=225&w=225,
297021031,Maggi So Juicy Butter Chicken 46G,https://www.tesco.com/groceries/en-GB/shop/food-cupboard/all?department=Cooking%20Ingredients&viewAll=department&page=,£0.70,£1.53/100g,,,/groceries/en-GB/products/297021031,https://digitalcontent.api.tesco.com/v2/media/ghs/510f8e03-c6ac-47ce-9631-092d50105b19/b47976f2-c272-4999-bfbb-4592feb9889b_1665800855.jpeg?h=225&w=225,
250519309,Schwartz Parsley & Chive Sauce Mix 38G,https://www.tesco.com/groceries/en-GB/shop/food-cupboard/all?department=Cooking%20Ingredients&viewAll=department&page=,£0.90,£2.37/100g,Any 4 for £2 Clubcard Price - Selected Schwartz Recipe Mix 20g-41g ,,/groceries/en-GB/products/250519309,https://digitalcontent.api.tesco.com/v2/media/ghs/b03b192a-3478-48a2-8391-315e751aaa1f/ed4c1d9f-61c6-4105-9088-39498cd39629_576268767.jpeg?h=225&w=225,
291894550,Maggi So Juicy Smoky Piri Piri Chicken 27G,https://www.tesco.com/groceries/en-GB/shop/food-cupboard/all?department=Cooking%20Ingredients&viewAll=department&page=,£0.70,£2.60/100g,,,/groceries/en-GB/products/291894550,https://digitalcontent.api.tesco.com/v2/media/ghs/052f9a0b-d4cb-4a85-8cee-951090978f29/d38cd032-92b8-467e-8681-01238c3e9fd0_790944398.jpeg?h=225&w=225,
274767151,Maggi So Juicy Paprika For Chicken 30G,https://www.tesco.com/groceries/en-GB/shop/food-cupboard/all?department=Cooking%20Ingredients&viewAll=department&page=,£0.70,£2.34/100g,,,/groceries/en-GB/products/274767151,https://digitalcontent.api.tesco.com/v2/media/ghs/db6feda3-4d5e-423a-987a-a2d64a775bdd/0472e76a-3178-4fe3-91ff-0d4bc4a216cc.jpeg?h=225&w=225,
293091402,Schwartz Spanish Meatballs In Tomato Sauce 30G,https://www.tesco.com/groceries/en-GB/shop/food-cupboard/all?department=Cooking%20Ingredients&viewAll=department&page=,£0.90,£3.00/100g,Any 4 for £2 Clubcard Price - Selected Schwartz Recipe Mix 20g-41g ,,/groceries/en-GB/products/293091402,https://digitalcontent.api.tesco.com/v2/media/ghs/84c1df74-a010-40ee-b45a-c2eb53c5ea06/752f3e53-43f3-448a-aae6-afccbf2c14ae_502437014.jpeg?h=225&w=225,
278288475,Tesco Chilli Infused Oil 250Ml,https://www.tesco.com/groceries/en-GB/shop/food-cupboard/all?department=Cooking%20Ingredients&viewAll=department&page=,£2.10,£0.84/100ml,,,/groceries/en-GB/products/278288475,https://digitalcontent.api.tesco.com/v2/media/ghs/d9038c8f-425c-4c0c-8d64-2a4f9d9b43e5/snapshotimagehandler_135060203.jpeg?h=225&w=225,
293091264,Schwartz Spanish Smoked Paprika Chicken 28G,https://www.tesco.com/groceries/en-GB/shop/food-cupboard/all?department=Cooking%20Ingredients&viewAll=department&page=,£0.90,£3.22/100g,Any 4 for £2 Clubcard Price - Selected Schwartz Recipe Mix 20g-41g ,,/groceries/en-GB/products/293091264,https://digitalcontent.api.tesco.com/v2/media/ghs/5db99e96-81fb-4696-857c-b7f819dde327/92325c19-c36b-4480-b304-f37252e98493_1447707876.jpeg?h=225&w=225,
304371285,Schwartz Wrap It Smokehouse Bbq 30G,https://www.tesco.com/groceries/en-GB/shop/food-cupboard/all?department=Cooking%20Ingredients&viewAll=department&page=,£1.00,£3.34/100g,Any 4 for £2 Clubcard Price - Selected Schwartz Recipe Mix 20g-41g ,,/groceries/en-GB/products/304371285,https://digitalcontent.api.tesco.com/v2/media/ghs/0b80159e-c91f-4324-a8f3-9b3b80fb8c6b/aab282c9-9485-46c2-97e9-fadc4a47d836_477414872.jpeg?h=225&w=225,
268622297,Groovy Virgin Coconut Oil 283Ml,https://www.tesco.com/groceries/en-GB/shop/food-cupboard/all?department=Cooking%20Ingredients&viewAll=department&page=,£4.20,£1.49/100ml,,,/groceries/en-GB/products/268622297,https://digitalcontent.api.tesco.com/v2/media/ghs/9df066ed-92b5-4726-a111-50cf586c71ca/d293d322-66e3-462f-a8c5-0c2efd27955d_1762688211.jpeg?h=225&w=225,
255592838,Napolina Extra Virgin Olive Oil 1Ltr,https://www.tesco.com/groceries/en-GB/shop/food-cupboard/all?department=Cooking%20Ingredients&viewAll=department&page=,£7.00,£0.70/100ml,£6.00 Clubcard Price,,/groceries/en-GB/products/255592838,https://digitalcontent.api.tesco.com/v2/media/ghs/2b13736e-c4ad-4b91-be5f-9c34a1d60046/0dd35cb8-ef86-4c9e-942a-288b45d7fbcc_525445553.jpeg?h=225&w=225,
258669752,Alfa One Rice Bran Oil 500Ml,https://www.tesco.com/groceries/en-GB/shop/food-cupboard/all?department=Cooking%20Ingredients&viewAll=department&page=,£2.75,£0.55/100ml,,,/groceries/en-GB/products/258669752,https://digitalcontent.api.tesco.com/v2/media/ghs/9c4d33f0-9908-4a2a-aa81-05029449a2dd/65109bd5-21aa-4503-a3d5-c6881a9dfa9f_1815741204.jpeg?h=225&w=225,
257449231,Napolina Olive Oil 500Ml,https://www.tesco.com/groceries/en-GB/shop/food-cupboard/all?department=Cooking%20Ingredients&viewAll=department&page=,£3.75,£0.75/100ml,,,/groceries/en-GB/products/257449231,https://digitalcontent.api.tesco.com/v2/media/ghs/21154193-d6eb-436c-bfb9-da18bbad5413/b1b34b80-8ef6-4c2b-a361-5c535af00baf_798991205.jpeg?h=225&w=225,
311268121,Al'fez Natural Tahini 160G,https://www.tesco.com/groceries/en-GB/shop/food-cupboard/all?department=Cooking%20Ingredients&viewAll=department&page=,£2.30,£1.44/100g,,,/groceries/en-GB/products/311268121,https://digitalcontent.api.tesco.com/v2/media/ghs/dca82ca6-e6d0-4e89-88fa-bdd93f12299a/6df91d4d-62c3-4b16-baae-9798e294aeb8_3251906.jpeg?h=225&w=225,
261799858,Tesco Organic Balsamic Vinegar Of Modena 250Ml,https://www.tesco.com/groceries/en-GB/shop/food-cupboard/all?department=Cooking%20Ingredients&viewAll=department&page=,£2.00,£0.80/100ml,,,/groceries/en-GB/products/261799858,https://digitalcontent.api.tesco.com/v2/media/ghs/66c61623-3348-4309-89f5-c6232966fbf2/f66044b3-7719-4ad8-a525-d91fa85efa8d_1522281553.jpeg?h=225&w=225,
254918672,Schwartz Cinnamon Sticks 13G,https://www.tesco.com/groceries/en-GB/shop/food-cupboard/all?department=Cooking%20Ingredients&viewAll=department&page=,£1.85,£142.31/kg,Any 2 for £2.85 Clubcard Price - Selected Schwartz Seasonings 1g-90g,,/groceries/en-GB/products/254918672,https://digitalcontent.api.tesco.com/v2/media/ghs/4c056473-107d-4c44-b1b5-2172f14b9842/f647975f-adc8-4d9a-9e5a-e4005b13792c_405650120.jpeg?h=225&w=225,
257498667,Schwartz Rosemary 18G Jar,https://www.tesco.com/groceries/en-GB/shop/food-cupboard/all?department=Cooking%20Ingredients&viewAll=department&page=,£1.85,£1.03/10g,Any 2 for £2.85 Clubcard Price - Selected Schwartz Seasonings 1g-90g,,/groceries/en-GB/products/257498667,https://digitalcontent.api.tesco.com/v2/media/ghs/e25f4f1a-2427-4ff6-ab1b-8a012b1a64e3/5e3a830d-5a47-4945-892c-2c94007edaaf_1035701724.jpeg?h=225&w=225,
275739984,Schwartz Fish Pie Wet Sauce For Fish 300G,https://www.tesco.com/groceries/en-GB/shop/food-cupboard/all?department=Cooking%20Ingredients&viewAll=department&page=,£2.20,£0.73/100g,,,/groceries/en-GB/products/275739984,https://digitalcontent.api.tesco.com/v2/media/ghs/4937f7b0-f4ec-4382-a628-0df903bcc534/95169a2b-be78-4fdc-9d41-ef4df83c38f9_757755036.jpeg?h=225&w=225,
308463717,Nandos Peri Peri Quick Marinade Medium 262G,https://www.tesco.com/groceries/en-GB/shop/food-cupboard/all?department=Cooking%20Ingredients&viewAll=department&page=,£2.30,£0.88/100g,,,/groceries/en-GB/products/308463717,https://digitalcontent.api.tesco.com/v2/media/ghs/45c45c13-aac9-499c-83bb-4ac9b3e3ca73/a9395688-940d-497f-a391-abb137b96680_420043442.jpeg?h=225&w=225,
255680293,Schwartz Piri Piri Chicken Grill Seasoning 39G,https://www.tesco.com/groceries/en-GB/shop/food-cupboard/all?department=Cooking%20Ingredients&viewAll=department&page=,£1.85,£0.48/10g,Any 2 for £2.85 Clubcard Price - Selected Schwartz Seasonings 1g-90g,,/groceries/en-GB/products/255680293,https://digitalcontent.api.tesco.com/v2/media/ghs/71238e11-fa13-4ab2-9dfe-7c3a1c42c537/ca758f70-ba78-4958-9456-b35bb35383d0_938042135.jpeg?h=225&w=225,
255865023,Schwartz Garlic Pepper 45G,https://www.tesco.com/groceries/en-GB/shop/food-cupboard/all?department=Cooking%20Ingredients&viewAll=department&page=,£1.85,£41.12/kg,Any 2 for £2.85 Clubcard Price - Selected Schwartz Seasonings 1g-90g,,/groceries/en-GB/products/255865023,https://digitalcontent.api.tesco.com/v2/media/ghs/4ba52fd3-5596-4ce7-a44f-3d644d46d806/1829afb9-087e-4f7d-b6fe-5fa960c1df53_425265040.jpeg?h=225&w=225,
280517531,Tesco Finest Lamb Gravy 350Ml,https://www.tesco.com/groceries/en-GB/shop/food-cupboard/all?department=Cooking%20Ingredients&viewAll=department&page=,£1.75,£0.50/100ml,,,/groceries/en-GB/products/280517531,https://digitalcontent.api.tesco.com/v2/media/ghs/e7991b05-1b1d-4825-ad20-07d917d3e34e/d1d45271-bdcd-4ff6-a53c-ea2f6ec0bc2d_1471565777.jpeg?h=225&w=225,
296219992,Schwartz Chicken Seasoning Paprika & Onion 50G,https://www.tesco.com/groceries/en-GB/shop/food-cupboard/all?department=Cooking%20Ingredients&viewAll=department&page=,£1.85,£37.00/kg,Any 2 for £2.85 Clubcard Price - Selected Schwartz Seasonings 1g-90g,,/groceries/en-GB/products/296219992,https://digitalcontent.api.tesco.com/v2/media/ghs/f8bac812-e587-4d60-812d-c5f5d8bab9c4/0d6654f8-526f-40f7-b6bd-6e487d4e6749_2087759176.jpeg?h=225&w=225,
311938521,Frylight Rapeseed Oil Spray 190Ml,https://www.tesco.com/groceries/en-GB/shop/food-cupboard/all?department=Cooking%20Ingredients&viewAll=department&page=,£2.40,£1.27/100ml,,,/groceries/en-GB/products/311938521,https://digitalcontent.api.tesco.com/v2/media/ghs/4c0265cc-694d-495b-aedb-6cd48c7298b8/cc49bdeb-b62e-4206-a8ff-8f6c26bfcadf_952470426.jpeg?h=225&w=225,
297609736,Bisto Gluten Free Gravy Granules 175G,https://www.tesco.com/groceries/en-GB/shop/food-cupboard/all?department=Cooking%20Ingredients&viewAll=department&page=,£3.60,£2.06/100g,,,/groceries/en-GB/products/297609736,https://digitalcontent.api.tesco.com/v2/media/ghs/1f2b55ce-a366-4cb3-b779-6033d88d3ac1/e11759c7-fbee-46cf-bddf-d57a734ef526_487354789.jpeg?h=225&w=225,
300456140,Tesco Ancho Chilli Flakes 35G,https://www.tesco.com/groceries/en-GB/shop/food-cupboard/all?department=Cooking%20Ingredients&viewAll=department&page=,£1.55,£44.29/kg,,,/groceries/en-GB/products/300456140,https://digitalcontent.api.tesco.com/v2/media/ghs/d08720c4-a13d-4a55-8f46-e8d069554a4e/snapshotimagehandler_1118348503.jpeg?h=225&w=225,
259035049,Tesco Mixed Peppercorn Grinder 40G,https://www.tesco.com/groceries/en-GB/shop/food-cupboard/all?department=Cooking%20Ingredients&viewAll=department&page=,£2.20,£0.55/10g,,,/groceries/en-GB/products/259035049,https://digitalcontent.api.tesco.com/v2/media/ghs/b2d508ce-f63a-4bfc-90cf-33775e150bba/53ff23b6-8b8e-4bde-98eb-533087bb2620_378666835.jpeg?h=225&w=225,
301454428,Nando's Peri Peri Bag & Bake Hot 20G,https://www.tesco.com/groceries/en-GB/shop/food-cupboard/all?department=Cooking%20Ingredients&viewAll=department&page=,£1.35,£6.75/100g,,,/groceries/en-GB/products/301454428,https://digitalcontent.api.tesco.com/v2/media/ghs/56e74dae-0124-4378-a972-1d7d119944c2/d28835b7-c484-418a-84ec-069a25867e85_389265367.jpeg?h=225&w=225,
274899743,Knorr Beef Gravy Pot 4 X 28G,https://www.tesco.com/groceries/en-GB/shop/food-cupboard/all?department=Cooking%20Ingredients&viewAll=department&page=,£2.00,£1.79/100g,,,/groceries/en-GB/products/274899743,https://digitalcontent.api.tesco.com/v2/media/ghs/5afdfd74-a1b4-4bc3-827f-7193a19159cf/f813ca46-54ab-4e43-861b-28f0a155b89e_1398624674.jpeg?h=225&w=225,
300456105,Tesco Makrut Lime Leaves 1G ..,https://www.tesco.com/groceries/en-GB/shop/food-cupboard/all?department=Cooking%20Ingredients&viewAll=department&page=,£1.20,"£1,200.00/kg",,,/groceries/en-GB/products/300456105,https://digitalcontent.api.tesco.com/v2/media/ghs/e3f1261d-ea88-4403-a390-86a16b308378/98fca566-d826-47f1-9ffc-2ec310e8bc9a_672686089.jpeg?h=225&w=225,
308844935,Nandos Smokey Bbq Peri Peri Bag & Bake 20G,https://www.tesco.com/groceries/en-GB/shop/food-cupboard/all?department=Cooking%20Ingredients&viewAll=department&page=,£1.35,£6.75/100g,,,/groceries/en-GB/products/308844935,https://digitalcontent.api.tesco.com/v2/media/ghs/97d56c7a-64a8-45db-873f-9b79ce7511dc/38d5c306-cb93-4121-8587-328488a8d8fb_1534555789.jpeg?h=225&w=225,
257505263,Schwartz Mild Chilli Powder 38G Jar,https://www.tesco.com/groceries/en-GB/shop/food-cupboard/all?department=Cooking%20Ingredients&viewAll=department&page=,£1.85,£0.49/10g,Any 2 for £2.85 Clubcard Price - Selected Schwartz Seasonings 1g-90g,,/groceries/en-GB/products/257505263,https://digitalcontent.api.tesco.com/v2/media/ghs/1b6e0557-2c1b-43ae-a376-0ca7297156fe/e5bcb09c-5533-43cd-a3e9-bbcdb740fc6d_847523416.jpeg?h=225&w=225,
296921592,Tesco All Purpose Seasoning 58G,https://www.tesco.com/groceries/en-GB/shop/food-cupboard/all?department=Cooking%20Ingredients&viewAll=department&page=,£1.20,£0.21/10g,,,/groceries/en-GB/products/296921592,https://digitalcontent.api.tesco.com/v2/media/ghs/077774ee-50f9-4067-b537-625c0cc894d6/4fd24ba0-33e6-4e8b-91b8-66b3dc2d325d_656861571.jpeg?h=225&w=225,
287841544,Tesco Ground Fenugreek 55G,https://www.tesco.com/groceries/en-GB/shop/food-cupboard/all?department=Cooking%20Ingredients&viewAll=department&page=,£1.00,£18.19/kg,,,/groceries/en-GB/products/287841544,https://digitalcontent.api.tesco.com/v2/media/ghs/90af72ee-f429-4205-b52e-8f8529f4cda6/7a094b48-fe6b-4808-ba16-889946be4442_612468504.jpeg?h=225&w=225,
303817728,Chop Lemongrass Puree 75G,https://www.tesco.com/groceries/en-GB/shop/food-cupboard/all?department=Cooking%20Ingredients&viewAll=department&page=,£1.30,£0.17/10g,,,/groceries/en-GB/products/303817728,https://digitalcontent.api.tesco.com/v2/media/ghs/1769f5d9-2bec-46a0-9667-1e88bcf7a207/3d85cd8a-cb74-4e3e-a7a8-673862c0787c_1038191534.jpeg?h=225&w=225,
262106739,Paxo Natural Breadcrumbs 227G,https://www.tesco.com/groceries/en-GB/shop/food-cupboard/all?department=Cooking%20Ingredients&viewAll=department&page=,£1.30,£5.73/kg,,,/groceries/en-GB/products/262106739,https://digitalcontent.api.tesco.com/v2/media/ghs/5d054f7c-3113-4f58-93aa-fed766d8e04c/5735ea30-c8b7-4c77-97de-859d842134e9_350065305.jpeg?h=225&w=225,
268595587,Tesco Mustard Seeds 60G,https://www.tesco.com/groceries/en-GB/shop/food-cupboard/all?department=Cooking%20Ingredients&viewAll=department&page=,£1.00,£0.17/10g,,,/groceries/en-GB/products/268595587,https://digitalcontent.api.tesco.com/v2/media/ghs/02ba64c1-3468-4d22-8882-d9d535f0f072/f6d1333f-47a6-48a0-8217-0b99cf4effe9_1639912131.jpeg?h=225&w=225,
255169980,Knorr Fish Stock Cubes 8 X 10G,https://www.tesco.com/groceries/en-GB/shop/food-cupboard/all?department=Cooking%20Ingredients&viewAll=department&page=,£1.75,£2.19/100g,£1.30 Clubcard Price,,/groceries/en-GB/products/255169980,https://digitalcontent.api.tesco.com/v2/media/ghs/21886355-8f7d-4784-b7b5-a5f7bdd9e2e2/f140a095-cd2e-4add-97c7-1f6061e5db70_252291606.jpeg?h=225&w=225,
310143541,Paxo Low Salt Sage & Onion Stuffing Mix 170G,https://www.tesco.com/groceries/en-GB/shop/food-cupboard/all?department=Cooking%20Ingredients&viewAll=department&page=,£1.70,£10.00/kg,,,/groceries/en-GB/products/310143541,https://digitalcontent.api.tesco.com/v2/media/ghs/525ac6aa-9900-462e-9649-cda0bf5cdf38/799e5615-456a-4192-b860-5d07455c91d2_2040559068.jpeg?h=225&w=225,
304788472,Paxo Chestnut & Cranberry Stuffing Mix 170G,https://www.tesco.com/groceries/en-GB/shop/food-cupboard/all?department=Cooking%20Ingredients&viewAll=department&page=,£1.70,£10.00/kg,£1.50 Clubcard Price,,/groceries/en-GB/products/304788472,https://digitalcontent.api.tesco.com/v2/media/ghs/a6991fc9-3547-4b63-80a8-53ba8476a361/8ed1d5be-d784-47c4-b7b5-e0662240d026_1906626866.jpeg?h=225&w=225,
274753098,Sarsons Gravy Browning 150Ml,https://www.tesco.com/groceries/en-GB/shop/food-cupboard/all?department=Cooking%20Ingredients&viewAll=department&page=,£1.00,£0.67/100ml,,,/groceries/en-GB/products/274753098,https://digitalcontent.api.tesco.com/v2/media/ghs/5ae51843-fcdb-4a89-b918-2b3be54b3ff9/2354db45-33a5-4cf8-9318-1fd9456cdbf3_445393174.jpeg?h=225&w=225,
308826829,Yo! Salt & Pepper Chicken Seasoning 35G,https://www.tesco.com/groceries/en-GB/shop/food-cupboard/all?department=Cooking%20Ingredients&viewAll=department&page=,£1.00,£2.86/100g,,,/groceries/en-GB/products/308826829,https://digitalcontent.api.tesco.com/v2/media/ghs/2ff74cb4-68f0-4a05-bcc2-a3f60b8b4086/fd658cd5-4ec2-4652-b093-0e80a0702a4d_427951538.jpeg?h=225&w=225,
300456445,Tesco Marjoram 13G ..,https://www.tesco.com/groceries/en-GB/shop/food-cupboard/all?department=Cooking%20Ingredients&viewAll=department&page=,£0.70,£53.85/kg,,,/groceries/en-GB/products/300456445,https://digitalcontent.api.tesco.com/v2/media/ghs/efd54579-6130-48da-94e8-def2f06df530/snapshotimagehandler_2085142632.jpeg?h=225&w=225,
266258944,Maggi Liquid Seasoning Hot 100Ml,https://www.tesco.com/groceries/en-GB/shop/food-cupboard/all?department=Cooking%20Ingredients&viewAll=department&page=,£1.20,£1.20/100ml,£1.00 Clubcard Price,,/groceries/en-GB/products/266258944,https://digitalcontent.api.tesco.com/v2/media/ghs/86a89139-33cf-4dad-8783-6409866b1cbc/64d60528-21c7-425f-be65-194ab294aba3_1359667244.jpeg?h=225&w=225,
273982070,Maggi So Juicy Chicken Chasseur 38G,https://www.tesco.com/groceries/en-GB/shop/food-cupboard/all?department=Cooking%20Ingredients&viewAll=department&page=,£0.70,£1.85/100g,,,/groceries/en-GB/products/273982070,https://digitalcontent.api.tesco.com/v2/media/ghs/71a94be6-e123-4c4a-97bf-4fa010618512/ec3d5d5c-a300-4724-ba9c-04a0fd4ab679.jpeg?h=225&w=225,
285353779,Tesco Garni 5G,https://www.tesco.com/groceries/en-GB/shop/food-cupboard/all?department=Cooking%20Ingredients&viewAll=department&page=,£0.70,£1.40/10g,,,/groceries/en-GB/products/285353779,https://digitalcontent.api.tesco.com/v2/media/ghs/ced829d7-2b0c-491a-ab85-05bfda1aa81a/69f2e0a2-6c7b-4486-993d-42b1d1902de5_1967736426.jpeg?h=225&w=225,
289037013,Tesco Fish Stockpot 4 Pack 112G,https://www.tesco.com/groceries/en-GB/shop/food-cupboard/all?department=Cooking%20Ingredients&viewAll=department&page=,£0.95,£0.85/100g,,,/groceries/en-GB/products/289037013,https://digitalcontent.api.tesco.com/v2/media/ghs/373c04c8-1032-4d13-91b1-b5dd23daf17f/5443656a-049d-4aa2-8478-e84b21adc68d_1420049598.jpeg?h=225&w=225,
253723108,Geo Organics Atlantic Sea Salt 250G,https://www.tesco.com/groceries/en-GB/shop/food-cupboard/all?department=Cooking%20Ingredients&viewAll=department&page=,£1.00,£4.00/kg,,,/groceries/en-GB/products/253723108,https://digitalcontent.api.tesco.com/v2/media/ghs/2a8a6e57-9f45-41ec-ae3d-09bcae232218/8cedffa6-359f-40ed-8a2f-41358ba7eb0a_2141018720.jpeg?h=225&w=225,
296921678,Schwartz Spicy Buffalo Wings Mix 30G,https://www.tesco.com/groceries/en-GB/shop/food-cupboard/all?department=Cooking%20Ingredients&viewAll=department&page=,£0.90,£3.00/100g,Any 4 for £2 Clubcard Price - Selected Schwartz Recipe Mix 20g-41g ,,/groceries/en-GB/products/296921678,https://digitalcontent.api.tesco.com/v2/media/ghs/afae7485-8e32-4153-9d6a-095d26e5b7fa/d41b8677-1200-4a19-889f-3b450a81fa49_1539510911.jpeg?h=225&w=225,
287911433,Schwartz Indian Korma 35G,https://www.tesco.com/groceries/en-GB/shop/food-cupboard/all?department=Cooking%20Ingredients&viewAll=department&page=,£0.90,£2.58/100g,Any 4 for £2 Clubcard Price - Selected Schwartz Recipe Mix 20g-41g ,,/groceries/en-GB/products/287911433,https://digitalcontent.api.tesco.com/v2/media/ghs/0ff62ddf-15a6-4de7-9ba3-964792d98845/06db7a23-59e6-4568-a2ae-492e1b9b95d1_2086636918.jpeg?h=225&w=225,
308465358,Schwartz Wok It American Bbq Chicken Seasoning 35G,https://www.tesco.com/groceries/en-GB/shop/food-cupboard/all?department=Cooking%20Ingredients&viewAll=department&page=,£1.00,£2.86/100g,Any 4 for £2 Clubcard Price - Selected Schwartz Recipe Mix 20g-41g ,,/groceries/en-GB/products/308465358,https://digitalcontent.api.tesco.com/v2/media/ghs/659d9325-a80d-41b6-a31a-45690a658dd0/b1785ca8-d3b6-4661-8463-6375baf64d2a_514818470.jpeg?h=225&w=225,
308091759,Schwartz Wrap It Takeaway Kebab 30G,https://www.tesco.com/groceries/en-GB/shop/food-cupboard/all?department=Cooking%20Ingredients&viewAll=department&page=,£1.00,£3.34/100g,Any 4 for £2 Clubcard Price - Selected Schwartz Recipe Mix 20g-41g ,,/groceries/en-GB/products/308091759,https://digitalcontent.api.tesco.com/v2/media/ghs/4243e16a-ad53-4ae9-b0bf-166db2a38168/7c0cf334-0533-4c5b-a17a-40e7d66b5d2f_208171907.jpeg?h=225&w=225,
308102633,Schwartz Slow Cook Sticky American Bbq Brisket 35G,https://www.tesco.com/groceries/en-GB/shop/food-cupboard/all?department=Cooking%20Ingredients&viewAll=department&page=,£1.00,£2.86/100g,Any 4 for £2 Clubcard Price - Selected Schwartz Recipe Mix 20g-41g ,,/groceries/en-GB/products/308102633,https://digitalcontent.api.tesco.com/v2/media/ghs/c00b01f2-a1be-466b-8db0-d382b1726ec2/def3bee6-5a31-4b1e-aff7-e0ab8f76ed73_363957539.jpeg?h=225&w=225,
259074601,Tesco Greek Extra Virgin Olive Oil 500Ml,https://www.tesco.com/groceries/en-GB/shop/food-cupboard/all?department=Cooking%20Ingredients&viewAll=department&page=,£4.00,£0.80/100ml,,,/groceries/en-GB/products/259074601,https://digitalcontent.api.tesco.com/v2/media/ghs/ab4a76dc-3f5b-48df-94a6-f565bf4acfac/1a54929d-3784-4912-ab11-77f2cfc1397d_1567084901.jpeg?h=225&w=225,
279962614,Santa Maria Roasted Garlic & Pepper Grinder 80G,https://www.tesco.com/groceries/en-GB/shop/food-cupboard/all?department=Cooking%20Ingredients&viewAll=department&page=,£3.00,£0.38/10g,,,/groceries/en-GB/products/279962614,https://digitalcontent.api.tesco.com/v2/media/ghs/f5088692-1d3d-41e6-bccf-1eb40376c835/3632f72e-c5b9-4173-8635-b11ae7b73610_678560515.jpeg?h=225&w=225,
297021238,Maldon Sea Salt Flake Grinder 55G,https://www.tesco.com/groceries/en-GB/shop/food-cupboard/all?department=Cooking%20Ingredients&viewAll=department&page=,£3.50,£63.64/kg,,,/groceries/en-GB/products/297021238,https://digitalcontent.api.tesco.com/v2/media/ghs/8e900546-c074-4269-bef7-a158d3290cae/b11aa519-a5ce-4e85-a76c-ef2b723935eb_459376985.jpeg?h=225&w=225,
293235199,Pure South Press Pure Avocado Oil 250Ml,https://www.tesco.com/groceries/en-GB/shop/food-cupboard/all?department=Cooking%20Ingredients&viewAll=department&page=,£3.95,£1.58/100ml,,,/groceries/en-GB/products/293235199,https://digitalcontent.api.tesco.com/v2/media/ghs/3d971382-e530-4879-b8e0-98dba3273344/6be42a5d-7f2b-4314-b335-132c950c1027_1607204982.jpeg?h=225&w=225,
255760642,Tesco Light In Colour Olive Oil 500Ml,https://www.tesco.com/groceries/en-GB/shop/food-cupboard/all?department=Cooking%20Ingredients&viewAll=department&page=,£3.05,£0.61/100ml,,,/groceries/en-GB/products/255760642,https://digitalcontent.api.tesco.com/v2/media/ghs/b628dd93-2c80-4eb1-9692-f5d759f31b1d/be700bc3-79d8-4c7f-8c93-e8d79de2aea1_1914368029.jpeg?h=225&w=225,
300456226,Tesco Sumac 52G .. ..,https://www.tesco.com/groceries/en-GB/shop/food-cupboard/all?department=Cooking%20Ingredients&viewAll=department&page=,£1.85,£35.58/kg,,,/groceries/en-GB/products/300456226,https://digitalcontent.api.tesco.com/v2/media/ghs/7cb21810-b680-490e-9215-5f807b1e4ac9/snapshotimagehandler_223599423.jpeg?h=225&w=225,
301600521,Knorr Organic Chicken Stock Pot 4X26g,https://www.tesco.com/groceries/en-GB/shop/food-cupboard/all?department=Cooking%20Ingredients&viewAll=department&page=,£2.00,£1.93/100g,,,/groceries/en-GB/products/301600521,https://digitalcontent.api.tesco.com/v2/media/ghs/0c64d6b4-3f79-43c0-af47-aa613a1ea2b3/c5952831-ca11-402f-8653-01648c9dde0a_654811499.jpeg?h=225&w=225,
257485170,Schwartz Basil 10G Jar,https://www.tesco.com/groceries/en-GB/shop/food-cupboard/all?department=Cooking%20Ingredients&viewAll=department&page=,£1.85,£1.85/10g,Any 2 for £2.85 Clubcard Price - Selected Schwartz Seasonings 1g-90g,,/groceries/en-GB/products/257485170,https://digitalcontent.api.tesco.com/v2/media/ghs/556ec029-3a35-42c6-935f-ac6f6c4a9b6b/70ee1fb0-03fa-44b3-9410-883d946c0125_547986170.jpeg?h=225&w=225,
301392472,Schwartz Turmeric 37G,https://www.tesco.com/groceries/en-GB/shop/food-cupboard/all?department=Cooking%20Ingredients&viewAll=department&page=,£1.85,£50.00/kg,Any 2 for £2.85 Clubcard Price - Selected Schwartz Seasonings 1g-90g,,/groceries/en-GB/products/301392472,https://digitalcontent.api.tesco.com/v2/media/ghs/5ced3eed-2729-45cf-aa57-806f9b1beeb0/1a30d660-e09d-4893-a912-19fafbb9d334_1790374701.jpeg?h=225&w=225,
308111334,Very Lazy Chipotle Paste 115G,https://www.tesco.com/groceries/en-GB/shop/food-cupboard/all?department=Cooking%20Ingredients&viewAll=department&page=,£2.15,£0.19/10g,,,/groceries/en-GB/products/308111334,https://digitalcontent.api.tesco.com/v2/media/ghs/74d8700a-911a-4da2-9dab-541d4b3a72c4/25a8ff19-bfff-4213-a215-a62ead1bee25_701755498.jpeg?h=225&w=225,
254919567,Schwartz Garam Masala 30G,https://www.tesco.com/groceries/en-GB/shop/food-cupboard/all?department=Cooking%20Ingredients&viewAll=department&page=,£1.85,£61.67/kg,Any 2 for £2.85 Clubcard Price - Selected Schwartz Seasonings 1g-90g,,/groceries/en-GB/products/254919567,https://digitalcontent.api.tesco.com/v2/media/ghs/cd099d41-d97a-457b-8903-9433af94e25c/76b12d43-22df-45b3-bc4d-527fd6a980ba_282714476.jpeg?h=225&w=225,
262122535,Schwartz Chinese 5 Spice Seasoning 58G,https://www.tesco.com/groceries/en-GB/shop/food-cupboard/all?department=Cooking%20Ingredients&viewAll=department&page=,£1.85,£0.32/10g,Any 2 for £2.85 Clubcard Price - Selected Schwartz Seasonings 1g-90g,,/groceries/en-GB/products/262122535,https://digitalcontent.api.tesco.com/v2/media/ghs/0b482a4e-205e-4630-a1bd-8cb9d2741b69/6aea1aec-ff02-4b46-a499-1b88b8873a31_1138554803.jpeg?h=225&w=225,
305051236,Marigold Organic Vegetable Vegan Bouillon Powder 140G,https://www.tesco.com/groceries/en-GB/shop/food-cupboard/all?department=Cooking%20Ingredients&viewAll=department&page=,£2.50,£1.79/100g,,,/groceries/en-GB/products/305051236,https://digitalcontent.api.tesco.com/v2/media/ghs/f0954b96-c3db-41b5-ad64-3743995524c4/ef980345-1029-4b15-8b20-b472b2ea4f2e_1000645486.jpeg?h=225&w=225,
309492560,Bisto Pepper Sauce Mix 185G,https://www.tesco.com/groceries/en-GB/shop/food-cupboard/all?department=Cooking%20Ingredients&viewAll=department&page=,£2.00,£1.09/100g,,,/groceries/en-GB/products/309492560,https://digitalcontent.api.tesco.com/v2/media/ghs/4d4ff2d6-d764-431e-97ea-b47a981e648e/80b82194-53e4-4e36-926a-01081e05599f_889464675.jpeg?h=225&w=225,
257510515,Schwarts Ground Coriander 24G Jar,https://www.tesco.com/groceries/en-GB/shop/food-cupboard/all?department=Cooking%20Ingredients&viewAll=department&page=,£1.85,£77.09/kg,Any 2 for £2.85 Clubcard Price - Selected Schwartz Seasonings 1g-90g,,/groceries/en-GB/products/257510515,https://digitalcontent.api.tesco.com/v2/media/ghs/0e0ad242-bfe9-49b9-a3a4-65e689840f35/98218aae-7861-4783-8298-58c325939685_1316907444.jpeg?h=225&w=225,
257504644,Schwartz Chilli Powder Hot 38G Jar,https://www.tesco.com/groceries/en-GB/shop/food-cupboard/all?department=Cooking%20Ingredients&viewAll=department&page=,£1.85,£48.69/kg,Any 2 for £2.85 Clubcard Price - Selected Schwartz Seasonings 1g-90g,,/groceries/en-GB/products/257504644,https://digitalcontent.api.tesco.com/v2/media/ghs/f0ae8c17-911f-43c0-8e4d-efe5d654966d/769d82fc-f966-4b87-b64f-af96bdcea70a_1570134127.jpeg?h=225&w=225,
274899518,Knorr Chicken Gravy Pot 4 X 28G,https://www.tesco.com/groceries/en-GB/shop/food-cupboard/all?department=Cooking%20Ingredients&viewAll=department&page=,£2.00,£1.79/100g,,,/groceries/en-GB/products/274899518,https://digitalcontent.api.tesco.com/v2/media/ghs/35dda466-d22a-45e3-b1a3-1e9b86c126b2/3db570ca-74d3-484e-939f-604e3d96b995_1435762029.jpeg?h=225&w=225,
289081529,Tesco Hot Paprika 45G,https://www.tesco.com/groceries/en-GB/shop/food-cupboard/all?department=Cooking%20Ingredients&viewAll=department&page=,£1.10,£0.24/10g,,,/groceries/en-GB/products/289081529,https://digitalcontent.api.tesco.com/v2/media/ghs/f178a63b-11de-460c-aa12-683307b4c73b/993b3102-c616-4332-acdd-6eeab2102579_258551649.jpeg?h=225&w=225,
289081610,Tesco Harissa Seasoning 48G,https://www.tesco.com/groceries/en-GB/shop/food-cupboard/all?department=Cooking%20Ingredients&viewAll=department&page=,£1.05,£0.22/10g,,,/groceries/en-GB/products/289081610,https://digitalcontent.api.tesco.com/v2/media/ghs/63f89e91-c92b-4474-959a-42f24bfcaa21/6adafeb6-52e3-4088-a2b0-ca0eadfb987d_1113945528.jpeg?h=225&w=225,
304396716,Tesco Lemongrass Paste 95G,https://www.tesco.com/groceries/en-GB/shop/food-cupboard/all?department=Cooking%20Ingredients&viewAll=department&page=,£1.45,£0.15/10g,,,/groceries/en-GB/products/304396716,https://digitalcontent.api.tesco.com/v2/media/ghs/68034858-babb-4b3a-876f-d12a63f9738b/73217430-ac3c-40f4-a106-aba167f89aba_464790381.jpeg?h=225&w=225,
304389316,Tesco Caraway Seeds 40G,https://www.tesco.com/groceries/en-GB/shop/food-cupboard/all?department=Cooking%20Ingredients&viewAll=department&page=,£1.00,£0.25/10g,,,/groceries/en-GB/products/304389316,https://digitalcontent.api.tesco.com/v2/media/ghs/1fe95592-4a2e-43ff-8e27-779ae7b5a7ae/62721148-abab-4f6b-82d4-c8d65d2800c4_352956289.jpeg?h=225&w=225,
289080899,Tesco Nigella Seeds 45G,https://www.tesco.com/groceries/en-GB/shop/food-cupboard/all?department=Cooking%20Ingredients&viewAll=department&page=,£1.00,£22.23/kg,,,/groceries/en-GB/products/289080899,https://digitalcontent.api.tesco.com/v2/media/ghs/299de57b-0bd0-4441-ab77-632ec6251f1a/46916b8c-2f9a-4b67-8de0-2b42943d8a1b_496563839.jpeg?h=225&w=225,
304794896,Flava-It Garden Mint Marinade Seasoning 35G,https://www.tesco.com/groceries/en-GB/shop/food-cupboard/all?department=Cooking%20Ingredients&viewAll=department&page=,£1.10,£0.32/10g,70p Clubcard Price,,/groceries/en-GB/products/304794896,https://digitalcontent.api.tesco.com/v2/media/ghs/f1877fbd-0a39-491b-bf05-f2c5df387702/3575aff4-f36f-43c7-95fb-69b8e1508c9f_1015367796.jpeg?h=225&w=225,
287549390,Nando's Coat & Cook Medium 120G,https://www.tesco.com/groceries/en-GB/shop/food-cupboard/all?department=Cooking%20Ingredients&viewAll=department&page=,£1.00,£0.83/100g,,,/groceries/en-GB/products/287549390,https://digitalcontent.api.tesco.com/v2/media/ghs/4ef91b66-7656-47a0-b921-041a331e1aac/07691a9b-5e30-4d01-8cf8-ee8a990bbaa1_148917698.jpeg?h=225&w=225,
253296768,Tesco Organic Sunflower Oil 1L,https://www.tesco.com/groceries/en-GB/shop/food-cupboard/all?department=Cooking%20Ingredients&viewAll=department&page=,£3.25,£0.32/100ml,,,/groceries/en-GB/products/253296768,https://digitalcontent.api.tesco.com/v2/media/ghs/be63354c-ff97-4a40-a18b-bddba2cb7942/cb9efb4b-2c7f-4ab5-bffe-c2047bba182f_2055924002.jpeg?h=225&w=225,
301341769,"Flava-It Garlic, Herb & Butter Marinade 35G",https://www.tesco.com/groceries/en-GB/shop/food-cupboard/all?department=Cooking%20Ingredients&viewAll=department&page=,£1.10,£0.32/10g,80p Clubcard Price,,/groceries/en-GB/products/301341769,https://digitalcontent.api.tesco.com/v2/media/ghs/2b53823e-e8ae-4bff-afa0-c63e3605a310/f0f3683c-4aee-49d4-b933-65e356302c52_692702989.jpeg?h=225&w=225,
301341487,Flava-It Piri Piri Marinade 35G,https://www.tesco.com/groceries/en-GB/shop/food-cupboard/all?department=Cooking%20Ingredients&viewAll=department&page=,£1.10,£0.32/10g,80p Clubcard Price,,/groceries/en-GB/products/301341487,https://digitalcontent.api.tesco.com/v2/media/ghs/f911f683-637d-4c19-9ff9-e9179d83df56/563bbdfd-eec3-4275-a8b5-dee64e932d01_873326845.jpeg?h=225&w=225,
306943118,Knorr Mushroom Stock Pot 4X112g Gluten Free,https://www.tesco.com/groceries/en-GB/shop/food-cupboard/all?department=Cooking%20Ingredients&viewAll=department&page=,£1.65,£1.48/100g,,,/groceries/en-GB/products/306943118,https://digitalcontent.api.tesco.com/v2/media/ghs/88888f9b-5c73-443c-a77c-af590ff50be9/0ac5aee4-1c76-439a-81e0-c426c1128139_1815359959.jpeg?h=225&w=225,
250519367,Schwartz Lemon Butter Sauce Mix 38G,https://www.tesco.com/groceries/en-GB/shop/food-cupboard/all?department=Cooking%20Ingredients&viewAll=department&page=,£0.90,£2.37/100g,Any 4 for £2 Clubcard Price - Selected Schwartz Recipe Mix 20g-41g ,,/groceries/en-GB/products/250519367,https://digitalcontent.api.tesco.com/v2/media/ghs/7b5bdeba-0263-4d8c-9f04-80f30abe7722/d7e9b73f-9c7c-4989-a742-98b4870cffe6_1776252755.jpeg?h=225&w=225,
304392869,Tesco Fenugreek Leaves 15G,https://www.tesco.com/groceries/en-GB/shop/food-cupboard/all?department=Cooking%20Ingredients&viewAll=department&page=,£0.70,£46.67/kg,,,/groceries/en-GB/products/304392869,https://digitalcontent.api.tesco.com/v2/media/ghs/962d1b48-869f-4385-9af3-5622a7c3c21c/2b2a6fc7-e996-4f17-8ec5-d50ec8f5c0a6_1420340600.jpeg?h=225&w=225,
301268793,Maggi Juicy Sweet Chilli 44G,https://www.tesco.com/groceries/en-GB/shop/food-cupboard/all?department=Cooking%20Ingredients&viewAll=department&page=,£0.70,£1.60/100g,,,/groceries/en-GB/products/301268793,https://digitalcontent.api.tesco.com/v2/media/ghs/ef51a45c-8e7c-446a-9ea4-30221cad70b2/679da9aa-14fe-410e-a3fa-a58443b1d4a6_1022423026.jpeg?h=225&w=225,
311798576,Colman's Mexican Burritos Mix 38G,https://www.tesco.com/groceries/en-GB/shop/food-cupboard/all?department=Cooking%20Ingredients&viewAll=department&page=,£1.00,£2.64/100g,65p Clubcard Price,,/groceries/en-GB/products/311798576,https://digitalcontent.api.tesco.com/v2/media/ghs/d4a6880d-7515-4360-918a-f2ab9250e311/a5785b6d-ce35-4f0d-89f8-3d4202e5bd0e_1109839029.jpeg?h=225&w=225,
305523744,Maggi Meat Free Sweet Chilli Halloumi Recipe Mix 44G,https://www.tesco.com/groceries/en-GB/shop/food-cupboard/all?department=Cooking%20Ingredients&viewAll=department&page=,£0.70,£1.60/100g,,,/groceries/en-GB/products/305523744,https://digitalcontent.api.tesco.com/v2/media/ghs/b1740182-784e-456c-baeb-a42a51ad5774/26fb7a3f-c3ea-4bf6-a116-171d6c1f26c2_1196560508.jpeg?h=225&w=225,
301556509,Schwartz Spicy Cajun Chicken Mix 30G,https://www.tesco.com/groceries/en-GB/shop/food-cupboard/all?department=Cooking%20Ingredients&viewAll=department&page=,£0.85,£2.84/100g,Any 4 for £2 Clubcard Price - Selected Schwartz Recipe Mix 20g-41g ,,/groceries/en-GB/products/301556509,https://digitalcontent.api.tesco.com/v2/media/ghs/c25266ea-07c9-4758-9883-805fdfde50d7/06f7f40d-d4bb-48fa-a1ce-8cc0ddb0d14e_850305253.jpeg?h=225&w=225,
301556481,Schwartz American Bbq Sausages Mix 30G,https://www.tesco.com/groceries/en-GB/shop/food-cupboard/all?department=Cooking%20Ingredients&viewAll=department&page=,£0.85,£2.84/100g,Any 4 for £2 Clubcard Price - Selected Schwartz Recipe Mix 20g-41g ,,/groceries/en-GB/products/301556481,https://digitalcontent.api.tesco.com/v2/media/ghs/985e3484-bdf4-4809-9218-3dbf054b2834/4613ac3f-be90-48dc-a34a-dc771304703c_1512366142.jpeg?h=225&w=225,
304385401,Tesco Habanero Chilli Flakes 25G,https://www.tesco.com/groceries/en-GB/shop/food-cupboard/all?department=Cooking%20Ingredients&viewAll=department&page=,£1.60,£0.64/10g,,,/groceries/en-GB/products/304385401,https://digitalcontent.api.tesco.com/v2/media/ghs/bfecc1b7-70db-402d-b082-2b44db9a9361/40868350-8738-4454-ab4b-ba9f0af31c93_1872540778.jpeg?h=225&w=225,
309186623,Schwartz Wok It Caribbean Chicken Seasoning 35G,https://www.tesco.com/groceries/en-GB/shop/food-cupboard/all?department=Cooking%20Ingredients&viewAll=department&page=,£1.00,£2.86/100g,Any 4 for £2 Clubcard Price - Selected Schwartz Recipe Mix 20g-41g ,,/groceries/en-GB/products/309186623,https://digitalcontent.api.tesco.com/v2/media/ghs/be0d9db6-46d4-4c29-8aec-264b9ad36ae8/8fe1620a-d45f-468a-99c2-5a7b9ca6cfe1_2068262221.jpeg?h=225&w=225,
304417519,Schwartz Wrap It Jamaican Jerk 30G,https://www.tesco.com/groceries/en-GB/shop/food-cupboard/all?department=Cooking%20Ingredients&viewAll=department&page=,£1.00,£3.34/100g,Any 4 for £2 Clubcard Price - Selected Schwartz Recipe Mix 20g-41g ,,/groceries/en-GB/products/304417519,https://digitalcontent.api.tesco.com/v2/media/ghs/71b3fc81-189a-437a-8925-6c8d1c13c20a/fe8db171-ef61-44e6-b8ea-1f09162557a0_1746876053.jpeg?h=225&w=225,
253706158,Comptons Gravy Salt 128G,https://www.tesco.com/groceries/en-GB/shop/food-cupboard/all?department=Cooking%20Ingredients&viewAll=department&page=,£0.60,£0.47/100g,,,/groceries/en-GB/products/253706158,https://digitalcontent.api.tesco.com/v2/media/ghs/f06c92ff-465e-4085-b8e2-6b314758d68a/41da9e25-798f-4f89-b115-eb86dd43ab13_1142703079.jpeg?h=225&w=225,
307148131,Tesco Plant Chef White Sauce 340G,https://www.tesco.com/groceries/en-GB/shop/food-cupboard/all?department=Cooking%20Ingredients&viewAll=department&page=,£0.80,£0.24/100g,,,/groceries/en-GB/products/307148131,https://digitalcontent.api.tesco.com/v2/media/ghs/7f0c3c33-4be7-48af-a170-40173ae9b814/a33c74f9-5d37-4879-93a7-340fad74db54_2113227674.jpeg?h=225&w=225,
282051732,De Nigris Balsamic Vinegar Of Modena 250Ml,https://www.tesco.com/groceries/en-GB/shop/food-cupboard/all?department=Cooking%20Ingredients&viewAll=department&page=,£7.00,£2.80/100ml,,,/groceries/en-GB/products/282051732,https://digitalcontent.api.tesco.com/v2/media/ghs/ccd30a20-2bed-48fb-845b-78b120cdcfe9/1c0e66ce-b291-4f1c-8666-40485b49f820_1041695537.jpeg?h=225&w=225,
262381999,Hillfarms Oil Cold Pressed Rapeseed 500Ml,https://www.tesco.com/groceries/en-GB/shop/food-cupboard/all?department=Cooking%20Ingredients&viewAll=department&page=,£4.75,£0.95/100ml,,,/groceries/en-GB/products/262381999,https://digitalcontent.api.tesco.com/v2/media/ghs/5666a4cd-cf88-4002-9799-ad7d82ba001b/6e7913ae-c91f-4cf4-b4e6-0e9c6b54f6a6_389193925.jpeg?h=225&w=225,
267236519,Filippo Berio Extra Virgin Olive Oil Special Selection 750Ml,https://www.tesco.com/groceries/en-GB/shop/food-cupboard/all?department=Cooking%20Ingredients&viewAll=department&page=,£8.00,£1.07/100ml,,,/groceries/en-GB/products/267236519,https://digitalcontent.api.tesco.com/v2/media/ghs/4df7c4c1-a1a7-4238-a13c-382e05bcea6d/067e04bd-9cd7-4f0f-b80c-5d73db0ad7fb_1830712265.jpeg?h=225&w=225,
262186234,Filippo Berio Organic Extra Virgin Olive Oil 500Ml,https://www.tesco.com/groceries/en-GB/shop/food-cupboard/all?department=Cooking%20Ingredients&viewAll=department&page=,£5.50,£1.10/100ml,,,/groceries/en-GB/products/262186234,https://digitalcontent.api.tesco.com/v2/media/ghs/38762b9e-f9d7-4773-9ca6-5f2e536b502a/560aa1c8-c126-4094-8701-d58ed2e5a161_584415698.jpeg?h=225&w=225,
251978184,Fillipo Berio Olive Oil 1Ltr,https://www.tesco.com/groceries/en-GB/shop/food-cupboard/all?department=Cooking%20Ingredients&viewAll=department&page=,£8.00,£0.80/100ml,£6.00 Clubcard Price,,/groceries/en-GB/products/251978184,https://digitalcontent.api.tesco.com/v2/media/ghs/2c47e4e6-5daa-4c0f-8624-752945b707f0/ab14ce2f-ec55-4ab0-8767-8ba5c5b71c07_992435808.jpeg?h=225&w=225,
261111227,Mazola Pure Corn Oil 1L,https://www.tesco.com/groceries/en-GB/shop/food-cupboard/all?department=Cooking%20Ingredients&viewAll=department&page=,£4.75,£0.48/100ml,,,/groceries/en-GB/products/261111227,https://digitalcontent.api.tesco.com/v2/media/ghs/c88d30cc-b59c-447f-b024-e1c2f5678220/4eb0ed4d-c22f-4972-85dc-c53601f82616_1196013588.jpeg?h=225&w=225,
255592950,Napolina Light & Mild Olive Oil 500Ml,https://www.tesco.com/groceries/en-GB/shop/food-cupboard/all?department=Cooking%20Ingredients&viewAll=department&page=,£3.75,£0.75/100ml,,,/groceries/en-GB/products/255592950,https://digitalcontent.api.tesco.com/v2/media/ghs/3cddaf90-4816-4ca4-bc8d-b6f49c4ad713/0b22a061-c0bd-444c-8359-eff05fcd1429_572971652.jpeg?h=225&w=225,
285725121,Olivio Oil 1 Litre,https://www.tesco.com/groceries/en-GB/shop/food-cupboard/all?department=Cooking%20Ingredients&viewAll=department&page=,£4.50,£0.45/100ml,,,/groceries/en-GB/products/285725121,https://digitalcontent.api.tesco.com/v2/media/ghs/3457eab9-2a13-41b4-bec9-fb793dc560cc/9eb1c57f-03bd-49b4-b1f3-c01b77d346cb_1019327007.jpeg?h=225&w=225,
301600607,Knorr Organic Vegetable Stock Pot 4X26g,https://www.tesco.com/groceries/en-GB/shop/food-cupboard/all?department=Cooking%20Ingredients&viewAll=department&page=,£2.00,£1.93/100g,,,/groceries/en-GB/products/301600607,https://digitalcontent.api.tesco.com/v2/media/ghs/fb9edb46-64ec-4570-97f9-36a9c399a084/d0ad924e-9695-478d-a4b1-1c82f82fe6b3_1805562174.jpeg?h=225&w=225,
256755549,Schwartz Fish Lemon & Parsley Sauce 300G,https://www.tesco.com/groceries/en-GB/shop/food-cupboard/all?department=Cooking%20Ingredients&viewAll=department&page=,£2.20,£0.73/100g,,,/groceries/en-GB/products/256755549,https://digitalcontent.api.tesco.com/v2/media/ghs/9f8a8a6e-12a2-4250-935e-070b79cc31eb/e80d2fd6-21f8-422a-b888-74db5ed221b1_1935049084.jpeg?h=225&w=225,
308828114,Nandos Piri Peri Marinade Lemon & Herb 260G,https://www.tesco.com/groceries/en-GB/shop/food-cupboard/all?department=Cooking%20Ingredients&viewAll=department&page=,£2.30,£0.88/100g,,,/groceries/en-GB/products/308828114,https://digitalcontent.api.tesco.com/v2/media/ghs/f5aa97ad-a3a5-4fa7-affa-bdfcdce1180e/0cd57e0d-9f9e-4698-af53-b46af822fad7_260752714.jpeg?h=225&w=225,
254609410,Schwartz Pork Seasoning 34G,https://www.tesco.com/groceries/en-GB/shop/food-cupboard/all?department=Cooking%20Ingredients&viewAll=department&page=,£1.85,£0.54/10g,Any 2 for £2.85 Clubcard Price - Selected Schwartz Seasonings 1g-90g,,/groceries/en-GB/products/254609410,https://digitalcontent.api.tesco.com/v2/media/ghs/7dc237eb-2b4a-4397-8fe9-a58e0fff2fc7/72fa7649-f4d4-42b3-9729-c4d87d1ba127_825029496.jpeg?h=225&w=225,
307740495,Simply Cook Creamy Chorizo Penne Recipe Kit 39G,https://www.tesco.com/groceries/en-GB/shop/food-cupboard/all?department=Cooking%20Ingredients&viewAll=department&page=,£2.50,£6.42/100g,,,/groceries/en-GB/products/307740495,https://digitalcontent.api.tesco.com/v2/media/ghs/faa6da77-8dae-418e-9d42-d808702bd616/daba9956-68b8-4bf3-a184-9d337712591d_267226753.jpeg?h=225&w=225,
304369980,Simply Cook Cajun Jambalaya Cooking Kit 60G,https://www.tesco.com/groceries/en-GB/shop/food-cupboard/all?department=Cooking%20Ingredients&viewAll=department&page=,£2.50,£4.17/100g,,,/groceries/en-GB/products/304369980,https://digitalcontent.api.tesco.com/v2/media/ghs/6bdea2f8-94f0-464d-a627-03f3b5838c0f/0345d188-deb8-4441-9cec-a5eccad74f5c_1989577982.jpeg?h=225&w=225,
254918729,Schwartz Chives 1G Jar,https://www.tesco.com/groceries/en-GB/shop/food-cupboard/all?department=Cooking%20Ingredients&viewAll=department&page=,£1.85,£18.50/10g,Any 2 for £2.85 Clubcard Price - Selected Schwartz Seasonings 1g-90g,,/groceries/en-GB/products/254918729,https://digitalcontent.api.tesco.com/v2/media/ghs/cb1fd3a8-5445-43bf-a420-f580fb2ee566/2718ff00-91cc-405b-ad7b-f72bc8a2e07e_180295116.jpeg?h=225&w=225,
257522449,Schwartz Fish Seasoning 55G,https://www.tesco.com/groceries/en-GB/shop/food-cupboard/all?department=Cooking%20Ingredients&viewAll=department&page=,£1.85,£0.34/10g,Any 2 for £2.85 Clubcard Price - Selected Schwartz Seasonings 1g-90g,,/groceries/en-GB/products/257522449,https://digitalcontent.api.tesco.com/v2/media/ghs/9c024dec-99a1-4dd0-aadb-f0d13b96c248/801f35a2-4b13-4e30-baf0-af589425c55a_1034377439.jpeg?h=225&w=225,
254919158,Schwartz Cayenne Chilli Pepper 26G,https://www.tesco.com/groceries/en-GB/shop/food-cupboard/all?department=Cooking%20Ingredients&viewAll=department&page=,£1.85,£71.16/kg,Any 2 for £2.85 Clubcard Price - Selected Schwartz Seasonings 1g-90g,,/groceries/en-GB/products/254919158,https://digitalcontent.api.tesco.com/v2/media/ghs/eb77513b-b49f-4663-a327-f6d36f46199f/531f8530-ba88-41db-943d-c64699335452_1914264583.jpeg?h=225&w=225,
254918983,Schwartz Ground Nutmeg 32G,https://www.tesco.com/groceries/en-GB/shop/food-cupboard/all?department=Cooking%20Ingredients&viewAll=department&page=,£1.85,£57.82/kg,Any 2 for £2.85 Clubcard Price - Selected Schwartz Seasonings 1g-90g,,/groceries/en-GB/products/254918983,https://digitalcontent.api.tesco.com/v2/media/ghs/fe172a8a-c542-459e-9b55-a6f8199b36c2/5d3cc8c1-ffa6-4d8d-9791-a131759f6baa_314150858.jpeg?h=225&w=225,
273104500,Carotino Mild & Light Cooking Oil 500Ml,https://www.tesco.com/groceries/en-GB/shop/food-cupboard/all?department=Cooking%20Ingredients&viewAll=department&page=,£2.50,£0.50/100ml,,,/groceries/en-GB/products/273104500,https://digitalcontent.api.tesco.com/v2/media/ghs/0063e0b2-d72f-4868-b49f-5739092704d3/24a152aa-46b0-4675-a948-4989894fccd4_905912323.jpeg?h=225&w=225,
278393177,Tesco Chilli Paste 90G,https://www.tesco.com/groceries/en-GB/shop/food-cupboard/all?department=Cooking%20Ingredients&viewAll=department&page=,£1.45,£0.16/10g,,,/groceries/en-GB/products/278393177,https://digitalcontent.api.tesco.com/v2/media/ghs/b2cf06fc-1c70-4e0c-b0c0-178d6d665adb/a94efe9d-5a54-4668-b9e6-627e72184941_309053224.jpeg?h=225&w=225,
257511059,Schwartz Fennel Seed 28G Jar,https://www.tesco.com/groceries/en-GB/shop/food-cupboard/all?department=Cooking%20Ingredients&viewAll=department&page=,£1.85,£0.66/10g,Any 2 for £2.85 Clubcard Price - Selected Schwartz Seasonings 1g-90g,,/groceries/en-GB/products/257511059,https://digitalcontent.api.tesco.com/v2/media/ghs/9903fef3-eabb-40d6-b44a-94da56a26755/c9e38788-9566-4c9e-9386-7ee7b255aaa0_491645804.jpeg?h=225&w=225,
254879319,Sacla Classic Basil Pesto 190G,https://www.tesco.com/groceries/en-GB/shop/food-cupboard/all?department=Cooking%20Sauces%2C%20Meal%20Kits%20%26%20Sides&viewAll=department&page=,£2.80,£1.48/100g,£2.25 Clubcard Price,,/groceries/en-GB/products/254879319,https://digitalcontent.api.tesco.com/v2/media/ghs/b3f584a3-7f0c-415e-8776-c535c046d35b/bd75da2d-769b-4598-bdce-b632b6eaf550_460182388.jpeg?h=225&w=225,
282999958,Tesco Tomato & Herb Pizza Sauce 200G,https://www.tesco.com/groceries/en-GB/shop/food-cupboard/all?department=Cooking%20Sauces%2C%20Meal%20Kits%20%26%20Sides&viewAll=department&page=,£1.50,£0.75/100g,,,/groceries/en-GB/products/282999958,https://digitalcontent.api.tesco.com/v2/media/ghs/35dd973a-77ad-4f83-b143-23474c03b4f6/be52e07c-78bf-42ad-856b-5112cf636667_666891430.jpeg?h=225&w=225,
250742263,Loyd Grossman Tomato & Chilli Pasta Sauce 350G,https://www.tesco.com/groceries/en-GB/shop/food-cupboard/all?department=Cooking%20Sauces%2C%20Meal%20Kits%20%26%20Sides&viewAll=department&page=,£1.90,£0.54/100g,,,/groceries/en-GB/products/250742263,https://digitalcontent.api.tesco.com/v2/media/ghs/95ef957c-ea2d-4f8a-9195-2422ba11750a/0ee31eb0-7a55-487c-820b-1050887c7edd_2117152184.jpeg?h=225&w=225,
250742228,Loyd Grossman Tomato & Basil Pasta Sauce 350G,https://www.tesco.com/groceries/en-GB/shop/food-cupboard/all?department=Cooking%20Sauces%2C%20Meal%20Kits%20%26%20Sides&viewAll=department&page=,£1.90,£0.54/100g,,,/groceries/en-GB/products/250742228,https://digitalcontent.api.tesco.com/v2/media/ghs/b8e6690e-ea0a-4dca-8c3e-1693a02434af/63dde9b8-c2ae-4340-ba00-698a6562f2f6_1976426551.jpeg?h=225&w=225,
253668818,Loyd Grossman Tomato Roasted Garlic Pasta Sauce 350G,https://www.tesco.com/groceries/en-GB/shop/food-cupboard/all?department=Cooking%20Sauces%2C%20Meal%20Kits%20%26%20Sides&viewAll=department&page=,£1.90,£0.54/100g,,,/groceries/en-GB/products/253668818,https://digitalcontent.api.tesco.com/v2/media/ghs/46edae55-4dc7-418a-a569-823dda167434/58ae956d-b22c-44cf-b2d0-2d1bc39c323b_436857976.jpeg?h=225&w=225,
301517659,Homepride Pasta Bake Creamy Tomato & Herb 485G,https://www.tesco.com/groceries/en-GB/shop/food-cupboard/all?department=Cooking%20Sauces%2C%20Meal%20Kits%20%26%20Sides&viewAll=department&page=,£1.70,£0.35/100g,,,/groceries/en-GB/products/301517659,https://digitalcontent.api.tesco.com/v2/media/ghs/5af0b41f-3e94-4129-b016-d7a27d351530/9d6b7e09-6bdb-4c6b-b56f-b97b2743ccc2_615400452.jpeg?h=225&w=225,
301517672,Homepride Pasta Bake Creamy Tomato & Bacon 485G,https://www.tesco.com/groceries/en-GB/shop/food-cupboard/all?department=Cooking%20Sauces%2C%20Meal%20Kits%20%26%20Sides&viewAll=department&page=,£1.70,£0.35/100g,,,/groceries/en-GB/products/301517672,https://digitalcontent.api.tesco.com/v2/media/ghs/47bfaa7e-a05e-4289-8320-8cfad476cceb/b8d3a370-d8f7-4b53-bf25-b72c71f41b4d_312205328.jpeg?h=225&w=225,
254881696,Colman's Bread Sauce Mix 40G,https://www.tesco.com/groceries/en-GB/shop/food-cupboard/all?department=Cooking%20Sauces%2C%20Meal%20Kits%20%26%20Sides&viewAll=department&page=,£0.90,£2.25/100g,,,/groceries/en-GB/products/254881696,https://digitalcontent.api.tesco.com/v2/media/ghs/9e4bafb2-86ae-442e-8707-bc21bbc71836/3a00f1e0-8cfd-4987-a6cf-21033084daf4_759168554.jpeg?h=225&w=225,
307147909,Schwartz Cheddar Cheese Sauce Mix 38G,https://www.tesco.com/groceries/en-GB/shop/food-cupboard/all?department=Cooking%20Sauces%2C%20Meal%20Kits%20%26%20Sides&viewAll=department&page=,£0.90,£2.37/100g,Any 4 for £2 Clubcard Price - Selected Schwartz Recipe Mix 20g-41g ,,/groceries/en-GB/products/307147909,https://digitalcontent.api.tesco.com/v2/media/ghs/364a83af-86c3-4a01-9a0f-22f74fa119f0/6343f71c-1578-45fd-98a3-485b3d0377ea_1986596469.jpeg?h=225&w=225,
254881713,Colman's Cheddar Cheese Sauce Mix 40G,https://www.tesco.com/groceries/en-GB/shop/food-cupboard/all?department=Cooking%20Sauces%2C%20Meal%20Kits%20%26%20Sides&viewAll=department&page=,£0.90,£2.25/100g,,,/groceries/en-GB/products/254881713,https://digitalcontent.api.tesco.com/v2/media/ghs/3b9c9015-1154-4237-a8a2-35b1e7c63ef0/35199e41-3505-4802-bf58-39658a8b4cdb_2017241140.jpeg?h=225&w=225,
274390549,Dolmio Stir In Tomato & Basil Pasta Sauce 150G,https://www.tesco.com/groceries/en-GB/shop/food-cupboard/all?department=Cooking%20Sauces%2C%20Meal%20Kits%20%26%20Sides&viewAll=department&page=,£1.49,£0.99/100g,Aldi Price Match,,/groceries/en-GB/products/274390549,https://digitalcontent.api.tesco.com/v2/media/ghs/92c18d30-6fb7-49cb-9c3d-3cdb6f749b3e/9ede3d38-0772-4034-ae6b-9f2817bf5753_1065018156.jpeg?h=225&w=225,
255553381,Tesco Prawn Crackers 60G,https://www.tesco.com/groceries/en-GB/shop/food-cupboard/all?department=Cooking%20Sauces%2C%20Meal%20Kits%20%26%20Sides&viewAll=department&page=,,,,,/groceries/en-GB/products/255553381,https://digitalcontent.api.tesco.com/v2/media/ghs/b3686e56-63e5-4087-8dbb-940bf9a055cc/0df9035b-fd7d-4efb-9802-489bf89ecba3_646025389.jpeg?h=225&w=225,This product's currently out of stock
300600488,Tesco Sourdough Pizza Base 2 Pack 220G,https://www.tesco.com/groceries/en-GB/shop/food-cupboard/all?department=Cooking%20Sauces%2C%20Meal%20Kits%20%26%20Sides&viewAll=department&page=,£1.30,£0.59/100g,,,/groceries/en-GB/products/300600488,https://digitalcontent.api.tesco.com/v2/media/ghs/457b233d-b48d-4edb-9ba4-99371b848d69/0e4779fb-d0ab-4b06-ab48-110f2bcb10de_2103024125.jpeg?h=225&w=225,
250410132,Dolmio Creamy White Lasagne Sauce 470G,https://www.tesco.com/groceries/en-GB/shop/food-cupboard/all?department=Cooking%20Sauces%2C%20Meal%20Kits%20%26%20Sides&viewAll=department&page=,,,,,/groceries/en-GB/products/250410132,https://digitalcontent.api.tesco.com/v2/media/ghs/72b8678c-4bca-4869-9add-56b7302bd4a2/9a62e02e-aa48-4094-b5fe-3046524b5cd8_718080393.jpeg?h=225&w=225,This product's currently out of stock
263625653,Tesco Mango Chutney 230G,https://www.tesco.com/groceries/en-GB/shop/food-cupboard/all?department=Cooking%20Sauces%2C%20Meal%20Kits%20%26%20Sides&viewAll=department&page=,£1.20,£0.52/100g,,,/groceries/en-GB/products/263625653,https://digitalcontent.api.tesco.com/v2/media/ghs/c9c3af1c-5691-4b86-b7e6-0a0798462ccd/2e72f6e2-13a9-4df2-acd2-483317282946_1749684066.jpeg?h=225&w=225,
251505071,Old El Paso Smoky Bbq Fajita Seasoning Mx 35G,https://www.tesco.com/groceries/en-GB/shop/food-cupboard/all?department=Cooking%20Sauces%2C%20Meal%20Kits%20%26%20Sides&viewAll=department&page=,£1.00,£2.86/100g,,,/groceries/en-GB/products/251505071,https://digitalcontent.api.tesco.com/v2/media/ghs/4736a1ca-c56c-4308-adf0-148183047fe3/cee5096f-ae6f-4ee5-a210-c60940a845eb_325645390.jpeg?h=225&w=225,
289660616,Tesco Light Coconut Milk 400Ml,https://www.tesco.com/groceries/en-GB/shop/food-cupboard/all?department=Cooking%20Sauces%2C%20Meal%20Kits%20%26%20Sides&viewAll=department&page=,£1.00,£2.50/litre,,,/groceries/en-GB/products/289660616,https://digitalcontent.api.tesco.com/v2/media/ghs/ea5b6dee-d674-4e45-9676-e996611203b7/b8e0a504-315b-40df-adda-a648265ad0c6_198831928.jpeg?h=225&w=225,
253538414,Dolmio Bolognese Original Pasta Sauce 500G,https://www.tesco.com/groceries/en-GB/shop/food-cupboard/all?department=Cooking%20Sauces%2C%20Meal%20Kits%20%26%20Sides&viewAll=department&page=,£2.00,£0.40/100g,Buy Dolmio Sauce 470g/500g and Save 95p on Tesco Core Pasta 500g Clubcard Price,,/groceries/en-GB/products/253538414,https://digitalcontent.api.tesco.com/v2/media/ghs/59cd6c4c-7e7e-42d4-bb43-21596d7052b4/63c8f79c-9e16-4d84-9272-e047ef5f2469_1200124946.jpeg?h=225&w=225,
295871790,Blue Dragon Chow Mein Stir Fry Sauce 120G,https://www.tesco.com/groceries/en-GB/shop/food-cupboard/all?department=Cooking%20Sauces%2C%20Meal%20Kits%20%26%20Sides&viewAll=department&page=,£0.90,£0.75/100g,,,/groceries/en-GB/products/295871790,https://digitalcontent.api.tesco.com/v2/media/ghs/ab39b252-2af9-47fe-b42c-b78375ed45d4/085d493c-29bf-4f6a-a2ed-fb88a9a2bb70_1783180032.jpeg?h=225&w=225,
295871818,Blue Dragon Sweet Chilli & Garlic Stir Fry Sauce 120G,https://www.tesco.com/groceries/en-GB/shop/food-cupboard/all?department=Cooking%20Sauces%2C%20Meal%20Kits%20%26%20Sides&viewAll=department&page=,£0.90,£0.75/100g,,,/groceries/en-GB/products/295871818,https://digitalcontent.api.tesco.com/v2/media/ghs/0a9e8478-30f8-4cf0-900e-4124a8054c80/84f75ae7-430e-4259-8d12-40b0542fd1f8_1568377495.jpeg?h=225&w=225,
277005755,Dolmio Bolognese Smooth Tomato Pasta Sauce 500G,https://www.tesco.com/groceries/en-GB/shop/food-cupboard/all?department=Cooking%20Sauces%2C%20Meal%20Kits%20%26%20Sides&viewAll=department&page=,£2.00,£0.40/100g,Buy Dolmio Sauce 470g/500g and Save 95p on Tesco Core Pasta 500g Clubcard Price,,/groceries/en-GB/products/277005755,https://digitalcontent.api.tesco.com/v2/media/ghs/34ed923e-abb9-4513-83ef-f3236aea3e8c/5bd84703-6118-482d-ba1b-96949c2ea5ba_520410105.jpeg?h=225&w=225,
289660927,Tesco Coconut Milk 400Ml,https://www.tesco.com/groceries/en-GB/shop/food-cupboard/all?department=Cooking%20Sauces%2C%20Meal%20Kits%20%26%20Sides&viewAll=department&page=,£1.00,£2.50/litre,,,/groceries/en-GB/products/289660927,https://digitalcontent.api.tesco.com/v2/media/ghs/38b704a7-91ff-4d6a-923b-8f30b434f931/5553f088-d883-460e-bcfb-52912560ac50_1441426060.jpeg?h=225&w=225,
274111484,Tesco Reduced Fat Green Pesto 190G,https://www.tesco.com/groceries/en-GB/shop/food-cupboard/all?department=Cooking%20Sauces%2C%20Meal%20Kits%20%26%20Sides&viewAll=department&page=,£1.10,£0.58/100g,,,/groceries/en-GB/products/274111484,,
257572562,Tesco Mild Salsa Dip 300G,https://www.tesco.com/groceries/en-GB/shop/food-cupboard/all?department=Cooking%20Sauces%2C%20Meal%20Kits%20%26%20Sides&viewAll=department&page=,£1.00,£0.33/100g,,,/groceries/en-GB/products/257572562,,
266578876,Tesco Classic Green Pesto 190G,https://www.tesco.com/groceries/en-GB/shop/food-cupboard/all?department=Cooking%20Sauces%2C%20Meal%20Kits%20%26%20Sides&viewAll=department&page=,£1.10,£0.58/100g,,,/groceries/en-GB/products/266578876,https://digitalcontent.api.tesco.com/v2/media/ghs/d74aac23-6008-411c-a8c6-282482186747/ec35ce8c-9797-445f-81e2-66e91ec34625_1336727081.jpeg?h=225&w=225,
266578847,Tesco Red Pesto 190G,https://www.tesco.com/groceries/en-GB/shop/food-cupboard/all?department=Cooking%20Sauces%2C%20Meal%20Kits%20%26%20Sides&viewAll=department&page=,£1.10,£0.58/100g,,,/groceries/en-GB/products/266578847,https://digitalcontent.api.tesco.com/v2/media/ghs/a1b30fb2-6962-44fe-b245-564281415c64/3656d4b7-53e6-4d79-a6d3-9eecfa2eb765_355033982.jpeg?h=225&w=225,
300344877,Tesco Mini Plain Naan 4Pack 188G,https://www.tesco.com/groceries/en-GB/shop/food-cupboard/all?department=Cooking%20Sauces%2C%20Meal%20Kits%20%26%20Sides&viewAll=department&page=,£1.00,£0.53/100g,,,/groceries/en-GB/products/300344877,https://digitalcontent.api.tesco.com/v2/media/ghs/0860e4b7-a02b-414c-8b18-6ec17fbbab8a/0b814ce0-6c25-4dc0-9db1-1ea7edb3d4fd_2080036472.jpeg?h=225&w=225,
268012570,Tesco Red Lasagne Sauce 500G,https://www.tesco.com/groceries/en-GB/shop/food-cupboard/all?department=Cooking%20Sauces%2C%20Meal%20Kits%20%26%20Sides&viewAll=department&page=,£0.90,£0.18/100g,,,/groceries/en-GB/products/268012570,https://digitalcontent.api.tesco.com/v2/media/ghs/bde516b4-9312-49ee-98dc-f29c3a431beb/62f59c34-d9c7-4ebf-ba5e-69cb00dc483d_1257152605.jpeg?h=225&w=225,
257745479,Tesco Chunky Vegetable Pasta Sauce 500G,https://www.tesco.com/groceries/en-GB/shop/food-cupboard/all?department=Cooking%20Sauces%2C%20Meal%20Kits%20%26%20Sides&viewAll=department&page=,£0.90,£0.18/100g,,,/groceries/en-GB/products/257745479,https://digitalcontent.api.tesco.com/v2/media/ghs/2040cfe8-4c4e-4f02-9938-16006e800757/9498aab3-3aa4-4fc6-a037-9497c50dcd54_1152677467.jpeg?h=225&w=225,
282594567,Tesco Bolognese Pasta Sauce Smooth 500G,https://www.tesco.com/groceries/en-GB/shop/food-cupboard/all?department=Cooking%20Sauces%2C%20Meal%20Kits%20%26%20Sides&viewAll=department&page=,£0.90,£0.18/100g,,,/groceries/en-GB/products/282594567,https://digitalcontent.api.tesco.com/v2/media/ghs/cbeee087-d169-496a-bf90-1b3870379ffc/0bab5025-a68e-490b-96f3-95c49759b11b_1073918709.jpeg?h=225&w=225,
257797970,Tesco Bolognese Pasta Sauce Jar 500G,https://www.tesco.com/groceries/en-GB/shop/food-cupboard/all?department=Cooking%20Sauces%2C%20Meal%20Kits%20%26%20Sides&viewAll=department&page=,£0.90,£0.18/100g,,,/groceries/en-GB/products/257797970,https://digitalcontent.api.tesco.com/v2/media/ghs/f0ac3456-651d-421f-838c-25307cf2cda9/885a2b47-7b44-48ec-8331-100fc5ae675c_2045916440.jpeg?h=225&w=225,
277081824,Tesco Tomato & Basil Sauce For Meatballs 500G,https://www.tesco.com/groceries/en-GB/shop/food-cupboard/all?department=Cooking%20Sauces%2C%20Meal%20Kits%20%26%20Sides&viewAll=department&page=,£0.90,£0.18/100g,,,/groceries/en-GB/products/277081824,https://digitalcontent.api.tesco.com/v2/media/ghs/aee4526f-a18e-4ba3-b1da-b2c9c142415c/764a1a69-21d9-4588-9c64-01cc36bc36d4_582517821.jpeg?h=225&w=225,
257798116,Tesco Onion & Garlic Pasta Sauce 500G,https://www.tesco.com/groceries/en-GB/shop/food-cupboard/all?department=Cooking%20Sauces%2C%20Meal%20Kits%20%26%20Sides&viewAll=department&page=,£0.90,£0.18/100g,,,/groceries/en-GB/products/257798116,https://digitalcontent.api.tesco.com/v2/media/ghs/bae132e1-0c88-44b0-8a50-6f7e7919f1c8/7b9deb5b-c1b3-411a-a1d9-1d13bca73940_228653710.jpeg?h=225&w=225,
268579912,Tesco Tomato & Chilli Pasta Sauce 500G,https://www.tesco.com/groceries/en-GB/shop/food-cupboard/all?department=Cooking%20Sauces%2C%20Meal%20Kits%20%26%20Sides&viewAll=department&page=,£0.90,£0.18/100g,,,/groceries/en-GB/products/268579912,https://digitalcontent.api.tesco.com/v2/media/ghs/75bb2727-9f04-4031-ac58-ac40fde0a856/f2e3140e-1569-4dab-835f-bee11bf7aa55_1335251027.jpeg?h=225&w=225,
252547641,Tesco Tikka Masala Cooking Sauce 500G,https://www.tesco.com/groceries/en-GB/shop/food-cupboard/all?department=Cooking%20Sauces%2C%20Meal%20Kits%20%26%20Sides&viewAll=department&page=,£1.00,£0.20/100g,,,/groceries/en-GB/products/252547641,https://digitalcontent.api.tesco.com/v2/media/ghs/f9b00c43-5f87-4cff-85f4-ac189a446de7/a9be8977-f9a8-4fcd-8da2-adcbcd56ac77_1930102887.jpeg?h=225&w=225,
252548070,Tesco Korma Cooking Sauce 500G,https://www.tesco.com/groceries/en-GB/shop/food-cupboard/all?department=Cooking%20Sauces%2C%20Meal%20Kits%20%26%20Sides&viewAll=department&page=,£1.00,£0.20/100g,,,/groceries/en-GB/products/252548070,https://digitalcontent.api.tesco.com/v2/media/ghs/a136ab1c-9779-416e-887f-793849bb97c0/3b27ef45-6ed1-4c74-8397-6547e89a9e4a_1269657364.jpeg?h=225&w=225,
275477434,Tesco Chilli Sauce Mild 500G,https://www.tesco.com/groceries/en-GB/shop/food-cupboard/all?department=Cooking%20Sauces%2C%20Meal%20Kits%20%26%20Sides&viewAll=department&page=,£0.95,£0.19/100g,,,/groceries/en-GB/products/275477434,https://digitalcontent.api.tesco.com/v2/media/ghs/dccd73c8-9442-4e16-8a15-3019306fd8bf/b85cc2d7-78c5-43d8-bff1-5440a58f3a5c_1443578695.jpeg?h=225&w=225,
264691387,Tesco Pasta Bake Creamy Tomato & Herb 500G,https://www.tesco.com/groceries/en-GB/shop/food-cupboard/all?department=Cooking%20Sauces%2C%20Meal%20Kits%20%26%20Sides&viewAll=department&page=,£0.90,£0.18/100g,,,/groceries/en-GB/products/264691387,https://digitalcontent.api.tesco.com/v2/media/ghs/9f75428f-0af7-4b85-b97c-dc5d9f96127f/d76c7a7d-5529-43f6-a876-3645e457da80_2002046042.jpeg?h=225&w=225,
305054095,Tesco White Lasagne Sauce 340G,https://www.tesco.com/groceries/en-GB/shop/food-cupboard/all?department=Cooking%20Sauces%2C%20Meal%20Kits%20%26%20Sides&viewAll=department&page=,£0.90,£0.26/100g,,,/groceries/en-GB/products/305054095,https://digitalcontent.api.tesco.com/v2/media/ghs/b5cfb0a1-c69a-4049-b413-930a4521fde6/ad59f7b1-e24b-47b6-8881-2e67c87ab295_1149809504.jpeg?h=225&w=225,
294781206,Tesco Dark Soy Sauce 150Ml,https://www.tesco.com/groceries/en-GB/shop/food-cupboard/all?department=Cooking%20Sauces%2C%20Meal%20Kits%20%26%20Sides&viewAll=department&page=,£0.65,£0.43/100ml,,,/groceries/en-GB/products/294781206,https://digitalcontent.api.tesco.com/v2/media/ghs/eae107f9-e323-4617-b0b2-a323392f9e27/723736f7-739c-4a38-af40-e2bb1d7f2640_2008743957.jpeg?h=225&w=225,
285583564,Tesco Plain Poppadoms 8 Pack 64G,https://www.tesco.com/groceries/en-GB/shop/food-cupboard/all?department=Cooking%20Sauces%2C%20Meal%20Kits%20%26%20Sides&viewAll=department&page=,£0.85,£1.33/100g,Aldi Price Match,,/groceries/en-GB/products/285583564,https://digitalcontent.api.tesco.com/v2/media/ghs/424b6933-3b99-4952-827b-af6964cbeb99/dc8e35b9-5402-4708-9bca-0c23d9b9e403_340567606.jpeg?h=225&w=225,
266837858,Tesco Garlic/Coriander Naan 2 Pack 260G,https://www.tesco.com/groceries/en-GB/shop/food-cupboard/all?department=Cooking%20Sauces%2C%20Meal%20Kits%20%26%20Sides&viewAll=department&page=,£0.65,£0.25/100g,Aldi Price Match,,/groceries/en-GB/products/266837858,https://digitalcontent.api.tesco.com/v2/media/ghs/65e8f68b-2c04-4368-a91a-8d6a500cebba/97aae9da-fb6a-47ff-a65d-f93c1d513b64_1072609669.jpeg?h=225&w=225,
277081778,Tesco Tomato Mascarpone Pasta Sauce 500G,https://www.tesco.com/groceries/en-GB/shop/food-cupboard/all?department=Cooking%20Sauces%2C%20Meal%20Kits%20%26%20Sides&viewAll=department&page=,£0.90,£0.18/100g,,,/groceries/en-GB/products/277081778,https://digitalcontent.api.tesco.com/v2/media/ghs/9afe25d1-f98c-4d35-8035-b81932c9fe81/8eccd5d2-ab7c-472d-9d3e-dfadfce61ea9_1104253403.jpeg?h=225&w=225,
297844094,Hearty Food Co. Tomato & Herb Pasta Sauce 440G,https://www.tesco.com/groceries/en-GB/shop/food-cupboard/all?department=Cooking%20Sauces%2C%20Meal%20Kits%20%26%20Sides&viewAll=department&page=,£0.57,£0.13/100g,Aldi Price Match,,/groceries/en-GB/products/297844094,https://digitalcontent.api.tesco.com/v2/media/ghs/00003a91-d632-4002-8434-5042fa87ba12/91bee986-7e19-40b8-9cb1-40fe3a6f655e_660554836.jpeg?h=225&w=225,
278104918,Tesco Peshwari Naan Breads 2 Pack 260G,https://www.tesco.com/groceries/en-GB/shop/food-cupboard/all?department=Cooking%20Sauces%2C%20Meal%20Kits%20%26%20Sides&viewAll=department&page=,£0.65,£0.25/100g,,,/groceries/en-GB/products/278104918,https://digitalcontent.api.tesco.com/v2/media/ghs/a9f70e19-2356-4b97-ad72-f06e82eb0391/9c19ae47-93bb-4338-ac17-b61aa7cfbfb7_167714627.jpeg?h=225&w=225,
265780741,Old El Paso Smoky Bbq Family Fajita Kit 750G,https://www.tesco.com/groceries/en-GB/shop/food-cupboard/all?department=Cooking%20Sauces%2C%20Meal%20Kits%20%26%20Sides&viewAll=department&page=,£3.50,£0.47/100g,,,/groceries/en-GB/products/265780741,https://digitalcontent.api.tesco.com/v2/media/ghs/541d684f-1524-4216-b517-12cea6b5f671/f0220bf0-653e-4c15-b407-20756b03955a_189334077.jpeg?h=225&w=225,
265431356,Old El Paso Smoky Bbq Fajita Dinner Kit 500G,https://www.tesco.com/groceries/en-GB/shop/food-cupboard/all?department=Cooking%20Sauces%2C%20Meal%20Kits%20%26%20Sides&viewAll=department&page=,£3.19,£0.64/100g,,,/groceries/en-GB/products/265431356,https://digitalcontent.api.tesco.com/v2/media/ghs/56ad7477-f679-4788-ae20-47d5f1ccdaa6/78fca063-87aa-4cce-a4a6-60eb52c05a71_1397553773.jpeg?h=225&w=225,
265434242,Oldelpaso Cheesy Baked Enchilada Dinner Kit 663G,https://www.tesco.com/groceries/en-GB/shop/food-cupboard/all?department=Cooking%20Sauces%2C%20Meal%20Kits%20%26%20Sides&viewAll=department&page=,£3.19,£0.48/100g,,,/groceries/en-GB/products/265434242,https://digitalcontent.api.tesco.com/v2/media/ghs/bcd3e019-1983-4a82-babd-10ec9224b996/e4c1d6df-7be7-46a5-a43f-fa3edef9347f_795708071.jpeg?h=225&w=225,
253538466,Dolmio Original Bolognese Pasta Sauce 750G,https://www.tesco.com/groceries/en-GB/shop/food-cupboard/all?department=Cooking%20Sauces%2C%20Meal%20Kits%20%26%20Sides&viewAll=department&page=,£2.50,£0.33/100g,,,/groceries/en-GB/products/253538466,https://digitalcontent.api.tesco.com/v2/media/ghs/3f176b6e-bed0-4fc8-a747-4c2304a6bddb/49ec0b4e-8b94-4a0a-a901-20795c20fd4e_1304978154.jpeg?h=225&w=225,
252298658,Sharwoods Green Label Mango Chutney 530G,https://www.tesco.com/groceries/en-GB/shop/food-cupboard/all?department=Cooking%20Sauces%2C%20Meal%20Kits%20%26%20Sides&viewAll=department&page=,£2.50,£0.47/100g,,,/groceries/en-GB/products/252298658,https://digitalcontent.api.tesco.com/v2/media/ghs/7307efd7-8ea5-4945-ab94-2fc54da0652c/6814052b-2fa3-416c-aca1-d30a1286fd34_1897858278.jpeg?h=225&w=225,
302304191,Loyd Grossman Bolognese Original 350G,https://www.tesco.com/groceries/en-GB/shop/food-cupboard/all?department=Cooking%20Sauces%2C%20Meal%20Kits%20%26%20Sides&viewAll=department&page=,£1.90,£0.54/100g,,,/groceries/en-GB/products/302304191,https://digitalcontent.api.tesco.com/v2/media/ghs/3dd95c80-dbee-4eba-8308-e7c9a8380e4e/a5431244-6f73-44f2-9c35-cd093f30d20d_1121602313.jpeg?h=225&w=225,
260489173,Blue Dragon Sweet Chilli Dipping Sauce 380G,https://www.tesco.com/groceries/en-GB/shop/food-cupboard/all?department=Cooking%20Sauces%2C%20Meal%20Kits%20%26%20Sides&viewAll=department&page=,£2.50,£0.66/100g,,,/groceries/en-GB/products/260489173,https://digitalcontent.api.tesco.com/v2/media/ghs/2d3d5b95-8d95-43d4-b655-051b7afdade5/c76c0114-e75a-4799-959e-70e51798cb2e_1963059526.jpeg?h=225&w=225,
309172305,Bens Original Sweet & Sour Extra Pineapple Sauce 450G,https://www.tesco.com/groceries/en-GB/shop/food-cupboard/all?department=Cooking%20Sauces%2C%20Meal%20Kits%20%26%20Sides&viewAll=department&page=,£2.00,£0.44/100g,,,/groceries/en-GB/products/309172305,https://digitalcontent.api.tesco.com/v2/media/ghs/611780b4-2325-4719-bc51-a801538ebb26/5e77f443-dcce-4e28-8eb9-2005c9f9032b_303469507.jpeg?h=225&w=225,
309190957,Bens Original Sweet & Sour Sauce 450G,https://www.tesco.com/groceries/en-GB/shop/food-cupboard/all?department=Cooking%20Sauces%2C%20Meal%20Kits%20%26%20Sides&viewAll=department&page=,£2.00,£0.44/100g,,,/groceries/en-GB/products/309190957,https://digitalcontent.api.tesco.com/v2/media/ghs/3b2a5d08-5423-4463-a292-568eb2d1607c/a3db8f90-301a-4613-9672-ab6f5b446562_109300464.jpeg?h=225&w=225,
309459029,Bisto Cheese Sauce Mix 185G,https://www.tesco.com/groceries/en-GB/shop/food-cupboard/all?department=Cooking%20Sauces%2C%20Meal%20Kits%20%26%20Sides&viewAll=department&page=,£2.00,£1.09/100g,,,/groceries/en-GB/products/309459029,https://digitalcontent.api.tesco.com/v2/media/ghs/bcdf17ed-00c1-4bd8-a36f-cc22cc8e992f/9021b046-261c-4625-adc8-0961d6409642_1657075822.jpeg?h=225&w=225,
258808531,Old El Paso Regular Super Soft Flour Tortillas 8Pk 326G,https://www.tesco.com/groceries/en-GB/shop/food-cupboard/all?department=Cooking%20Sauces%2C%20Meal%20Kits%20%26%20Sides&viewAll=department&page=,£1.45,£0.44/100g,,,/groceries/en-GB/products/258808531,https://digitalcontent.api.tesco.com/v2/media/ghs/b3f5a11d-eff4-433f-b73d-50b86691dea8/311848ef-b2e1-474a-b7db-958d4323db95_104860106.jpeg?h=225&w=225,
251698238,Dolmio Stir In Sun Dried Tomato Pasta Sauce 150G,https://www.tesco.com/groceries/en-GB/shop/food-cupboard/all?department=Cooking%20Sauces%2C%20Meal%20Kits%20%26%20Sides&viewAll=department&page=,£1.49,£0.99/100g,,,/groceries/en-GB/products/251698238,https://digitalcontent.api.tesco.com/v2/media/ghs/02a1891c-8b3b-4902-9996-fbc78a10befa/e892b893-1441-4f49-9b13-2d042a5d0b95_868730866.jpeg?h=225&w=225,
283052424,Tesco Smooth Tomato Sauce 200G,https://www.tesco.com/groceries/en-GB/shop/food-cupboard/all?department=Cooking%20Sauces%2C%20Meal%20Kits%20%26%20Sides&viewAll=department&page=,£1.00,£0.50/100g,,,/groceries/en-GB/products/283052424,https://digitalcontent.api.tesco.com/v2/media/ghs/6ff0721c-47ab-4b0b-ba63-bd606320b1f8/1898bb3e-849b-472c-a075-575f4089ef50_869565960.jpeg?h=225&w=225,
262600897,Tesco Finest Tomato Mascarpone Pasta Sauce 340G,https://www.tesco.com/groceries/en-GB/shop/food-cupboard/all?department=Cooking%20Sauces%2C%20Meal%20Kits%20%26%20Sides&viewAll=department&page=,£1.70,£0.50/100g,,,/groceries/en-GB/products/262600897,https://digitalcontent.api.tesco.com/v2/media/ghs/f2611bfe-2cf7-4623-a984-58f6ea61b223/c0942d9d-699b-4ce5-9881-470c85fdd03c_1697132209.jpeg?h=225&w=225,
254881650,Colman's Parsley Sauce Mix 20G,https://www.tesco.com/groceries/en-GB/shop/food-cupboard/all?department=Cooking%20Sauces%2C%20Meal%20Kits%20%26%20Sides&viewAll=department&page=,£0.90,£4.50/100g,,,/groceries/en-GB/products/254881650,https://digitalcontent.api.tesco.com/v2/media/ghs/9017b7c7-1ea0-4d9a-a7c5-02be4bfc2dac/10e0d2aa-1a20-422d-8b49-5ac9b4ac4b0f_311523234.jpeg?h=225&w=225,
295871732,Blue Dragon Sweet & Sour Stir Fry Sauce 120G,https://www.tesco.com/groceries/en-GB/shop/food-cupboard/all?department=Cooking%20Sauces%2C%20Meal%20Kits%20%26%20Sides&viewAll=department&page=,£0.90,£0.75/100g,,,/groceries/en-GB/products/295871732,https://digitalcontent.api.tesco.com/v2/media/ghs/29f97742-01dd-46a2-ad47-ebf4af7e91b4/30cde882-71c3-443d-bbfa-6855679783d9_546136294.jpeg?h=225&w=225,
265434265,Old El Paso 12 Taco Shells 156G,https://www.tesco.com/groceries/en-GB/shop/food-cupboard/all?department=Cooking%20Sauces%2C%20Meal%20Kits%20%26%20Sides&viewAll=department&page=,£1.45,£0.93/100g,,,/groceries/en-GB/products/265434265,https://digitalcontent.api.tesco.com/v2/media/ghs/c331319e-fd7c-404a-935b-e2b31947e666/234faba3-4de2-4c84-b58b-feaa8fdfdbf3_1693755233.jpeg?h=225&w=225,
295871778,Blue Dragon Black Bean Stir Fry Sauce 120G,https://www.tesco.com/groceries/en-GB/shop/food-cupboard/all?department=Cooking%20Sauces%2C%20Meal%20Kits%20%26%20Sides&viewAll=department&page=,£0.90,£0.75/100g,,,/groceries/en-GB/products/295871778,https://digitalcontent.api.tesco.com/v2/media/ghs/6ce6f513-1b18-44ee-9dd9-cfafa24a768b/6b3c408f-6871-4037-bd95-db8a87d660c3_27633450.jpeg?h=225&w=225,
250545047,Sharwoods Tikka Masala Mild-Med Sauce 420G,https://www.tesco.com/groceries/en-GB/shop/food-cupboard/all?department=Cooking%20Sauces%2C%20Meal%20Kits%20%26%20Sides&viewAll=department&page=,,,,,/groceries/en-GB/products/250545047,https://digitalcontent.api.tesco.com/v2/media/ghs/3546d141-e3ef-4bfd-a316-8361575d8cd1/cbcc21da-a2c3-4956-aee8-de2baaf2743e_1974654321.jpeg?h=225&w=225,This product's currently out of stock
250526427,Sharwoods Korma Sauce Mild 420G,https://www.tesco.com/groceries/en-GB/shop/food-cupboard/all?department=Cooking%20Sauces%2C%20Meal%20Kits%20%26%20Sides&viewAll=department&page=,£2.15,£0.51/100g,£1.25 Clubcard Price,,/groceries/en-GB/products/250526427,https://digitalcontent.api.tesco.com/v2/media/ghs/b8d4515e-ae36-4688-b9ca-466097322b64/27a5ff1c-63a5-4407-87db-4e6a62143c88_50051750.jpeg?h=225&w=225,
252247777,Dolmio Tomato Red Lasagne Sauce 500G,https://www.tesco.com/groceries/en-GB/shop/food-cupboard/all?department=Cooking%20Sauces%2C%20Meal%20Kits%20%26%20Sides&viewAll=department&page=,£2.00,£0.40/100g,Buy Dolmio Sauce 470g/500g and Save 95p on Tesco Core Pasta 500g Clubcard Price,,/groceries/en-GB/products/252247777,https://digitalcontent.api.tesco.com/v2/media/ghs/30d86349-c9a3-4718-916f-9b0645575f5e/b2390ac6-f41d-42ab-bd6b-69e18ecebebf_545405241.jpeg?h=225&w=225,
287740928,Old El Paso Taco Seasoning Mix 25G,https://www.tesco.com/groceries/en-GB/shop/food-cupboard/all?department=Cooking%20Sauces%2C%20Meal%20Kits%20%26%20Sides&viewAll=department&page=,£1.00,£4.00/100g,,,/groceries/en-GB/products/287740928,https://digitalcontent.api.tesco.com/v2/media/ghs/dd4483b1-3ce0-4fb5-a7f4-9069a42b2b16/7c021305-6775-481c-8036-9c871569f589_393167056.jpeg?h=225&w=225,
277064603,Kingfisher Sliced Water Chestnuts 225G,https://www.tesco.com/groceries/en-GB/shop/food-cupboard/all?department=Cooking%20Sauces%2C%20Meal%20Kits%20%26%20Sides&viewAll=department&page=,£1.15,£0.51/100g,,,/groceries/en-GB/products/277064603,https://digitalcontent.api.tesco.com/v2/media/ghs/8efacf6f-3815-4dba-a4d1-334cbe5afe72/914704c9-001a-45f4-aa83-4e3f784c4fcd_1115755162.jpeg?h=225&w=225,
295871830,Blue Dragon Oyster & Sp.Oni Spring Onion Sauce 120G,https://www.tesco.com/groceries/en-GB/shop/food-cupboard/all?department=Cooking%20Sauces%2C%20Meal%20Kits%20%26%20Sides&viewAll=department&page=,£0.90,£0.75/100g,,,/groceries/en-GB/products/295871830,https://digitalcontent.api.tesco.com/v2/media/ghs/77ce01ae-b30f-4694-b427-a69b50004ab6/f2152de7-a3b3-4f8f-9d30-6dcf5c9742c3_829060812.jpeg?h=225&w=225,
262528038,Dolmio Bolognese Onion & Garlic Pasta Sauce 500G,https://www.tesco.com/groceries/en-GB/shop/food-cupboard/all?department=Cooking%20Sauces%2C%20Meal%20Kits%20%26%20Sides&viewAll=department&page=,£2.00,£0.40/100g,Buy Dolmio Sauce 470g/500g and Save 95p on Tesco Core Pasta 500g Clubcard Price,,/groceries/en-GB/products/262528038,https://digitalcontent.api.tesco.com/v2/media/ghs/d4ae1d79-ac42-44a1-9f9d-d5b4aade2d2e/be7d0182-f8e5-44aa-a4de-b949202f19af_1676163926.jpeg?h=225&w=225,
309190859,Blue Dragon Satay Stir Fry Sauce 120G,https://www.tesco.com/groceries/en-GB/shop/food-cupboard/all?department=Cooking%20Sauces%2C%20Meal%20Kits%20%26%20Sides&viewAll=department&page=,£0.90,£0.75/100g,,,/groceries/en-GB/products/309190859,,
308109574,Blue Dragon Hoisin & Garlic Stir Fry Sauce 120G,https://www.tesco.com/groceries/en-GB/shop/food-cupboard/all?department=Cooking%20Sauces%2C%20Meal%20Kits%20%26%20Sides&viewAll=department&page=,£0.90,£0.75/100g,,,/groceries/en-GB/products/308109574,https://digitalcontent.api.tesco.com/v2/media/ghs/864f1f5c-f402-410c-9828-654c890dbc05/1cdffd44-c998-4fbe-85f1-a52b8b98ab95_1323742081.jpeg?h=225&w=225,
303126912,Blue Dragon Teriyaki Stir Fry Sauce 120G,https://www.tesco.com/groceries/en-GB/shop/food-cupboard/all?department=Cooking%20Sauces%2C%20Meal%20Kits%20%26%20Sides&viewAll=department&page=,£0.90,£0.75/100g,,,/groceries/en-GB/products/303126912,https://digitalcontent.api.tesco.com/v2/media/ghs/58c08e1a-acbf-4923-8b24-5b0a1a83af97/0f37c4e3-605b-4187-af3f-30ca55d29167_1818197988.jpeg?h=225&w=225,
274748122,Pataks Tikka Masala Medium Sauce 450G,https://www.tesco.com/groceries/en-GB/shop/food-cupboard/all?department=Cooking%20Sauces%2C%20Meal%20Kits%20%26%20Sides&viewAll=department&page=,£1.85,£0.41/100g,,,/groceries/en-GB/products/274748122,https://digitalcontent.api.tesco.com/v2/media/ghs/97ef0398-8889-47a8-b27d-81935040a9e8/5fcef055-f9ee-4564-9787-00065f7dddbd_427913542.jpeg?h=225&w=225,
274747492,Pataks Mild Korma Sauce 450G,https://www.tesco.com/groceries/en-GB/shop/food-cupboard/all?department=Cooking%20Sauces%2C%20Meal%20Kits%20%26%20Sides&viewAll=department&page=,£1.85,£0.41/100g,,,/groceries/en-GB/products/274747492,https://digitalcontent.api.tesco.com/v2/media/ghs/f73f2495-63fb-4cf3-b162-5408aa589506/7d94bede-9f31-49d6-87ef-20278d35c6cf_59776768.jpeg?h=225&w=225,
258801262,Tesco Hot Salsa 300G,https://www.tesco.com/groceries/en-GB/shop/food-cupboard/all?department=Cooking%20Sauces%2C%20Meal%20Kits%20%26%20Sides&viewAll=department&page=,£1.00,£0.33/100g,,,/groceries/en-GB/products/258801262,https://digitalcontent.api.tesco.com/v2/media/ghs/d4c3477d-cd79-4cef-bbaa-79b2da911461/65a11c96-e657-4072-8318-d68aa6a2f190_1609941811.jpeg?h=225&w=225,
297372421,Tesco Free From Green Pesto 190G,https://www.tesco.com/groceries/en-GB/shop/food-cupboard/all?department=Cooking%20Sauces%2C%20Meal%20Kits%20%26%20Sides&viewAll=department&page=,£1.10,£0.58/100g,,,/groceries/en-GB/products/297372421,https://digitalcontent.api.tesco.com/v2/media/ghs/d9c82eee-cc81-4c88-959d-ae738c26cc4d/0ab3cb3b-8dc7-41fc-bc58-74d9bdfc1065_196280037.jpeg?h=225&w=225,
253778008,Amoy Dark Soy Sauce 150Ml,https://www.tesco.com/groceries/en-GB/shop/food-cupboard/all?department=Cooking%20Sauces%2C%20Meal%20Kits%20%26%20Sides&viewAll=department&page=,£1.50,£1.00/100ml,£1.00 Clubcard Price,,/groceries/en-GB/products/253778008,https://digitalcontent.api.tesco.com/v2/media/ghs/e21b492e-5508-4f2e-af19-816de0477af3/b54ae8e2-112c-4fc6-9726-f1835ee30aa3_637393604.jpeg?h=225&w=225,
258092039,Schwartz Creamy Pepper Sauce 25G,https://www.tesco.com/groceries/en-GB/shop/food-cupboard/all?department=Cooking%20Sauces%2C%20Meal%20Kits%20%26%20Sides&viewAll=department&page=,£0.90,£3.60/100g,Any 4 for £2 Clubcard Price - Selected Schwartz Recipe Mix 20g-41g ,,/groceries/en-GB/products/258092039,https://digitalcontent.api.tesco.com/v2/media/ghs/da37e51f-17e4-4ac1-b9ae-320089cc171b/759bb48e-517c-4c17-8d5e-d267aaa8cf20_233998533.jpeg?h=225&w=225,
274219622,Chicken Tonight Honey & Mustard 500G,https://www.tesco.com/groceries/en-GB/shop/food-cupboard/all?department=Cooking%20Sauces%2C%20Meal%20Kits%20%26%20Sides&viewAll=department&page=,£1.75,£0.35/100g,£1.00 Clubcard Price,,/groceries/en-GB/products/274219622,https://digitalcontent.api.tesco.com/v2/media/ghs/25960e89-0589-4ea2-9835-52792d3b32bd/d8033ed6-5899-49aa-b617-71ecd39b4f57_1381688057.jpeg?h=225&w=225,
289376515,Tesco Reduced Fat Red Pesto 190G,https://www.tesco.com/groceries/en-GB/shop/food-cupboard/all?department=Cooking%20Sauces%2C%20Meal%20Kits%20%26%20Sides&viewAll=department&page=,£1.10,£0.58/100g,,,/groceries/en-GB/products/289376515,https://digitalcontent.api.tesco.com/v2/media/ghs/2ef2dcfc-7598-441d-8c12-34461d632250/bd6799ef-689e-4092-b7c3-3700288c99da_1483594038.jpeg?h=225&w=225,
251475180,Schwartz Creamy Mild Peppercorn Sauce 25G,https://www.tesco.com/groceries/en-GB/shop/food-cupboard/all?department=Cooking%20Sauces%2C%20Meal%20Kits%20%26%20Sides&viewAll=department&page=,£0.90,£3.60/100g,Any 4 for £2 Clubcard Price - Selected Schwartz Recipe Mix 20g-41g ,,/groceries/en-GB/products/251475180,https://digitalcontent.api.tesco.com/v2/media/ghs/9aa6a658-e435-42fb-83e1-48b0511839f2/964df964-d0ae-4f6d-b0da-916e785ff14a_773264206.jpeg?h=225&w=225,
305252505,Thai Dragon Sriracha Hot Chilli Sauce 455Ml,https://www.tesco.com/groceries/en-GB/shop/food-cupboard/all?department=Cooking%20Sauces%2C%20Meal%20Kits%20%26%20Sides&viewAll=department&page=,£2.00,£0.44/100ml,,,/groceries/en-GB/products/305252505,https://digitalcontent.api.tesco.com/v2/media/ghs/ade3e5af-692e-4e9e-8306-b688607611cb/aa4fca83-3aab-4129-8680-fe9d6f17db6e_2124931393.jpeg?h=225&w=225,
278831443,Aleyna Sliced Green Jalapeno Peppers 480G,https://www.tesco.com/groceries/en-GB/shop/food-cupboard/all?department=Cooking%20Sauces%2C%20Meal%20Kits%20%26%20Sides&viewAll=department&page=,£1.15,£0.48/100g DR.WT,,,/groceries/en-GB/products/278831443,https://digitalcontent.api.tesco.com/v2/media/ghs/9afc2d07-698a-4bd7-9c35-1769f9617264/f39401c8-d6a5-4259-ab35-5081f6a823b2_2101133132.jpeg?h=225&w=225,
297484916,Tesco No Added Sugar Bolognese Pasta Sauce 500G,https://www.tesco.com/groceries/en-GB/shop/food-cupboard/all?department=Cooking%20Sauces%2C%20Meal%20Kits%20%26%20Sides&viewAll=department&page=,£0.90,£0.18/100g,,,/groceries/en-GB/products/297484916,https://digitalcontent.api.tesco.com/v2/media/ghs/dbe904b1-f2df-46a9-8f14-218d4c7ff0a2/45c1209d-f061-4f37-9333-e7830521791a_1942315581.jpeg?h=225&w=225,
294781229,Tesco Light Soy Sauce 150Ml,https://www.tesco.com/groceries/en-GB/shop/food-cupboard/all?department=Cooking%20Sauces%2C%20Meal%20Kits%20%26%20Sides&viewAll=department&page=,£0.65,£0.43/100ml,,,/groceries/en-GB/products/294781229,https://digitalcontent.api.tesco.com/v2/media/ghs/e45a7934-10cd-482e-80fa-f7ca16364f1c/41560168-c9e0-4a6a-8138-b22edc89f66f_1950757995.jpeg?h=225&w=225,
268509962,Tesco Butter Chicken Cooking Sauce 500G,https://www.tesco.com/groceries/en-GB/shop/food-cupboard/all?department=Cooking%20Sauces%2C%20Meal%20Kits%20%26%20Sides&viewAll=department&page=,£1.00,£0.20/100g,,,/groceries/en-GB/products/268509962,https://digitalcontent.api.tesco.com/v2/media/ghs/861599a8-cc8d-434e-b8f3-4ab2a972eaa0/75b1bfba-9707-4484-b3be-70ff413ec019_969670815.jpeg?h=225&w=225,
277466018,Tesco Sweet & Sour Sauce 510G,https://www.tesco.com/groceries/en-GB/shop/food-cupboard/all?department=Cooking%20Sauces%2C%20Meal%20Kits%20%26%20Sides&viewAll=department&page=,£1.00,£0.20/100g,,,/groceries/en-GB/products/277466018,https://digitalcontent.api.tesco.com/v2/media/ghs/312ecbc8-fba0-48a3-a99b-ed6e629c4b79/11f59863-786b-4f77-b5b5-71d30e13337c_1482311652.jpeg?h=225&w=225,
294781241,Tesco Reduced Salt Soy Sauce 150Ml,https://www.tesco.com/groceries/en-GB/shop/food-cupboard/all?department=Cooking%20Sauces%2C%20Meal%20Kits%20%26%20Sides&viewAll=department&page=,£0.64,£0.43/100ml,,,/groceries/en-GB/products/294781241,https://digitalcontent.api.tesco.com/v2/media/ghs/3c96405c-e994-47ae-a9d9-3d0551329efb/d213461a-332e-4369-a83c-18dfb862838f_530107224.jpeg?h=225&w=225,
305255174,Tesco Carbonara Sauce 340G,https://www.tesco.com/groceries/en-GB/shop/food-cupboard/all?department=Cooking%20Sauces%2C%20Meal%20Kits%20%26%20Sides&viewAll=department&page=,£0.90,£0.26/100g,,,/groceries/en-GB/products/305255174,https://digitalcontent.api.tesco.com/v2/media/ghs/e77a78a0-be7a-4749-a6fb-c077f440b5e5/cdfc10d9-932c-4857-ab66-2959ba030a88_780570456.jpeg?h=225&w=225,
262114038,Loyd Grossman Bolognese Pasta Sauce 660G,https://www.tesco.com/groceries/en-GB/shop/food-cupboard/all?department=Cooking%20Sauces%2C%20Meal%20Kits%20%26%20Sides&viewAll=department&page=,£3.00,£0.46/100g,,,/groceries/en-GB/products/262114038,https://digitalcontent.api.tesco.com/v2/media/ghs/4f773fbe-78e1-4dba-b69f-c89005722815/4155c2fc-86a1-4712-aa35-a590b25c3172_696890613.jpeg?h=225&w=225,
268486706,Loyd Grossman Tikka Masala Sauce 350G,https://www.tesco.com/groceries/en-GB/shop/food-cupboard/all?department=Cooking%20Sauces%2C%20Meal%20Kits%20%26%20Sides&viewAll=department&page=,£2.15,£0.62/100g,,,/groceries/en-GB/products/268486706,https://digitalcontent.api.tesco.com/v2/media/ghs/08aca461-1bc4-4fc8-a4b6-7b35286a35eb/8f459d8e-3714-4617-b304-a03c8d6b21db_451852810.jpeg?h=225&w=225,
252990458,Tesco Finest Sun Dried Tomato Garlic & Basil Sauce 340G,https://www.tesco.com/groceries/en-GB/shop/food-cupboard/all?department=Cooking%20Sauces%2C%20Meal%20Kits%20%26%20Sides&viewAll=department&page=,£1.70,£0.50/100g,,,/groceries/en-GB/products/252990458,https://digitalcontent.api.tesco.com/v2/media/ghs/0aab288b-a3cf-4d58-8fb0-ad6ee664d4e6/ec09037a-12c8-416a-afa9-2b6b4d49a8a5_1161024633.jpeg?h=225&w=225,
267073786,Old El Paso Extra Mild Fajita Dinner Kit 476G,https://www.tesco.com/groceries/en-GB/shop/food-cupboard/all?department=Cooking%20Sauces%2C%20Meal%20Kits%20%26%20Sides&viewAll=department&page=,£2.99,£0.63/100g,,,/groceries/en-GB/products/267073786,https://digitalcontent.api.tesco.com/v2/media/ghs/50858933-dd31-4e58-9906-04ae029e8503/bdaaac68-a680-453c-9e26-494cd1b09c71_1424024404.jpeg?h=225&w=225,
283713806,Mutti Pizza Sauce 400G,https://www.tesco.com/groceries/en-GB/shop/food-cupboard/all?department=Cooking%20Sauces%2C%20Meal%20Kits%20%26%20Sides&viewAll=department&page=,£2.25,£0.56/100g,£1.65 Clubcard Price,,/groceries/en-GB/products/283713806,https://digitalcontent.api.tesco.com/v2/media/ghs/740d95bb-ed76-461c-983a-919c605714df/449d3580-d0d5-416a-92e9-a3402a7dc7e6_1084690501.jpeg?h=225&w=225,
309188857,Ben's Original Chilli Con Carne Sauce Medium 450G,https://www.tesco.com/groceries/en-GB/shop/food-cupboard/all?department=Cooking%20Sauces%2C%20Meal%20Kits%20%26%20Sides&viewAll=department&page=,£2.00,£0.44/100g,,,/groceries/en-GB/products/309188857,https://digitalcontent.api.tesco.com/v2/media/ghs/658a6e59-e837-4415-9e41-508223867dc9/1ade688f-b06e-4f7a-986d-34c27bab6f35_1843335221.jpeg?h=225&w=225,
301324099,Loyd Grossman No Added Sugar Tomato & Basil Sauce 350G,https://www.tesco.com/groceries/en-GB/shop/food-cupboard/all?department=Cooking%20Sauces%2C%20Meal%20Kits%20%26%20Sides&viewAll=department&page=,£1.90,£0.54/100g,,,/groceries/en-GB/products/301324099,https://digitalcontent.api.tesco.com/v2/media/ghs/733b7d95-b503-4be4-a2bf-610bf1cfe08b/0ace2f87-26cb-45d2-beec-0cd3bb70ae96_633204437.jpeg?h=225&w=225,
301517793,Homepride Chilli Cooking Sauce 485G,https://www.tesco.com/groceries/en-GB/shop/food-cupboard/all?department=Cooking%20Sauces%2C%20Meal%20Kits%20%26%20Sides&viewAll=department&page=,£2.00,£0.41/100g,,,/groceries/en-GB/products/301517793,https://digitalcontent.api.tesco.com/v2/media/ghs/13083052-2471-47a2-b2ce-01cd05dc8ebf/560bd991-1a99-42e6-a27f-dc41e86c8df7_848758329.jpeg?h=225&w=225,
299624455,Tesco Thai Green Curry Paste 200G,https://www.tesco.com/groceries/en-GB/shop/food-cupboard/all?department=Cooking%20Sauces%2C%20Meal%20Kits%20%26%20Sides&viewAll=department&page=,£1.80,£0.90/100g,,,/groceries/en-GB/products/299624455,https://digitalcontent.api.tesco.com/v2/media/ghs/ec14e359-c824-4eca-b70e-ad17263f84fe/069fa027-5899-4f44-9883-40432c3a02d9_1668365197.jpeg?h=225&w=225,
257413982,Geeta's Mango Chutney 320G,https://www.tesco.com/groceries/en-GB/shop/food-cupboard/all?department=Cooking%20Sauces%2C%20Meal%20Kits%20%26%20Sides&viewAll=department&page=,£2.30,£0.72/100g,,,/groceries/en-GB/products/257413982,https://digitalcontent.api.tesco.com/v2/media/ghs/133d3e74-96ab-4937-958a-a11e5337df84/a47a5eab-f70a-416a-825f-734f685bad82_369841843.jpeg?h=225&w=225,
299624478,Tesco Red Thai Curry Paste 200G,https://www.tesco.com/groceries/en-GB/shop/food-cupboard/all?department=Cooking%20Sauces%2C%20Meal%20Kits%20%26%20Sides&viewAll=department&page=,£1.80,£0.90/100g,,,/groceries/en-GB/products/299624478,https://digitalcontent.api.tesco.com/v2/media/ghs/797d89b9-6bf7-4db0-b367-6157419ac69e/a4f8a6e0-77e9-4238-9295-0ef644384ec7_798264747.jpeg?h=225&w=225,
250567240,Loyd Grossman Smoky Bacon Pasta Sauce 350G,https://www.tesco.com/groceries/en-GB/shop/food-cupboard/all?department=Cooking%20Sauces%2C%20Meal%20Kits%20%26%20Sides&viewAll=department&page=,£1.90,£0.54/100g,,,/groceries/en-GB/products/250567240,https://digitalcontent.api.tesco.com/v2/media/ghs/5314a36e-edb4-43bb-943c-689623d45da5/c2071347-1ede-4bac-8566-2055cf5b318a_1571552565.jpeg?h=225&w=225,
250538586,Blue Dragon Sweet Chilli Dipping Sauce 190Ml,https://www.tesco.com/groceries/en-GB/shop/food-cupboard/all?department=Cooking%20Sauces%2C%20Meal%20Kits%20%26%20Sides&viewAll=department&page=,£1.75,£0.92/100ml,,,/groceries/en-GB/products/250538586,https://digitalcontent.api.tesco.com/v2/media/ghs/20c00c71-b12b-4b08-8cfa-4ca2f1f6d67f/e8c487bc-ca5e-4735-b7d5-cca8bdf75e9c_1963149511.jpeg?h=225&w=225,
272374929,Tesco Coconut Cream 160Ml,https://www.tesco.com/groceries/en-GB/shop/food-cupboard/all?department=Cooking%20Sauces%2C%20Meal%20Kits%20%26%20Sides&viewAll=department&page=,£1.05,£6.57/litre,,,/groceries/en-GB/products/272374929,https://digitalcontent.api.tesco.com/v2/media/ghs/3836e852-4d19-4a88-a9b7-bbca267c7590/e4220411-6af5-48ff-84db-636fd6993627_1344456454.jpeg?h=225&w=225,
272730071,Cook Italian Grated Hard Cheese 50G,https://www.tesco.com/groceries/en-GB/shop/food-cupboard/all?department=Cooking%20Sauces%2C%20Meal%20Kits%20%26%20Sides&viewAll=department&page=,£1.40,£28.00/kg,,,/groceries/en-GB/products/272730071,https://digitalcontent.api.tesco.com/v2/media/ghs/1406742e-f3cd-4d37-aa97-5996af2385ce/696c0068-4f93-4c09-a115-ebf7e1124640_1136333592.jpeg?h=225&w=225,
253538950,Dolmio Pasta Bake Creamy Tomato Pasta Sauce 500G,https://www.tesco.com/groceries/en-GB/shop/food-cupboard/all?department=Cooking%20Sauces%2C%20Meal%20Kits%20%26%20Sides&viewAll=department&page=,£1.95,£0.39/100g,,,/groceries/en-GB/products/253538950,https://digitalcontent.api.tesco.com/v2/media/ghs/7522bd51-11c4-49ab-8f47-00f30be8af08/26fc1c9f-712f-478f-9069-6f560c319871_1929433717.jpeg?h=225&w=225,
256293450,Colman's White Sauce Mix 25G,https://www.tesco.com/groceries/en-GB/shop/food-cupboard/all?department=Cooking%20Sauces%2C%20Meal%20Kits%20%26%20Sides&viewAll=department&page=,£0.90,£3.60/100g,,,/groceries/en-GB/products/256293450,https://digitalcontent.api.tesco.com/v2/media/ghs/dd6447e7-6a91-4b8a-9971-1947aef0353e/f5d83da0-9eb8-40c8-91c6-70100cfd2d2d_12070652.jpeg?h=225&w=225,
301517637,Homepride Pasta Bake Creamy Tuna 485G,https://www.tesco.com/groceries/en-GB/shop/food-cupboard/all?department=Cooking%20Sauces%2C%20Meal%20Kits%20%26%20Sides&viewAll=department&page=,£1.70,£0.35/100g,,,/groceries/en-GB/products/301517637,https://digitalcontent.api.tesco.com/v2/media/ghs/98e78c01-8ad6-40da-b05f-8c5146e2c98c/c420e8e4-742d-4669-a737-a5b3d7ead7af_1095320431.jpeg?h=225&w=225,
254945783,Sharwoods Ready To Eat Poppadoms 8Pk,https://www.tesco.com/groceries/en-GB/shop/food-cupboard/all?department=Cooking%20Sauces%2C%20Meal%20Kits%20%26%20Sides&viewAll=department&page=,£2.00,£0.25/each,,,/groceries/en-GB/products/254945783,https://digitalcontent.api.tesco.com/v2/media/ghs/25422d95-689e-4af5-a8a9-e10b72a911db/d6752a97-7eaf-42f5-8f00-98998f671e72_428782857.jpeg?h=225&w=225,
250154135,Dolmio Stir In Carbonara Pasta Sauce 150G,https://www.tesco.com/groceries/en-GB/shop/food-cupboard/all?department=Cooking%20Sauces%2C%20Meal%20Kits%20%26%20Sides&viewAll=department&page=,£1.49,£0.99/100g,Aldi Price Match,,/groceries/en-GB/products/250154135,https://digitalcontent.api.tesco.com/v2/media/ghs/0d724d16-e036-4d56-b7e4-8c154963d824/89024780-5749-496f-8838-88cabb706351_1448956769.jpeg?h=225&w=225,
254243634,Dolmio Stir In Pepperoni & Tomato Pasta Sauce 150G,https://www.tesco.com/groceries/en-GB/shop/food-cupboard/all?department=Cooking%20Sauces%2C%20Meal%20Kits%20%26%20Sides&viewAll=department&page=,£1.49,£0.99/100g,,,/groceries/en-GB/products/254243634,https://digitalcontent.api.tesco.com/v2/media/ghs/be566245-7a0f-4cca-bc05-1c6aa8f6d321/1f4d851f-2a82-4e08-9199-79ae163ef382_580639203.jpeg?h=225&w=225,
265431873,Old El Paso Roasted Tomato Pepper Fajita Spice Mix 30G,https://www.tesco.com/groceries/en-GB/shop/food-cupboard/all?department=Cooking%20Sauces%2C%20Meal%20Kits%20%26%20Sides&viewAll=department&page=,£1.00,£3.34/100g,,,/groceries/en-GB/products/265431873,https://digitalcontent.api.tesco.com/v2/media/ghs/248dbf9e-854c-406b-a71f-d7dd73616624/87fb5f81-c24e-4c68-b90c-67a671efa6e9_1922600533.jpeg?h=225&w=225,
251975884,Old El Paso Chilli Con Carne Spice Mix 39G,https://www.tesco.com/groceries/en-GB/shop/food-cupboard/all?department=Cooking%20Sauces%2C%20Meal%20Kits%20%26%20Sides&viewAll=department&page=,£1.00,£2.57/100g,,,/groceries/en-GB/products/251975884,https://digitalcontent.api.tesco.com/v2/media/ghs/f2be7be8-3397-442e-b6ed-e5786335490a/b05cc8c2-608d-443b-a6c8-df5de7f36852_1826152147.jpeg?h=225&w=225,
305830893,Thai Dragon Sweet Chilli Prawn Crackers 60G,https://www.tesco.com/groceries/en-GB/shop/food-cupboard/all?department=Cooking%20Sauces%2C%20Meal%20Kits%20%26%20Sides&viewAll=department&page=,£1.00,£1.67/100g,,,/groceries/en-GB/products/305830893,https://digitalcontent.api.tesco.com/v2/media/ghs/30537154-0063-4708-9223-97fd1d96f1a5/60a165f7-7608-4368-9264-fcac811aa980_341938053.jpeg?h=225&w=225,
274001361,Dolmio Meatball Tomato & Basil Pasta Sauce 500G,https://www.tesco.com/groceries/en-GB/shop/food-cupboard/all?department=Cooking%20Sauces%2C%20Meal%20Kits%20%26%20Sides&viewAll=department&page=,£2.00,£0.40/100g,Buy Dolmio Sauce 470g/500g and Save 95p on Tesco Core Pasta 500g Clubcard Price,,/groceries/en-GB/products/274001361,https://digitalcontent.api.tesco.com/v2/media/ghs/11f09cc4-7a60-4517-b4ea-3d04dd5354f4/8fbdc0c3-f6bb-4b65-870e-8c233263fe11_1020386490.jpeg?h=225&w=225,
253209545,Schwartz Hollandaise Sauce 25G,https://www.tesco.com/groceries/en-GB/shop/food-cupboard/all?department=Cooking%20Sauces%2C%20Meal%20Kits%20%26%20Sides&viewAll=department&page=,£0.90,£3.60/100g,Any 4 for £2 Clubcard Price - Selected Schwartz Recipe Mix 20g-41g ,,/groceries/en-GB/products/253209545,https://digitalcontent.api.tesco.com/v2/media/ghs/8e0d76a9-84a6-40a0-8f08-8c98cb54b208/dd41f43f-b4bd-496f-b0e3-098720eddf6e_1018443372.jpeg?h=225&w=225,
272640511,Tesco Fine Egg Noodles 250G,https://www.tesco.com/groceries/en-GB/shop/food-cupboard/all?department=Cooking%20Sauces%2C%20Meal%20Kits%20%26%20Sides&viewAll=department&page=,£1.05,£4.20/kg,,,/groceries/en-GB/products/272640511,https://digitalcontent.api.tesco.com/v2/media/ghs/0bc2b9b3-01ed-4f1d-8553-f3aa9dd33077/ececc7f5-8251-4238-9cbb-4e506861f3dd_2094077957.jpeg?h=225&w=225,
253538587,Dolmio Bolognese Original Low Fat Pasta Sauce 500G,https://www.tesco.com/groceries/en-GB/shop/food-cupboard/all?department=Cooking%20Sauces%2C%20Meal%20Kits%20%26%20Sides&viewAll=department&page=,£2.00,£0.40/100g,Buy Dolmio Sauce 470g/500g and Save 95p on Tesco Core Pasta 500g Clubcard Price,,/groceries/en-GB/products/253538587,https://digitalcontent.api.tesco.com/v2/media/ghs/f733b35b-f1d8-41db-aa4a-2e6d756be601/6ca283d7-6d54-48af-9ec7-cdc609d153e9_987932719.jpeg?h=225&w=225,
274219461,Chicken Tonight Creamy Mushroom 500G,https://www.tesco.com/groceries/en-GB/shop/food-cupboard/all?department=Cooking%20Sauces%2C%20Meal%20Kits%20%26%20Sides&viewAll=department&page=,£1.75,£0.35/100g,£1.00 Clubcard Price,,/groceries/en-GB/products/274219461,https://digitalcontent.api.tesco.com/v2/media/ghs/4287b2dc-c7b1-4945-8833-0d9fed48ffba/12b23c4e-84b1-46b4-919c-1104b0b22872_1078522568.jpeg?h=225&w=225,
253778141,Amoy Light Soy Sauce 150Ml,https://www.tesco.com/groceries/en-GB/shop/food-cupboard/all?department=Cooking%20Sauces%2C%20Meal%20Kits%20%26%20Sides&viewAll=department&page=,£1.50,£1.00/100ml,£1.00 Clubcard Price,,/groceries/en-GB/products/253778141,https://digitalcontent.api.tesco.com/v2/media/ghs/bb9bdb23-6881-434d-8217-2b887c942c9e/0a858444-2660-4f35-88a1-81b54154aa46_958636354.jpeg?h=225&w=225,
274219841,Chicken Tonight Spanish Chicken 500G,https://www.tesco.com/groceries/en-GB/shop/food-cupboard/all?department=Cooking%20Sauces%2C%20Meal%20Kits%20%26%20Sides&viewAll=department&page=,£1.75,£0.35/100g,£1.00 Clubcard Price,,/groceries/en-GB/products/274219841,https://digitalcontent.api.tesco.com/v2/media/ghs/d20a8f5a-18d7-4c9b-a6fd-8eed14e7bd6f/129add57-a897-442f-9f7a-26bd787c7e46_848456166.jpeg?h=225&w=225,
293258857,Tiger Tiger Udon Japanese Style Noodles 400G,https://www.tesco.com/groceries/en-GB/shop/food-cupboard/all?department=Cooking%20Sauces%2C%20Meal%20Kits%20%26%20Sides&viewAll=department&page=,£1.30,£3.25/kg,,,/groceries/en-GB/products/293258857,https://digitalcontent.api.tesco.com/v2/media/ghs/fea42eed-78c1-48cf-9551-6dbf68498f39/2e225488-5bd9-45a9-859c-8a28a626d1ff_659478434.jpeg?h=225&w=225,
297117765,Sharwoods Tikka Masala 30% Less Fat Cooking Sauce 420G,https://www.tesco.com/groceries/en-GB/shop/food-cupboard/all?department=Cooking%20Sauces%2C%20Meal%20Kits%20%26%20Sides&viewAll=department&page=,£2.15,£0.51/100g,£1.25 Clubcard Price,,/groceries/en-GB/products/297117765,https://digitalcontent.api.tesco.com/v2/media/ghs/bbd289aa-55d1-47d2-8703-4e30f35c3847/6cec0d6d-9a84-465e-b404-9fdf4d1d1a7c_220060462.jpeg?h=225&w=225,
303693429,Yo! Katsu Mild Aromatic Katsu Sauce 100G,https://www.tesco.com/groceries/en-GB/shop/food-cupboard/all?department=Cooking%20Sauces%2C%20Meal%20Kits%20%26%20Sides&viewAll=department&page=,£1.05,£1.05/100g,75p Clubcard Price,,/groceries/en-GB/products/303693429,https://digitalcontent.api.tesco.com/v2/media/ghs/69365d58-0c3d-4630-bacf-f7db11b7e8f7/1b70185d-0b18-4550-a134-0d43da4ee4bc_1551957828.jpeg?h=225&w=225,
268675677,Tesco Tomato & Chilli Pesto 190G,https://www.tesco.com/groceries/en-GB/shop/food-cupboard/all?department=Cooking%20Sauces%2C%20Meal%20Kits%20%26%20Sides&viewAll=department&page=,£1.10,£0.58/100g,,,/groceries/en-GB/products/268675677,https://digitalcontent.api.tesco.com/v2/media/ghs/59ae6ae6-4f7c-4df7-b973-b6855be39b14/48294756-9e99-492b-8d60-86fd2c8514e8_51638358.jpeg?h=225&w=225,
305054279,Tesco Hunters Chicken Cooking Sauce 500G,https://www.tesco.com/groceries/en-GB/shop/food-cupboard/all?department=Cooking%20Sauces%2C%20Meal%20Kits%20%26%20Sides&viewAll=department&page=,£1.10,£0.22/100g,,,/groceries/en-GB/products/305054279,https://digitalcontent.api.tesco.com/v2/media/ghs/51e6856d-1f8c-4c72-bdc8-1b59ee556d96/c5f8a032-02f8-478b-842e-1664e34a428f_1864678802.jpeg?h=225&w=225,
275476580,Tesco Hot Chilli Sauce 500G,https://www.tesco.com/groceries/en-GB/shop/food-cupboard/all?department=Cooking%20Sauces%2C%20Meal%20Kits%20%26%20Sides&viewAll=department&page=,£0.95,£0.19/100g,,,/groceries/en-GB/products/275476580,https://digitalcontent.api.tesco.com/v2/media/ghs/fc4d4066-d168-4fd7-ae8d-bdf2348c903b/06512645-73d2-44b7-b7ab-184f74105ddb_179596834.jpeg?h=225&w=225,
297484939,Tesco No Added Sugar Chunky Vegetable Pasta Sauce 500G,https://www.tesco.com/groceries/en-GB/shop/food-cupboard/all?department=Cooking%20Sauces%2C%20Meal%20Kits%20%26%20Sides&viewAll=department&page=,£0.90,£0.18/100g,,,/groceries/en-GB/products/297484939,https://digitalcontent.api.tesco.com/v2/media/ghs/c945aa9d-fd2c-4c4d-961a-fd8050e3434e/3aed329e-a432-4ab0-ae74-c958c539441c_187143060.jpeg?h=225&w=225,
257745197,Tesco Mushroom Pasta Sauce 500G,https://www.tesco.com/groceries/en-GB/shop/food-cupboard/all?department=Cooking%20Sauces%2C%20Meal%20Kits%20%26%20Sides&viewAll=department&page=,£0.90,£0.18/100g,,,/groceries/en-GB/products/257745197,https://digitalcontent.api.tesco.com/v2/media/ghs/178f4dde-4795-4a3e-8556-9df35e468939/snapshotimagehandler_1789199034.jpeg?h=225&w=225,
272492363,Tesco Sour Cream Topping 280G,https://www.tesco.com/groceries/en-GB/shop/food-cupboard/all?department=Cooking%20Sauces%2C%20Meal%20Kits%20%26%20Sides&viewAll=department&page=,£1.40,£0.50/100g,,,/groceries/en-GB/products/272492363,https://digitalcontent.api.tesco.com/v2/media/ghs/70991f3c-240a-4e68-a990-b257fbcd90dc/fd9d8d9e-0f75-4e69-9972-fdcd4ef00095_1987192911.jpeg?h=225&w=225,
300594851,Hearty Food Co. Sweet & Sour Sauce 440G,https://www.tesco.com/groceries/en-GB/shop/food-cupboard/all?department=Cooking%20Sauces%2C%20Meal%20Kits%20%26%20Sides&viewAll=department&page=,£0.61,£0.14/100g,Aldi Price Match,,/groceries/en-GB/products/300594851,https://digitalcontent.api.tesco.com/v2/media/ghs/aa7b4928-8b0d-4824-95c6-6ad9ca6447dc/4f69488f-bac4-4688-a722-2b73475c8736_536295638.jpeg?h=225&w=225,
300535876,Hearty Food Co. Curry Sauce 440G,https://www.tesco.com/groceries/en-GB/shop/food-cupboard/all?department=Cooking%20Sauces%2C%20Meal%20Kits%20%26%20Sides&viewAll=department&page=,£0.45,£0.10/100g,,,/groceries/en-GB/products/300535876,https://digitalcontent.api.tesco.com/v2/media/ghs/cd1fe712-6bf9-47f3-bdd3-860ed1fcb5cd/bde8b542-d42e-4a33-a60f-28082c7c7625_1646714309.jpeg?h=225&w=225,
252486194,Blue Dragon Coconut Milk 400Ml,https://www.tesco.com/groceries/en-GB/shop/food-cupboard/all?department=Cooking%20Sauces%2C%20Meal%20Kits%20%26%20Sides&viewAll=department&page=,£2.40,£6.00/litre,,,/groceries/en-GB/products/252486194,https://digitalcontent.api.tesco.com/v2/media/ghs/c81f628c-c272-4ba4-8ead-51a57883ef46/4122eb1f-e781-4bfe-bff6-dee96ea66579_196819835.jpeg?h=225&w=225,
251708401,Loyd Grossman Tomato & Basil Pasta Sauce 660G,https://www.tesco.com/groceries/en-GB/shop/food-cupboard/all?department=Cooking%20Sauces%2C%20Meal%20Kits%20%26%20Sides&viewAll=department&page=,£3.00,£0.46/100g,,,/groceries/en-GB/products/251708401,https://digitalcontent.api.tesco.com/v2/media/ghs/65f0b41d-836a-4310-a5b7-a9ee9745a6f7/d338d71f-1ee9-4f22-b06f-6b8c422100fe_285418305.jpeg?h=225&w=225,
283085978,Homepride Curry Can 400G,https://www.tesco.com/groceries/en-GB/shop/food-cupboard/all?department=Cooking%20Sauces%2C%20Meal%20Kits%20%26%20Sides&viewAll=department&page=,£2.00,£0.50/100g,,,/groceries/en-GB/products/283085978,https://digitalcontent.api.tesco.com/v2/media/ghs/c4dd73c9-6e2c-4d8c-80a4-982b0699dfb2/dbff6215-2822-4746-8707-3ced58c65bfb_2130150953.jpeg?h=225&w=225,
287740750,Old El Paso Taco Stand ‘N’ Stuff Paprika & Garlic Kit 312G,https://www.tesco.com/groceries/en-GB/shop/food-cupboard/all?department=Cooking%20Sauces%2C%20Meal%20Kits%20%26%20Sides&viewAll=department&page=,£3.19,£1.03/100g,,,/groceries/en-GB/products/287740750,https://digitalcontent.api.tesco.com/v2/media/ghs/5d1ba90f-8221-4b14-a0bd-2338adef7fcf/9e1ee65d-d6a2-4bb1-9899-0dfdbd5e4db6_1279471519.jpeg?h=225&w=225,
283222108,Filippo Berio Classic Green Pesto 190G,https://www.tesco.com/groceries/en-GB/shop/food-cupboard/all?department=Cooking%20Sauces%2C%20Meal%20Kits%20%26%20Sides&viewAll=department&page=,£2.80,£1.48/100g,,,/groceries/en-GB/products/283222108,https://digitalcontent.api.tesco.com/v2/media/ghs/402caddb-a56e-4b8e-ab28-0f80ac8d9bc9/76e4acb1-69eb-48d4-9ad5-2b0dfa627ae2_1639845931.jpeg?h=225&w=225,
256138641,Sacla Sun Dried Tom Pesto 190G,https://www.tesco.com/groceries/en-GB/shop/food-cupboard/all?department=Cooking%20Sauces%2C%20Meal%20Kits%20%26%20Sides&viewAll=department&page=,£2.80,£1.48/100g,£2.25 Clubcard Price,,/groceries/en-GB/products/256138641,https://digitalcontent.api.tesco.com/v2/media/ghs/bba1caef-763d-42d8-95c4-15c745c461e2/2e981c63-553a-4fa2-9835-6a658572ae8d_671557801.jpeg?h=225&w=225,
253836073,Old El Paso Refried Beans 435G,https://www.tesco.com/groceries/en-GB/shop/food-cupboard/all?department=Cooking%20Sauces%2C%20Meal%20Kits%20%26%20Sides&viewAll=department&page=,£1.95,£0.45/100g,,,/groceries/en-GB/products/253836073,https://digitalcontent.api.tesco.com/v2/media/ghs/02e2dd96-5aa1-4d2a-9f96-e5078eb9d158/c68d4b6f-f178-4bf0-b966-545accc76884_149495814.jpeg?h=225&w=225,
257709166,Napolina Mini Pizza Bases 300G,https://www.tesco.com/groceries/en-GB/shop/food-cupboard/all?department=Cooking%20Sauces%2C%20Meal%20Kits%20%26%20Sides&viewAll=department&page=,£2.10,£0.70/100g,,,/groceries/en-GB/products/257709166,https://digitalcontent.api.tesco.com/v2/media/ghs/6e4608a2-0d3b-432f-96f4-e6828ab2685c/6222a83c-52e6-4f31-9aba-018d75f90939_1887423270.jpeg?h=225&w=225,
283522252,Old El Paso Smokey Bbq Stand ‘N’ Stuff Soft Taco Kit 350G,https://www.tesco.com/groceries/en-GB/shop/food-cupboard/all?department=Cooking%20Sauces%2C%20Meal%20Kits%20%26%20Sides&viewAll=department&page=,£2.99,£0.86/100g,,,/groceries/en-GB/products/283522252,https://digitalcontent.api.tesco.com/v2/media/ghs/1b6ec671-5c4b-4218-bcde-2889ded9016b/cf286410-c9b9-414d-afb2-aacd345d2cb9_1492225489.jpeg?h=225&w=225,
268414699,Loyd Grossman Korma Sauce 350G,https://www.tesco.com/groceries/en-GB/shop/food-cupboard/all?department=Cooking%20Sauces%2C%20Meal%20Kits%20%26%20Sides&viewAll=department&page=,£2.15,£0.62/100g,,,/groceries/en-GB/products/268414699,https://digitalcontent.api.tesco.com/v2/media/ghs/0399239d-5675-4ec2-9532-a402b59cdd4f/36031f5b-4a91-4523-8e84-fabc81b90dd9_473580179.jpeg?h=225&w=225,
289584378,Blue Dragon Sweet Chilli Sauce Light 350G,https://www.tesco.com/groceries/en-GB/shop/food-cupboard/all?department=Cooking%20Sauces%2C%20Meal%20Kits%20%26%20Sides&viewAll=department&page=,£2.50,£0.72/100g,,,/groceries/en-GB/products/289584378,https://digitalcontent.api.tesco.com/v2/media/ghs/d5b63f86-b8cb-4dfb-af65-4372d3c042bf/c718b57f-409e-4129-a0bc-1eb2f297453a_1566352815.jpeg?h=225&w=225,
256209483,Old El Paso Large Super Soft Flour Tortillas 6 Pack 350G,https://www.tesco.com/groceries/en-GB/shop/food-cupboard/all?department=Cooking%20Sauces%2C%20Meal%20Kits%20%26%20Sides&viewAll=department&page=,£2.10,£0.60/100g,,,/groceries/en-GB/products/256209483,https://digitalcontent.api.tesco.com/v2/media/ghs/65d47585-50d9-491c-9327-3062262b4d28/910de08a-ef8d-4868-867f-b33fc50ace08.jpeg?h=225&w=225,
258423473,Pataks Korma Curry Paste 290G,https://www.tesco.com/groceries/en-GB/shop/food-cupboard/all?department=Cooking%20Sauces%2C%20Meal%20Kits%20%26%20Sides&viewAll=department&page=,£2.80,£0.97/100g,,,/groceries/en-GB/products/258423473,https://digitalcontent.api.tesco.com/v2/media/ghs/67684eb9-da4b-44c6-b8fe-8768650a4099/f813a7bf-1a2c-4ddd-a1ec-0de22fd3c65d_1098673026.jpeg?h=225&w=225,
252355211,Pataks Tikka Masala Paste Medium 283G,https://www.tesco.com/groceries/en-GB/shop/food-cupboard/all?department=Cooking%20Sauces%2C%20Meal%20Kits%20%26%20Sides&viewAll=department&page=,£2.80,£0.99/100g,,,/groceries/en-GB/products/252355211,https://digitalcontent.api.tesco.com/v2/media/ghs/1ffc5e66-cef3-4bd8-9e5e-ebbfb43c2075/d733668e-d579-464f-9ab4-2b7d71ad767e_1346091942.jpeg?h=225&w=225,
280364250,Tesco Tikka Curry Paste 200G,https://www.tesco.com/groceries/en-GB/shop/food-cupboard/all?department=Cooking%20Sauces%2C%20Meal%20Kits%20%26%20Sides&viewAll=department&page=,£1.70,£0.85/100g,,,/groceries/en-GB/products/280364250,https://digitalcontent.api.tesco.com/v2/media/ghs/a15e5e16-fe1e-41e7-8a48-5336f0bae903/302fa6f5-ac5a-4213-9484-9f42e2d11cc2_1888601465.jpeg?h=225&w=225,
283522139,Old El Paso Stand ‘N’ Stuff Soft Flour Tortillas 8Pk 193G,https://www.tesco.com/groceries/en-GB/shop/food-cupboard/all?department=Cooking%20Sauces%2C%20Meal%20Kits%20%26%20Sides&viewAll=department&page=,£2.00,£1.04/100g,,,/groceries/en-GB/products/283522139,https://digitalcontent.api.tesco.com/v2/media/ghs/f9830150-2378-4042-a258-289fc169bed9/23ed2d45-cc27-4bbe-b138-605038fdd577_770001982.jpeg?h=225&w=225,
303850307,Old El Paso Original Cheesy Baked Nacho Kit 505G,https://www.tesco.com/groceries/en-GB/shop/food-cupboard/all?department=Cooking%20Sauces%2C%20Meal%20Kits%20%26%20Sides&viewAll=department&page=,£3.19,£0.63/100g,,,/groceries/en-GB/products/303850307,https://digitalcontent.api.tesco.com/v2/media/ghs/644337d3-fef9-4bed-b7e2-beb7e61d9d13/b2e27138-c360-4ffe-9c2a-bd33c6cd9207_618157268.jpeg?h=225&w=225,
272666106,Blue Dragon Creamed Coconut 200G,https://www.tesco.com/groceries/en-GB/shop/food-cupboard/all?department=Cooking%20Sauces%2C%20Meal%20Kits%20%26%20Sides&viewAll=department&page=,£1.60,£0.80/100g,,,/groceries/en-GB/products/272666106,https://digitalcontent.api.tesco.com/v2/media/ghs/5a4e7260-bb65-4e1f-aedb-356d9a51c114/0025dee3-8573-4bc8-b235-148051952cb7_436952683.jpeg?h=225&w=225,
277180937,Blue Dragon Hoi Sin Dipping Sauce 190Ml,https://www.tesco.com/groceries/en-GB/shop/food-cupboard/all?department=Cooking%20Sauces%2C%20Meal%20Kits%20%26%20Sides&viewAll=department&page=,£1.75,£0.92/100ml,,,/groceries/en-GB/products/277180937,https://digitalcontent.api.tesco.com/v2/media/ghs/f734296d-13e5-4443-8096-0db400828555/87e2782a-c7b4-4738-ac4b-05fba87f6536_1876269217.jpeg?h=225&w=225,
305522895,Kingfisher Oriental Coconut Milk Rich & Creamy 200Ml,https://www.tesco.com/groceries/en-GB/shop/food-cupboard/all?department=Cooking%20Sauces%2C%20Meal%20Kits%20%26%20Sides&viewAll=department&page=,£1.15,£5.75/litre,,,/groceries/en-GB/products/305522895,https://digitalcontent.api.tesco.com/v2/media/ghs/26e6af79-f4d9-4c51-a6df-ad1694c3c289/ff9af980-b485-4bf3-8649-1058c58d42e6_2118648931.jpeg?h=225&w=225,
289661241,Tesco Hoisin Dipping Sauce 290G,https://www.tesco.com/groceries/en-GB/shop/food-cupboard/all?department=Cooking%20Sauces%2C%20Meal%20Kits%20%26%20Sides&viewAll=department&page=,£1.40,£0.48/100g,,,/groceries/en-GB/products/289661241,https://digitalcontent.api.tesco.com/v2/media/ghs/3aab18ec-3f86-441f-a35a-bea5c887d62c/809ba4c6-162f-4cf0-a84d-22782fd5bf29_1422697363.jpeg?h=225&w=225,
261007795,Dolmio Pasta Bake Carbonara Pasta Sauce 480G,https://www.tesco.com/groceries/en-GB/shop/food-cupboard/all?department=Cooking%20Sauces%2C%20Meal%20Kits%20%26%20Sides&viewAll=department&page=,£1.95,£0.41/100g,,,/groceries/en-GB/products/261007795,https://digitalcontent.api.tesco.com/v2/media/ghs/5366520c-77f3-40af-838e-a0bb89b350c9/1b00ef57-3945-4764-949e-fc0d6151458b_830394113.jpeg?h=225&w=225,
285886540,Patak's Plain Pappadums 8Pk,https://www.tesco.com/groceries/en-GB/shop/food-cupboard/all?department=Cooking%20Sauces%2C%20Meal%20Kits%20%26%20Sides&viewAll=department&page=,£2.00,£3.13/100g,,,/groceries/en-GB/products/285886540,https://digitalcontent.api.tesco.com/v2/media/ghs/affd9940-7044-445a-bee4-0f51a9d3943b/11fd0c4f-5419-41c7-8a88-3a82c061ed75_1646589511.jpeg?h=225&w=225,
301517597,Homepride Pasta Bake Cheese & Bacon 485G,https://www.tesco.com/groceries/en-GB/shop/food-cupboard/all?department=Cooking%20Sauces%2C%20Meal%20Kits%20%26%20Sides&viewAll=department&page=,£1.70,£0.35/100g,,,/groceries/en-GB/products/301517597,https://digitalcontent.api.tesco.com/v2/media/ghs/dd42a9db-46f6-4866-a4f5-81ce299eb691/a05dbcab-30bd-42e7-b04e-eecd5a18fd9e_1419832604.jpeg?h=225&w=225,
265819146,Kingfisher Bamboo Shoots In Water 225G,https://www.tesco.com/groceries/en-GB/shop/food-cupboard/all?department=Cooking%20Sauces%2C%20Meal%20Kits%20%26%20Sides&viewAll=department&page=,£1.15,£0.96/100g DR.WT,,,/groceries/en-GB/products/265819146,https://digitalcontent.api.tesco.com/v2/media/ghs/bdc51648-d194-467e-8edd-d43081b39be9/1b782444-cacd-473d-92d5-2ebf6b6f219d_890353862.jpeg?h=225&w=225,
262516473,Tesco Teriyaki Sauce 150Ml,https://www.tesco.com/groceries/en-GB/shop/food-cupboard/all?department=Cooking%20Sauces%2C%20Meal%20Kits%20%26%20Sides&viewAll=department&page=,£1.25,£0.83/100ml,,,/groceries/en-GB/products/262516473,https://digitalcontent.api.tesco.com/v2/media/ghs/c2f280ba-172b-4fa1-a8a3-d1eccb4148f0/cb653e4a-e7cf-4fd3-b4f9-4ee7a2692963_233626444.jpeg?h=225&w=225,
277043162,Sharwoods Butter Chicken 420G,https://www.tesco.com/groceries/en-GB/shop/food-cupboard/all?department=Cooking%20Sauces%2C%20Meal%20Kits%20%26%20Sides&viewAll=department&page=,£2.15,£0.51/100g,£1.25 Clubcard Price,,/groceries/en-GB/products/277043162,https://digitalcontent.api.tesco.com/v2/media/ghs/05a7764d-01b7-44f1-ae13-282d46d0416a/d6d18e32-cdf0-4d04-a49a-69df6e81498a_2047260234.jpeg?h=225&w=225,
293134261,Pataks Tikka Masala Paste Pots 2X70g,https://www.tesco.com/groceries/en-GB/shop/food-cupboard/all?department=Cooking%20Sauces%2C%20Meal%20Kits%20%26%20Sides&viewAll=department&page=,£1.49,£1.07/100g,Aldi Price Match,,/groceries/en-GB/products/293134261,https://digitalcontent.api.tesco.com/v2/media/ghs/e5633a63-7313-489f-891c-30a0ecf7d7e7/d366b1de-20c0-41b1-be70-619f1d661389_297962778.jpeg?h=225&w=225,
293134324,Pataks Korma Paste Pots 2X70g,https://www.tesco.com/groceries/en-GB/shop/food-cupboard/all?department=Cooking%20Sauces%2C%20Meal%20Kits%20%26%20Sides&viewAll=department&page=,£1.49,£1.07/100g,Aldi Price Match,,/groceries/en-GB/products/293134324,https://digitalcontent.api.tesco.com/v2/media/ghs/d61fdd40-2d4c-4dfb-b2aa-ef74e25ef586/2752ddea-74c2-467b-9487-5bdb49b85efa_788207322.jpeg?h=225&w=225,
277064338,Kingfisher Bean Sprouts 410G,https://www.tesco.com/groceries/en-GB/shop/food-cupboard/all?department=Cooking%20Sauces%2C%20Meal%20Kits%20%26%20Sides&viewAll=department&page=,£1.15,£0.28/100g,,,/groceries/en-GB/products/277064338,https://digitalcontent.api.tesco.com/v2/media/ghs/7aeea407-8c93-416c-80f8-437173caabe4/a7d653f2-cf1c-4f83-b079-830a12c666ac_706234728.jpeg?h=225&w=225,
303416310,Blue Dragon Aromatic Katsu Stir Fry Sauce 120G,https://www.tesco.com/groceries/en-GB/shop/food-cupboard/all?department=Cooking%20Sauces%2C%20Meal%20Kits%20%26%20Sides&viewAll=department&page=,£0.90,£0.75/100g,,,/groceries/en-GB/products/303416310,https://digitalcontent.api.tesco.com/v2/media/ghs/bdf2f236-0bf3-4be6-af2b-744c50902236/5f8f68c6-b08b-40c4-aa5d-9a0fdeae28fc_805856700.jpeg?h=225&w=225,
274747250,Pataks Jalfrezi Cooking Sauce 450G,https://www.tesco.com/groceries/en-GB/shop/food-cupboard/all?department=Cooking%20Sauces%2C%20Meal%20Kits%20%26%20Sides&viewAll=department&page=,£1.85,£0.41/100g,,,/groceries/en-GB/products/274747250,https://digitalcontent.api.tesco.com/v2/media/ghs/c7af440d-1e6f-4a2f-8e48-6feca9e90ef7/cc32666b-c630-4fb2-bf75-9c2830258a6c_407728016.jpeg?h=225&w=225,
274746677,Pataks Butter Chicken Cooking Sauce 450G,https://www.tesco.com/groceries/en-GB/shop/food-cupboard/all?department=Cooking%20Sauces%2C%20Meal%20Kits%20%26%20Sides&viewAll=department&page=,£1.85,£0.41/100g,,,/groceries/en-GB/products/274746677,https://digitalcontent.api.tesco.com/v2/media/ghs/d2c071c1-fb47-4b2f-a8a8-530ae7eb9846/1ab291fc-a6a1-4cbd-96a3-ad4f8a111136_1689987640.jpeg?h=225&w=225,
300809651,Tesco Free From Red Pesto 190G,https://www.tesco.com/groceries/en-GB/shop/food-cupboard/all?department=Cooking%20Sauces%2C%20Meal%20Kits%20%26%20Sides&viewAll=department&page=,£1.10,£0.58/100g,,,/groceries/en-GB/products/300809651,https://digitalcontent.api.tesco.com/v2/media/ghs/c23af30f-0393-4412-9446-1086806477f7/8f3b013c-b2c5-4072-8e17-b9ca411445de_566554318.jpeg?h=225&w=225,
274739663,Pataks Medium Balti Cooking Sauce 450G,https://www.tesco.com/groceries/en-GB/shop/food-cupboard/all?department=Cooking%20Sauces%2C%20Meal%20Kits%20%26%20Sides&viewAll=department&page=,£1.85,£0.41/100g,,,/groceries/en-GB/products/274739663,https://digitalcontent.api.tesco.com/v2/media/ghs/6317843e-9161-49b6-9ffd-a6c290fd30dc/a4c1477f-a689-4736-a1e9-18d0bfb223d9_2146996429.jpeg?h=225&w=225,
297117788,Sharwoods Korma 30% Less Fat Cooking Sauce 420G,https://www.tesco.com/groceries/en-GB/shop/food-cupboard/all?department=Cooking%20Sauces%2C%20Meal%20Kits%20%26%20Sides&viewAll=department&page=,£2.15,£0.51/100g,£1.25 Clubcard Price,,/groceries/en-GB/products/297117788,https://digitalcontent.api.tesco.com/v2/media/ghs/28261154-e808-4ad6-ad6d-a13a4f9ecdbd/38fa42b7-d1a8-44ec-9c62-6fc8c31c54d6_231305280.jpeg?h=225&w=225,
254243375,Dolmio Stir In Bacon & Tomato Pasta Sauce 150G,https://www.tesco.com/groceries/en-GB/shop/food-cupboard/all?department=Cooking%20Sauces%2C%20Meal%20Kits%20%26%20Sides&viewAll=department&page=,£1.49,£0.99/100g,,,/groceries/en-GB/products/254243375,https://digitalcontent.api.tesco.com/v2/media/ghs/d452e278-d8c6-4334-8e49-e53555e6d11d/85be828b-d29d-495b-b36d-5f59b4677a33_631470890.jpeg?h=225&w=225,
272409815,Aasani Chapattis 8S 360G,https://www.tesco.com/groceries/en-GB/shop/food-cupboard/all?department=Cooking%20Sauces%2C%20Meal%20Kits%20%26%20Sides&viewAll=department&page=,£1.20,£0.33/100g,,,/groceries/en-GB/products/272409815,https://digitalcontent.api.tesco.com/v2/media/ghs/6df5258c-f71a-4076-aed4-50425e239ac3/47315c5e-80ce-4576-a06e-ccda6a9d53a2_191175474.jpeg?h=225&w=225,
266896891,Tesco Chinese Style Curry Sauce 500G,https://www.tesco.com/groceries/en-GB/shop/food-cupboard/all?department=Cooking%20Sauces%2C%20Meal%20Kits%20%26%20Sides&viewAll=department&page=,£1.00,£0.20/100g,,,/groceries/en-GB/products/266896891,https://digitalcontent.api.tesco.com/v2/media/ghs/1c409b6b-4db8-4bf6-98cc-49d4e7859433/715d7319-ba0d-4f16-9eca-1351d5f12f96_78027576.jpeg?h=225&w=225,
252548818,Tesco Rogan Josh Cooking Sauce 500G,https://www.tesco.com/groceries/en-GB/shop/food-cupboard/all?department=Cooking%20Sauces%2C%20Meal%20Kits%20%26%20Sides&viewAll=department&page=,£1.00,£0.20/100g,,,/groceries/en-GB/products/252548818,https://digitalcontent.api.tesco.com/v2/media/ghs/0bfd3118-c8fe-4551-a73c-1cbd0095fda7/230edbe0-b811-4c58-8a5c-bd0326526e0a_995416770.jpeg?h=225&w=225,
252548507,Tesco Jalfrezi Sauce 500G,https://www.tesco.com/groceries/en-GB/shop/food-cupboard/all?department=Cooking%20Sauces%2C%20Meal%20Kits%20%26%20Sides&viewAll=department&page=,£1.00,£0.20/100g,,,/groceries/en-GB/products/252548507,https://digitalcontent.api.tesco.com/v2/media/ghs/d07de89c-840e-40bd-96bc-6ac42cab026c/88bc4bdd-5163-4a4d-a64c-13aa8b0a6c04_325842946.jpeg?h=225&w=225,
252550106,Tesco Balti Sauce 500G,https://www.tesco.com/groceries/en-GB/shop/food-cupboard/all?department=Cooking%20Sauces%2C%20Meal%20Kits%20%26%20Sides&viewAll=department&page=,£1.00,£0.20/100g,,,/groceries/en-GB/products/252550106,https://digitalcontent.api.tesco.com/v2/media/ghs/4be80839-c141-409e-ab28-9987abd8c97e/2e3a2565-2de3-486a-9610-644f18171307_1189246237.jpeg?h=225&w=225,
287546940,Tesco Free From White Lasagne 480G,https://www.tesco.com/groceries/en-GB/shop/food-cupboard/all?department=Cooking%20Sauces%2C%20Meal%20Kits%20%26%20Sides&viewAll=department&page=,£1.00,£0.21/100g,,,/groceries/en-GB/products/287546940,https://digitalcontent.api.tesco.com/v2/media/ghs/5817ba5f-c70b-418c-98ac-0ae6b3b8b643/5d4626f0-ddef-429c-b9ee-53a3b94a9c3e_1200313209.jpeg?h=225&w=225,
254196088,Loyd Grossman Tomato & Chilli Pasta Sauce 660G,https://www.tesco.com/groceries/en-GB/shop/food-cupboard/all?department=Cooking%20Sauces%2C%20Meal%20Kits%20%26%20Sides&viewAll=department&page=,£3.00,£0.46/100g,,,/groceries/en-GB/products/254196088,https://digitalcontent.api.tesco.com/v2/media/ghs/18b9e327-1ee9-4176-892f-8a9f2541ab7d/0e05f151-e8cc-4e56-885e-06d25e0fb375_2074271740.jpeg?h=225&w=225,
283085990,Homepride White Wine Can 400G,https://www.tesco.com/groceries/en-GB/shop/food-cupboard/all?department=Cooking%20Sauces%2C%20Meal%20Kits%20%26%20Sides&viewAll=department&page=,£2.00,£0.50/100g,,,/groceries/en-GB/products/283085990,https://digitalcontent.api.tesco.com/v2/media/ghs/7158c3c4-b208-4556-a546-86510b828fb7/334ab7f0-ea93-428d-8bc2-6b8bb82fa137_1441239015.jpeg?h=225&w=225,
283949873,Sacla Vegan Basil Pesto 190G,https://www.tesco.com/groceries/en-GB/shop/food-cupboard/all?department=Cooking%20Sauces%2C%20Meal%20Kits%20%26%20Sides&viewAll=department&page=,£2.75,£1.45/100g,,,/groceries/en-GB/products/283949873,https://digitalcontent.api.tesco.com/v2/media/ghs/48b973b0-0894-4f79-b457-f5251d67cfd1/704c4959-7e09-4b09-bdb5-d813d5d496e2_549021377.jpeg?h=225&w=225,
277182359,Old El Paso Chilli & Garlic Rice Kit 355G,https://www.tesco.com/groceries/en-GB/shop/food-cupboard/all?department=Cooking%20Sauces%2C%20Meal%20Kits%20%26%20Sides&viewAll=department&page=,£3.20,£0.90/100g,,,/groceries/en-GB/products/277182359,https://digitalcontent.api.tesco.com/v2/media/ghs/e778446f-22d4-4a27-952a-4cf7a44f0252/0e36954f-9383-4e53-8038-d39a20da6aeb_2056261978.jpeg?h=225&w=225,
309194890,Ben's Original Medium Curry Sauce 440G,https://www.tesco.com/groceries/en-GB/shop/food-cupboard/all?department=Cooking%20Sauces%2C%20Meal%20Kits%20%26%20Sides&viewAll=department&page=,£2.00,£0.46/100g,,,/groceries/en-GB/products/309194890,https://digitalcontent.api.tesco.com/v2/media/ghs/aa626c2e-cbc2-4255-b2fa-abe691c02909/1c440154-261b-4992-a22e-010aa9510c6b_1511153366.jpeg?h=225&w=225,
301227329,Old El Paso 6 Regular Gluten Free Tortilla 216G,https://www.tesco.com/groceries/en-GB/shop/food-cupboard/all?department=Cooking%20Sauces%2C%20Meal%20Kits%20%26%20Sides&viewAll=department&page=,£3.00,£1.39/100g,,,/groceries/en-GB/products/301227329,https://digitalcontent.api.tesco.com/v2/media/ghs/19273174-fb5c-4563-bdb6-7b44d2316092/30076759-3bf7-4351-b8dc-370b2b71b877_1152174815.jpeg?h=225&w=225,
268414463,Loyd Grossman Balti Curry Sauce 350G,https://www.tesco.com/groceries/en-GB/shop/food-cupboard/all?department=Cooking%20Sauces%2C%20Meal%20Kits%20%26%20Sides&viewAll=department&page=,£2.15,£0.62/100g,,,/groceries/en-GB/products/268414463,https://digitalcontent.api.tesco.com/v2/media/ghs/b313326b-0f06-4d9c-930f-3f4ca317ddce/acb7bb67-605a-447b-a169-686df236d00f_137053629.jpeg?h=225&w=225,
277183623,Old El Paso Enchilada Family Kit 995G,https://www.tesco.com/groceries/en-GB/shop/food-cupboard/all?department=Cooking%20Sauces%2C%20Meal%20Kits%20%26%20Sides&viewAll=department&page=,£3.50,£0.35/100g,,,/groceries/en-GB/products/277183623,https://digitalcontent.api.tesco.com/v2/media/ghs/9bde9a48-41ef-4500-86d9-1d7085c40982/262ae6af-37ec-4461-9895-486d3dd624c5_160184444.jpeg?h=225&w=225,
277017159,The Spice Tailor Keralan Coconut Curry 225G,https://www.tesco.com/groceries/en-GB/shop/food-cupboard/all?department=Cooking%20Sauces%2C%20Meal%20Kits%20%26%20Sides&viewAll=department&page=,£3.15,£1.40/100g,£2.50 Clubcard Price,,/groceries/en-GB/products/277017159,https://digitalcontent.api.tesco.com/v2/media/ghs/c8c3f79b-d9c1-4c9e-8180-889b0a42fc72/9678142f-17f0-4352-bbeb-c37460ebb616_293078367.jpeg?h=225&w=225,
254198218,Dolmio Bolognese Onion & Garlic Pasta Sauce 750G,https://www.tesco.com/groceries/en-GB/shop/food-cupboard/all?department=Cooking%20Sauces%2C%20Meal%20Kits%20%26%20Sides&viewAll=department&page=,£2.50,£0.33/100g,,,/groceries/en-GB/products/254198218,https://digitalcontent.api.tesco.com/v2/media/ghs/f751fe34-5369-4175-b415-66ed86c99eb0/1731ad28-e84e-4e86-a76c-ad765740a520_242028814.jpeg?h=225&w=225,
277017050,The Spice Tailor Original Tikka Masala 300G,https://www.tesco.com/groceries/en-GB/shop/food-cupboard/all?department=Cooking%20Sauces%2C%20Meal%20Kits%20%26%20Sides&viewAll=department&page=,£3.15,£1.05/100g,£2.50 Clubcard Price,,/groceries/en-GB/products/277017050,https://digitalcontent.api.tesco.com/v2/media/ghs/7a999d00-dd51-4372-b9c8-eaa11d3bf503/8ccee76b-5cdb-4aae-ae28-5a697af6650b_1300160974.jpeg?h=225&w=225,
301554009,Tesco Tahini 300G,https://www.tesco.com/groceries/en-GB/shop/food-cupboard/all?department=Cooking%20Sauces%2C%20Meal%20Kits%20%26%20Sides&viewAll=department&page=,£2.60,£0.87/100g,,,/groceries/en-GB/products/301554009,https://digitalcontent.api.tesco.com/v2/media/ghs/1ccdd054-0152-465e-a7b1-01f03a41d7a7/5ea4ecc9-e4e1-4217-a528-adf1bfa920c8_341606668.jpeg?h=225&w=225,
266578922,Tesco Finest Pesto Alla Genovese 190G,https://www.tesco.com/groceries/en-GB/shop/food-cupboard/all?department=Cooking%20Sauces%2C%20Meal%20Kits%20%26%20Sides&viewAll=department&page=,£2.10,£1.11/100g,,,/groceries/en-GB/products/266578922,https://digitalcontent.api.tesco.com/v2/media/ghs/963b493a-46a3-4e93-a885-3980d3116cbe/ae239579-61b4-4280-8ba1-c7e0a62f1967_602462977.jpeg?h=225&w=225,
260827344,Tesco Oyster Sauce 150Ml,https://www.tesco.com/groceries/en-GB/shop/food-cupboard/all?department=Cooking%20Sauces%2C%20Meal%20Kits%20%26%20Sides&viewAll=department&page=,£1.60,£1.07/100ml,,,/groceries/en-GB/products/260827344,https://digitalcontent.api.tesco.com/v2/media/ghs/7c7b5c5a-2d81-4720-85be-118ef5260ab0/snapshotimagehandler_364475821.jpeg?h=225&w=225,
272666227,Blue Dragon Fish Sauce 150Ml,https://www.tesco.com/groceries/en-GB/shop/food-cupboard/all?department=Cooking%20Sauces%2C%20Meal%20Kits%20%26%20Sides&viewAll=department&page=,£1.75,£1.17/100ml,,,/groceries/en-GB/products/272666227,https://digitalcontent.api.tesco.com/v2/media/ghs/427abb98-5973-47d0-bb41-50c4c7171bea/a808fe44-2ae3-4481-a768-976e1c90c368_1992980061.jpeg?h=225&w=225,
260504542,Tesco Finest Tomato & Chilli Pasta Sauce 340G,https://www.tesco.com/groceries/en-GB/shop/food-cupboard/all?department=Cooking%20Sauces%2C%20Meal%20Kits%20%26%20Sides&viewAll=department&page=,£1.70,£0.50/100g,,,/groceries/en-GB/products/260504542,https://digitalcontent.api.tesco.com/v2/media/ghs/8701cfaf-f82b-40fc-b74c-e7b0f8c5c0f7/b2070beb-695a-48f8-acdb-25b35c496b6f_913228508.jpeg?h=225&w=225,
268414820,Loyd Grossman Sweet Tomato Bhuna Curry Sauce 350G,https://www.tesco.com/groceries/en-GB/shop/food-cupboard/all?department=Cooking%20Sauces%2C%20Meal%20Kits%20%26%20Sides&viewAll=department&page=,£2.15,£0.62/100g,,,/groceries/en-GB/products/268414820,https://digitalcontent.api.tesco.com/v2/media/ghs/6ac02e99-2799-4457-a41f-b806b4854353/2952848f-75a1-4494-b8ec-51a940b27c0d_1080682265.jpeg?h=225&w=225,
263723053,Old El Paso Crispy Fajita Dinner Kit 555G,https://www.tesco.com/groceries/en-GB/shop/food-cupboard/all?department=Cooking%20Sauces%2C%20Meal%20Kits%20%26%20Sides&viewAll=department&page=,£3.19,£0.58/100g,,,/groceries/en-GB/products/263723053,https://digitalcontent.api.tesco.com/v2/media/ghs/63a38fcd-ae7d-47ef-80a3-b729eddb96eb/2216a7eb-72fb-41d1-9749-eed5bb42a775_237527170.jpeg?h=225&w=225,
256090557,Old El Paso Sliced Green Jalapenos 215G,https://www.tesco.com/groceries/en-GB/shop/food-cupboard/all?department=Cooking%20Sauces%2C%20Meal%20Kits%20%26%20Sides&viewAll=department&page=,£1.65,£1.44/100g DR.WT,,,/groceries/en-GB/products/256090557,https://digitalcontent.api.tesco.com/v2/media/ghs/67f28a34-898a-4b79-9dd6-cececc28044e/4508c1b1-2be0-4da4-aaf6-8eed04e6ba34_1463972416.jpeg?h=225&w=225,
297243950,Old El Paso Nachips Original 185G,https://www.tesco.com/groceries/en-GB/shop/food-cupboard/all?department=Cooking%20Sauces%2C%20Meal%20Kits%20%26%20Sides&viewAll=department&page=,£1.90,£1.03/100g,,,/groceries/en-GB/products/297243950,https://digitalcontent.api.tesco.com/v2/media/ghs/725b8bc1-d608-487f-835a-94ed5cce71f3/6780264c-cc7b-4d3d-8537-4a4f9c668955_1648305088.jpeg?h=225&w=225,
280364342,Tesco Korma Curry Paste 200G,https://www.tesco.com/groceries/en-GB/shop/food-cupboard/all?department=Cooking%20Sauces%2C%20Meal%20Kits%20%26%20Sides&viewAll=department&page=,£1.70,£0.85/100g,,,/groceries/en-GB/products/280364342,https://digitalcontent.api.tesco.com/v2/media/ghs/4beab12f-44c6-433c-b73e-673bd7366f4a/2ad8ebc4-85cb-4fef-84a9-a9c01fad1ea6_1204608356.jpeg?h=225&w=225,
309177853,Bens Original Sweet & Sour No Added Sugar Sauce 440G,https://www.tesco.com/groceries/en-GB/shop/food-cupboard/all?department=Cooking%20Sauces%2C%20Meal%20Kits%20%26%20Sides&viewAll=department&page=,£2.00,£0.46/100g,,,/groceries/en-GB/products/309177853,https://digitalcontent.api.tesco.com/v2/media/ghs/c7cab912-71d9-42cb-aef6-2edd9f03cb86/854bed17-2339-45f3-95af-cb6d95ec6f6e_1702701406.jpeg?h=225&w=225,
250537489,Loyd Grossman Green Thai Curry Sauce 350G,https://www.tesco.com/groceries/en-GB/shop/food-cupboard/all?department=Cooking%20Sauces%2C%20Meal%20Kits%20%26%20Sides&viewAll=department&page=,£2.15,£0.62/100g,,,/groceries/en-GB/products/250537489,https://digitalcontent.api.tesco.com/v2/media/ghs/f361585d-9cae-4b60-8f17-e0cfd04356d1/566e26a0-c926-4807-ba10-e35b1f9f5063_1999809469.jpeg?h=225&w=225,
309766565,Homepride No Added Sugar Tomato & Herb Pasta Bake 485G,https://www.tesco.com/groceries/en-GB/shop/food-cupboard/all?department=Cooking%20Sauces%2C%20Meal%20Kits%20%26%20Sides&viewAll=department&page=,£1.70,£0.35/100g,,,/groceries/en-GB/products/309766565,https://digitalcontent.api.tesco.com/v2/media/ghs/1ad1df25-b066-4d68-bfe6-2c2e108a52bc/85e9b01e-8e85-484a-9f47-1ea70a65396c_1363151420.jpeg?h=225&w=225,
250537535,Loyd Grossman Red Thai Curry Sauce 350G,https://www.tesco.com/groceries/en-GB/shop/food-cupboard/all?department=Cooking%20Sauces%2C%20Meal%20Kits%20%26%20Sides&viewAll=department&page=,£2.15,£0.62/100g,,,/groceries/en-GB/products/250537535,https://digitalcontent.api.tesco.com/v2/media/ghs/659a4afe-ddd8-443e-af16-60ec08dab3d8/e554919c-0a41-4570-9d4d-9bb4a07948e8_1408331275.jpeg?h=225&w=225,
307742118,Tesco Raita Dip 190G,https://www.tesco.com/groceries/en-GB/shop/food-cupboard/all?department=Cooking%20Sauces%2C%20Meal%20Kits%20%26%20Sides&viewAll=department&page=,£1.45,£0.76/100g,,,/groceries/en-GB/products/307742118,https://digitalcontent.api.tesco.com/v2/media/ghs/051c3266-3a78-4fde-80d3-d9d5f2804551/8ae95bed-468d-4a20-a785-29c2e091b6da_1517717979.jpeg?h=225&w=225,
257109997,Patak Lime Pickle Medium 283G,https://www.tesco.com/groceries/en-GB/shop/food-cupboard/all?department=Cooking%20Sauces%2C%20Meal%20Kits%20%26%20Sides&viewAll=department&page=,£2.30,£0.81/100g,,,/groceries/en-GB/products/257109997,https://digitalcontent.api.tesco.com/v2/media/ghs/936fd1ba-be9b-42da-8c49-8c7362a01470/cada4d70-6fbe-4af6-90d8-67a85953f382_1685985934.jpeg?h=225&w=225,
256293496,Colman's Onion Sauce Mix 35G,https://www.tesco.com/groceries/en-GB/shop/food-cupboard/all?department=Cooking%20Sauces%2C%20Meal%20Kits%20%26%20Sides&viewAll=department&page=,£0.90,£2.58/100g,,,/groceries/en-GB/products/256293496,https://digitalcontent.api.tesco.com/v2/media/ghs/88ce0b42-e5d1-4257-bb90-a230f130f0c9/bb673db5-ba7f-4829-bf77-5643737c42e7_857765911.jpeg?h=225&w=225,
292761880,Tesco Hot Fajita Seasoning 30G,https://www.tesco.com/groceries/en-GB/shop/food-cupboard/all?department=Cooking%20Sauces%2C%20Meal%20Kits%20%26%20Sides&viewAll=department&page=,£0.80,£0.27/10g,,,/groceries/en-GB/products/292761880,https://digitalcontent.api.tesco.com/v2/media/ghs/358f9a92-3a0f-4af3-bec6-3e2e8f0dda3d/b7212b84-44fe-43de-9a03-ac92de4219e4_858499854.jpeg?h=225&w=225,
258047601,Sharwoods Szechuan Kung Po Sauce 425G,https://www.tesco.com/groceries/en-GB/shop/food-cupboard/all?department=Cooking%20Sauces%2C%20Meal%20Kits%20%26%20Sides&viewAll=department&page=,£1.80,£0.42/100g,,,/groceries/en-GB/products/258047601,https://digitalcontent.api.tesco.com/v2/media/ghs/c59543e5-083b-4347-a0ef-60bd636d1ecb/c9315322-deec-4028-a80d-a1cfb119a616_47304678.jpeg?h=225&w=225,
253538898,Dolmio Bolognese Intense Chilli Pasta Sauce 500G,https://www.tesco.com/groceries/en-GB/shop/food-cupboard/all?department=Cooking%20Sauces%2C%20Meal%20Kits%20%26%20Sides&viewAll=department&page=,£2.00,£0.40/100g,Buy Dolmio Sauce 470g/500g and Save 95p on Tesco Core Pasta 500g Clubcard Price,,/groceries/en-GB/products/253538898,https://digitalcontent.api.tesco.com/v2/media/ghs/0551c584-e61d-4fac-b5c0-ab0267cc7a23/f4f7c0c2-8ad1-4eeb-826f-7096db7a9018_1771786716.jpeg?h=225&w=225,
274747676,Pataks Madras Sauce 450G,https://www.tesco.com/groceries/en-GB/shop/food-cupboard/all?department=Cooking%20Sauces%2C%20Meal%20Kits%20%26%20Sides&viewAll=department&page=,£1.85,£0.41/100g,,,/groceries/en-GB/products/274747676,https://digitalcontent.api.tesco.com/v2/media/ghs/20e2e2d9-073e-4f47-b9e0-c7d92fc74cd3/66c59690-ed1c-42e6-92a0-1a08cc432a77_727174287.jpeg?h=225&w=225,
253391528,Amoy Reduced Salt Soy Sauce 150Ml,https://www.tesco.com/groceries/en-GB/shop/food-cupboard/all?department=Cooking%20Sauces%2C%20Meal%20Kits%20%26%20Sides&viewAll=department&page=,£1.50,£1.00/100ml,£1.00 Clubcard Price,,/groceries/en-GB/products/253391528,https://digitalcontent.api.tesco.com/v2/media/ghs/5a10be94-c20d-4e4b-80e5-b94cc2412c6a/c1bea398-b449-437d-af5d-68b4dd7af997_508498161.jpeg?h=225&w=225,
300601251,Tesco Finest Carbonara Pasta Sauce 340G,https://www.tesco.com/groceries/en-GB/shop/food-cupboard/all?department=Cooking%20Sauces%2C%20Meal%20Kits%20%26%20Sides&viewAll=department&page=,£1.70,£0.50/100g,,,/groceries/en-GB/products/300601251,https://digitalcontent.api.tesco.com/v2/media/ghs/c28c64be-0140-4e1b-bb22-4a539fba0713/06cbcc02-d9b3-4889-bca6-eabf289fe191_902244792.jpeg?h=225&w=225,
273261900,Tesco Tortilla Chips Lightly Salted 175G,https://www.tesco.com/groceries/en-GB/shop/food-cupboard/all?department=Cooking%20Sauces%2C%20Meal%20Kits%20%26%20Sides&viewAll=department&page=,£0.75,£0.43/100g,,,/groceries/en-GB/products/273261900,https://digitalcontent.api.tesco.com/v2/media/ghs/0a49e4b7-93e7-4bb4-a231-59177494c486/3c00efa0-d751-4078-88d9-3984bba41afb_562322117.jpeg?h=225&w=225,
267681008,Old El Paso Crispyckn Fajita Spice Mix 85G,https://www.tesco.com/groceries/en-GB/shop/food-cupboard/all?department=Cooking%20Sauces%2C%20Meal%20Kits%20%26%20Sides&viewAll=department&page=,£1.00,£1.18/100g,,,/groceries/en-GB/products/267681008,https://digitalcontent.api.tesco.com/v2/media/ghs/ee8623b9-d480-4bd9-b46d-2eba18775eaa/ef29692e-dba9-4155-951b-cccb4618c386_125684369.jpeg?h=225&w=225,
303693527,Yo! Teriyaki Sweet & Sticky Stir Fry Sauce 100G,https://www.tesco.com/groceries/en-GB/shop/food-cupboard/all?department=Cooking%20Sauces%2C%20Meal%20Kits%20%26%20Sides&viewAll=department&page=,£1.05,£1.05/100g,75p Clubcard Price,,/groceries/en-GB/products/303693527,https://digitalcontent.api.tesco.com/v2/media/ghs/ae44dba0-ef66-4140-9c4d-c88e535828a2/3872c7c6-129b-4d7f-b339-fec5cfd37e49_1307085508.jpeg?h=225&w=225,
252548450,Tesco Madras Cooking Sauce 500G,https://www.tesco.com/groceries/en-GB/shop/food-cupboard/all?department=Cooking%20Sauces%2C%20Meal%20Kits%20%26%20Sides&viewAll=department&page=,£1.00,£0.20/100g,,,/groceries/en-GB/products/252548450,https://digitalcontent.api.tesco.com/v2/media/ghs/9129b05f-f214-46e5-95d8-e855bc5b9eba/6db573b4-05ff-43bf-8efd-5b6dee618418_377331241.jpeg?h=225&w=225,
297117949,Tesco Free From Cheese Flavour Sauce Mix 36G,https://www.tesco.com/groceries/en-GB/shop/food-cupboard/all?department=Cooking%20Sauces%2C%20Meal%20Kits%20%26%20Sides&viewAll=department&page=,£0.55,£1.53/100g,,,/groceries/en-GB/products/297117949,https://digitalcontent.api.tesco.com/v2/media/ghs/412aedac-cdd0-4267-995b-2a61bc291cec/8e1665ed-5da8-4073-9b92-a0bcfd2ecce8_2039982727.jpeg?h=225&w=225,
305249873,Tesco Creamy Mushroom Cooking Sauce 480G,https://www.tesco.com/groceries/en-GB/shop/food-cupboard/all?department=Cooking%20Sauces%2C%20Meal%20Kits%20%26%20Sides&viewAll=department&page=,£1.10,£0.23/100g,,,/groceries/en-GB/products/305249873,https://digitalcontent.api.tesco.com/v2/media/ghs/94aea8e3-99f1-4ad5-af28-082d7a17954c/c05eacc9-5d90-424f-bbaf-bd8a5d10409a_886506459.jpeg?h=225&w=225,
272492265,Tesco Mild Guacamole Topping 285G,https://www.tesco.com/groceries/en-GB/shop/food-cupboard/all?department=Cooking%20Sauces%2C%20Meal%20Kits%20%26%20Sides&viewAll=department&page=,£1.40,£0.49/100g,,,/groceries/en-GB/products/272492265,https://digitalcontent.api.tesco.com/v2/media/ghs/0895b40a-fc10-4b62-9d6c-16a1f45e2049/d81c30cc-327b-413e-a864-c1c9bea2f92b_1765313467.jpeg?h=225&w=225,
300601562,Tesco Low Fat Tikka Masala Sauce 500G,https://www.tesco.com/groceries/en-GB/shop/food-cupboard/all?department=Cooking%20Sauces%2C%20Meal%20Kits%20%26%20Sides&viewAll=department&page=,£1.00,£0.20/100g,,,/groceries/en-GB/products/300601562,https://digitalcontent.api.tesco.com/v2/media/ghs/a6f1b746-2157-4eee-aced-4aa0d1ab0592/1271bdda-4f69-4c51-910a-d6ccd67bd980_353222295.jpeg?h=225&w=225,
289670103,Blue Dragon 3 Step Thai Green Curry 253G,https://www.tesco.com/groceries/en-GB/shop/food-cupboard/all?department=Cooking%20Sauces%2C%20Meal%20Kits%20%26%20Sides&viewAll=department&page=,£3.10,£1.23/100g,,,/groceries/en-GB/products/289670103,https://digitalcontent.api.tesco.com/v2/media/ghs/197a88b4-330f-4392-a9fb-eb8741b97d79/f9487b53-7224-4a04-826e-2526ed2f6311_27974804.jpeg?h=225&w=225,
253804451,Pataks 10 Papadums Plain 100G,https://www.tesco.com/groceries/en-GB/shop/food-cupboard/all?department=Cooking%20Sauces%2C%20Meal%20Kits%20%26%20Sides&viewAll=department&page=,£2.30,£2.30/100g,,,/groceries/en-GB/products/253804451,https://digitalcontent.api.tesco.com/v2/media/ghs/2811a89a-7b8a-495b-8345-afaef1125fb1/60d0a2d6-e521-4df0-be9e-d8c4b920902c_1671759795.jpeg?h=225&w=225,
272655690,Sharwoods Hoisin Marinade Sauce 290G,https://www.tesco.com/groceries/en-GB/shop/food-cupboard/all?department=Cooking%20Sauces%2C%20Meal%20Kits%20%26%20Sides&viewAll=department&page=,£2.50,£0.86/100g,,,/groceries/en-GB/products/272655690,https://digitalcontent.api.tesco.com/v2/media/ghs/7b648636-56f8-45e7-a6cb-8b78c8877d7a/d55f9401-c2a9-42ad-8644-b8bc1a9ebd9a_1072642021.jpeg?h=225&w=225,
254968773,Kikkoman Soy Sauce 250Ml,https://www.tesco.com/groceries/en-GB/shop/food-cupboard/all?department=Cooking%20Sauces%2C%20Meal%20Kits%20%26%20Sides&viewAll=department&page=,£3.05,£1.22/100ml,,,/groceries/en-GB/products/254968773,https://digitalcontent.api.tesco.com/v2/media/ghs/068353c4-291a-491f-82b5-2835a49caea5/a5e1bb2a-adae-4b26-91dc-a166813e3ebd_479029280.jpeg?h=225&w=225,
304404017,Gran Luchito Lightly Salted Tortilla Chips 170G,https://www.tesco.com/groceries/en-GB/shop/food-cupboard/all?department=Cooking%20Sauces%2C%20Meal%20Kits%20%26%20Sides&viewAll=department&page=,£2.65,£1.56/100g,,,/groceries/en-GB/products/304404017,https://digitalcontent.api.tesco.com/v2/media/ghs/c1164f36-9707-461c-adc2-4d371f28d266/0fef3f1b-3d24-4043-8e92-773051e81045_1196182635.jpeg?h=225&w=225,
283086082,Homepride Red Wine Can 400G,https://www.tesco.com/groceries/en-GB/shop/food-cupboard/all?department=Cooking%20Sauces%2C%20Meal%20Kits%20%26%20Sides&viewAll=department&page=,£2.00,£0.50/100g,,,/groceries/en-GB/products/283086082,https://digitalcontent.api.tesco.com/v2/media/ghs/7f7740af-889b-4866-a207-be474103b197/cb15a56d-d0eb-4cf8-8992-8aa7e75b73cd_603740835.jpeg?h=225&w=225,
252354673,Sharwoods Real Oyster Sauce 150Ml,https://www.tesco.com/groceries/en-GB/shop/food-cupboard/all?department=Cooking%20Sauces%2C%20Meal%20Kits%20%26%20Sides&viewAll=department&page=,£2.20,£1.47/100ml,,,/groceries/en-GB/products/252354673,https://digitalcontent.api.tesco.com/v2/media/ghs/0ec57972-7ddf-413b-a33f-825e39e32cf9/6f586549-cbc8-40ae-9fa0-05b5cec11c76_1656637102.jpeg?h=225&w=225,
264860752,Sacla Fiery Chilli Pesto 190G,https://www.tesco.com/groceries/en-GB/shop/food-cupboard/all?department=Cooking%20Sauces%2C%20Meal%20Kits%20%26%20Sides&viewAll=department&page=,£2.80,£1.48/100g,£2.25 Clubcard Price,,/groceries/en-GB/products/264860752,https://digitalcontent.api.tesco.com/v2/media/ghs/a963feb2-ca61-4ca9-bee0-d73e8873d6f2/ed48b1b3-4a98-414c-8cd2-79d1ee2cc41b_341364693.jpeg?h=225&w=225,
309172207,Bens Original Sweet & Sour Sauce 675G,https://www.tesco.com/groceries/en-GB/shop/food-cupboard/all?department=Cooking%20Sauces%2C%20Meal%20Kits%20%26%20Sides&viewAll=department&page=,£2.70,£0.40/100g,,,/groceries/en-GB/products/309172207,https://digitalcontent.api.tesco.com/v2/media/ghs/d3032d49-73e4-461f-9b44-fde27b95cf01/368902a0-3c38-4522-bc0b-f40e6299b012_1912878984.jpeg?h=225&w=225,
266578951,Tesco Finest Sundried Tomato Pesto Rosso 190G,https://www.tesco.com/groceries/en-GB/shop/food-cupboard/all?department=Cooking%20Sauces%2C%20Meal%20Kits%20%26%20Sides&viewAll=department&page=,£2.10,£1.11/100g,,,/groceries/en-GB/products/266578951,https://digitalcontent.api.tesco.com/v2/media/ghs/e9eb6f83-2981-4461-bdb7-921dcacb3e44/c7af45e2-85f5-4e06-aafb-e776eb71fb76_1897901126.jpeg?h=225&w=225,
310151047,Loyd Grossman Tomato Basil Oregano Pizza Topping 350G,https://www.tesco.com/groceries/en-GB/shop/food-cupboard/all?department=Cooking%20Sauces%2C%20Meal%20Kits%20%26%20Sides&viewAll=department&page=,£2.50,£0.72/100g,,,/groceries/en-GB/products/310151047,https://digitalcontent.api.tesco.com/v2/media/ghs/ac99631e-f25b-473a-b242-8b44e15417fb/54d4bf8d-bb44-4009-b66b-9727e11d2bd1_25150831.jpeg?h=225&w=225,
301324076,Loyd Grossman No Added Sugar Tomato & Chilli Sauce 350G,https://www.tesco.com/groceries/en-GB/shop/food-cupboard/all?department=Cooking%20Sauces%2C%20Meal%20Kits%20%26%20Sides&viewAll=department&page=,£1.90,£0.54/100g,,,/groceries/en-GB/products/301324076,https://digitalcontent.api.tesco.com/v2/media/ghs/120ec2c3-aafd-41b5-a7a6-7d0e2d96302b/e9292af4-09f3-4198-b357-f6fe00eb0a24_1647044402.jpeg?h=225&w=225,
255714243,Seeds Of Change Tomato & Basil Organic Pasta Sauce 500G,https://www.tesco.com/groceries/en-GB/shop/food-cupboard/all?department=Cooking%20Sauces%2C%20Meal%20Kits%20%26%20Sides&viewAll=department&page=,£2.40,£0.48/100g,,,/groceries/en-GB/products/255714243,https://digitalcontent.api.tesco.com/v2/media/ghs/09fdca77-d7e1-4435-8925-ec3aeda73fa3/ef74cc16-1a49-4744-8cf6-3d29e59aebd7.jpeg?h=225&w=225,
289623609,The Spice Tailor Butter Chicken Mild Curry 300G,https://www.tesco.com/groceries/en-GB/shop/food-cupboard/all?department=Cooking%20Sauces%2C%20Meal%20Kits%20%26%20Sides&viewAll=department&page=,£3.15,£1.05/100g,£2.50 Clubcard Price,,/groceries/en-GB/products/289623609,https://digitalcontent.api.tesco.com/v2/media/ghs/d0ee5dff-d6db-469d-a419-cb02ad77cfcd/07b271a3-2e84-49b2-88f9-0c383332e031_1809271034.jpeg?h=225&w=225,
305969838,Old El Paso 8 Tortilla Pockets 223G,https://www.tesco.com/groceries/en-GB/shop/food-cupboard/all?department=Cooking%20Sauces%2C%20Meal%20Kits%20%26%20Sides&viewAll=department&page=,£2.70,£1.22/100g,,,/groceries/en-GB/products/305969838,https://digitalcontent.api.tesco.com/v2/media/ghs/94505ae4-9bda-4be9-8ccb-a6f400c25ce5/5a68ff6c-1d36-4b28-8cd2-beb0e67b3f6e_293089413.jpeg?h=225&w=225,
256197078,Dolmio Bolognese Ori Low Fat Pasta Sauce 750G,https://www.tesco.com/groceries/en-GB/shop/food-cupboard/all?department=Cooking%20Sauces%2C%20Meal%20Kits%20%26%20Sides&viewAll=department&page=,£2.50,£0.33/100g,,,/groceries/en-GB/products/256197078,https://digitalcontent.api.tesco.com/v2/media/ghs/45cec0a9-fa35-4dc2-9da5-bad15baf2f94/f9e22f61-9e8c-47c6-b4df-045abe780f20_410179578.jpeg?h=225&w=225,
253230052,Dolmio Carbonara Pouch Pasta Sauce 150G,https://www.tesco.com/groceries/en-GB/shop/food-cupboard/all?department=Cooking%20Sauces%2C%20Meal%20Kits%20%26%20Sides&viewAll=department&page=,£1.80,£1.20/100g,,,/groceries/en-GB/products/253230052,https://digitalcontent.api.tesco.com/v2/media/ghs/07ef4f90-c48a-4370-a9a2-18e6767326d5/d924220c-ca1e-4904-8943-77b9b6f9906c_1550376164.jpeg?h=225&w=225,
283222342,Filippo Berio Sundried Tomato Pesto 190G,https://www.tesco.com/groceries/en-GB/shop/food-cupboard/all?department=Cooking%20Sauces%2C%20Meal%20Kits%20%26%20Sides&viewAll=department&page=,£2.80,£1.48/100g,,,/groceries/en-GB/products/283222342,https://digitalcontent.api.tesco.com/v2/media/ghs/b58afdea-158f-4d26-92e9-116f2c23faff/8b69bc14-a7f0-4fd8-b318-11e75defad18_1850001142.jpeg?h=225&w=225,
256380681,Pataks Plain Chapattis 6'S,https://www.tesco.com/groceries/en-GB/shop/food-cupboard/all?department=Cooking%20Sauces%2C%20Meal%20Kits%20%26%20Sides&viewAll=department&page=,£1.70,£0.28/each,,,/groceries/en-GB/products/256380681,https://digitalcontent.api.tesco.com/v2/media/ghs/1dfcb71e-9984-4b6b-a98a-3217105d47ff/b0498fe4-2e55-4c89-9c5c-5423e97174fb.jpeg?h=225&w=225,
305523721,Belazu Balsamic Sun Dried Tomato Paste 130G,https://www.tesco.com/groceries/en-GB/shop/food-cupboard/all?department=Cooking%20Sauces%2C%20Meal%20Kits%20%26%20Sides&viewAll=department&page=,£2.30,£1.77/100g,,,/groceries/en-GB/products/305523721,https://digitalcontent.api.tesco.com/v2/media/ghs/ce2b6528-5899-4712-aebb-628038c7fb31/bc56f8bf-7e37-4443-b2ac-db58dba8adaa_1494881719.jpeg?h=225&w=225,
251977346,Pataks Balti Paste 283G,https://www.tesco.com/groceries/en-GB/shop/food-cupboard/all?department=Cooking%20Sauces%2C%20Meal%20Kits%20%26%20Sides&viewAll=department&page=,£2.80,£0.99/100g,,,/groceries/en-GB/products/251977346,https://digitalcontent.api.tesco.com/v2/media/ghs/2db6a6fd-d49c-4d4a-a065-ce6d26a611b8/eff14cc5-a583-4ba7-a824-91697eaf5913_408101969.jpeg?h=225&w=225,
254869435,Pataks Madras Spice Paste Medium Hot Jar 283G,https://www.tesco.com/groceries/en-GB/shop/food-cupboard/all?department=Cooking%20Sauces%2C%20Meal%20Kits%20%26%20Sides&viewAll=department&page=,£2.80,£0.99/100g,,,/groceries/en-GB/products/254869435,https://digitalcontent.api.tesco.com/v2/media/ghs/2741db11-e09c-4017-b3c0-68f507fa5a1d/0e19d75d-99a1-4130-ab50-12d785052272_2032598563.jpeg?h=225&w=225,
305253677,Kingfisher Oriental Light Coconut Milk 200Ml,https://www.tesco.com/groceries/en-GB/shop/food-cupboard/all?department=Cooking%20Sauces%2C%20Meal%20Kits%20%26%20Sides&viewAll=department&page=,£1.15,£0.58/100ml,,,/groceries/en-GB/products/305253677,https://digitalcontent.api.tesco.com/v2/media/ghs/69805029-4012-45d8-abb9-0ccad66b8a52/1890cbba-275f-4e38-a59e-ba116b2ca289_1125974638.jpeg?h=225&w=225,
268508272,Loyd Grossman Madras Curry Sauce 350G,https://www.tesco.com/groceries/en-GB/shop/food-cupboard/all?department=Cooking%20Sauces%2C%20Meal%20Kits%20%26%20Sides&viewAll=department&page=,£2.15,£0.62/100g,,,/groceries/en-GB/products/268508272,https://digitalcontent.api.tesco.com/v2/media/ghs/a919457e-85a2-4f21-8937-246e63e8691f/09d98ca4-05dd-48ec-ae68-b05c47e32068_1725788724.jpeg?h=225&w=225,
302278543,Loyd Grossman No Added Sugar Bolognese 350G,https://www.tesco.com/groceries/en-GB/shop/food-cupboard/all?department=Cooking%20Sauces%2C%20Meal%20Kits%20%26%20Sides&viewAll=department&page=,£1.90,£0.54/100g,,,/groceries/en-GB/products/302278543,https://digitalcontent.api.tesco.com/v2/media/ghs/db8cb9ae-72dd-48b9-af01-2ab645d32e7f/13862879-d1c3-40d1-86e0-0cfbb1b27fad_1520091793.jpeg?h=225&w=225,
258808646,Old Elpaso Thick & Chunky Salsa Mild 226G,https://www.tesco.com/groceries/en-GB/shop/food-cupboard/all?department=Cooking%20Sauces%2C%20Meal%20Kits%20%26%20Sides&viewAll=department&page=,£1.75,£0.78/100g,,,/groceries/en-GB/products/258808646,https://digitalcontent.api.tesco.com/v2/media/ghs/123e5e35-7a56-477d-9594-05d7c90d4689/a2e15f43-d349-48d0-abda-48a0f1e9ac56_1335932424.jpeg?h=225&w=225,
276887230,Sharwoods Poppadom Garlic & Coriander 8 Pack,https://www.tesco.com/groceries/en-GB/shop/food-cupboard/all?department=Cooking%20Sauces%2C%20Meal%20Kits%20%26%20Sides&viewAll=department&page=,£2.00,£0.25/each,,,/groceries/en-GB/products/276887230,https://digitalcontent.api.tesco.com/v2/media/ghs/fe85b989-f3e4-4f9e-8109-985cd15edb0c/043b73ba-5847-4bc9-abf0-11c33470809b_10858213.jpeg?h=225&w=225,
303126895,Blue Dragon Sweet Teriyaki Sauce 190Ml,https://www.tesco.com/groceries/en-GB/shop/food-cupboard/all?department=Cooking%20Sauces%2C%20Meal%20Kits%20%26%20Sides&viewAll=department&page=,£1.75,£0.92/100ml,,,/groceries/en-GB/products/303126895,https://digitalcontent.api.tesco.com/v2/media/ghs/60780c3f-6036-4a3f-a6f3-4c3a792687c0/414e7794-d31a-484d-8b16-986b131a6175_1495417194.jpeg?h=225&w=225,
312221906,Tesco Laksa Curry Paste 200G,https://www.tesco.com/groceries/en-GB/shop/food-cupboard/all?department=Cooking%20Sauces%2C%20Meal%20Kits%20%26%20Sides&viewAll=department&page=,£1.80,£0.90/100g,,New,/groceries/en-GB/products/312221906,https://digitalcontent.api.tesco.com/v2/media/ghs-mktg/b0b04216-fa73-466d-a9d7-c9fcfa1ce9b3/no-image.jpeg,
264555273,Sharwwods Chinese Curry 425G,https://www.tesco.com/groceries/en-GB/shop/food-cupboard/all?department=Cooking%20Sauces%2C%20Meal%20Kits%20%26%20Sides&viewAll=department&page=,£1.80,£0.42/100g,,,/groceries/en-GB/products/264555273,https://digitalcontent.api.tesco.com/v2/media/ghs/d3f2f220-bf80-4a92-8142-c0b44ae2990b/1bb4f06d-7fee-4fb4-8895-8f37fe0ebd21_413548653.jpeg?h=225&w=225,
289669872,Blue Dragon Thai Green Paste Pot 50G,https://www.tesco.com/groceries/en-GB/shop/food-cupboard/all?department=Cooking%20Sauces%2C%20Meal%20Kits%20%26%20Sides&viewAll=department&page=,£1.20,£2.40/100g,,,/groceries/en-GB/products/289669872,https://digitalcontent.api.tesco.com/v2/media/ghs/61f1b479-f96f-4cc0-9619-2aba80629854/a6fd2116-6c81-44c2-9723-79eeacb52b3b_547967526.jpeg?h=225&w=225,
253538915,Dolmio Bolognese Chunky Mushroom Pasta Sauce 500G,https://www.tesco.com/groceries/en-GB/shop/food-cupboard/all?department=Cooking%20Sauces%2C%20Meal%20Kits%20%26%20Sides&viewAll=department&page=,£2.00,£0.40/100g,Buy Dolmio Sauce 470g/500g and Save 95p on Tesco Core Pasta 500g Clubcard Price,,/groceries/en-GB/products/253538915,https://digitalcontent.api.tesco.com/v2/media/ghs/fa01916a-1bf6-4d41-9231-e7e22dd8e683/39f30e4a-df16-4eb9-a2e8-ccbd67cef893_50796579.jpeg?h=225&w=225,
307737010,Tesco Refried Beans 392G,https://www.tesco.com/groceries/en-GB/shop/food-cupboard/all?department=Cooking%20Sauces%2C%20Meal%20Kits%20%26%20Sides&viewAll=department&page=,£1.30,£0.33/100g DR.WT,,,/groceries/en-GB/products/307737010,https://digitalcontent.api.tesco.com/v2/media/ghs/3f5fd263-1180-4d2b-b176-471f1b176f9d/668c3775-a007-4b04-a593-c1c14cfbf80d_1256908295.jpeg?h=225&w=225,
278777098,Colman's Pepper Sauce Mix 40G,https://www.tesco.com/groceries/en-GB/shop/food-cupboard/all?department=Cooking%20Sauces%2C%20Meal%20Kits%20%26%20Sides&viewAll=department&page=,£0.90,£2.25/100g,,,/groceries/en-GB/products/278777098,https://digitalcontent.api.tesco.com/v2/media/ghs/91373b0c-663e-44fd-804b-7c758ffde979/d28dd2a2-3829-4f31-a0ac-dd7d3f7d11be_1947294837.jpeg?h=225&w=225,
311214099,Tesco 2 Plain Laffa Style Flatbreads,https://www.tesco.com/groceries/en-GB/shop/food-cupboard/all?department=Cooking%20Sauces%2C%20Meal%20Kits%20%26%20Sides&viewAll=department&page=,£1.20,£0.60/each,,,/groceries/en-GB/products/311214099,https://digitalcontent.api.tesco.com/v2/media/ghs/f9dd29a4-24dd-4977-9dfa-a3d191ec7911/e826fbae-ecda-4164-885f-3016e000d26b_25382646.jpeg?h=225&w=225,
304413755,Sharwoods Butter Chicken Cooking Sauce 420G,https://www.tesco.com/groceries/en-GB/shop/food-cupboard/all?department=Cooking%20Sauces%2C%20Meal%20Kits%20%26%20Sides&viewAll=department&page=,£2.15,£0.51/100g,£1.25 Clubcard Price,,/groceries/en-GB/products/304413755,https://digitalcontent.api.tesco.com/v2/media/ghs/59b5542c-40d7-4685-948b-c2abdbd9d6ba/58fa6328-0737-49c6-944b-a628579f4184_1214687245.jpeg?h=225&w=225,
307740685,Sharwoods Stir Fry Sauce 30% Less Sugar Sweet Chilli Garlic 120G,https://www.tesco.com/groceries/en-GB/shop/food-cupboard/all?department=Cooking%20Sauces%2C%20Meal%20Kits%20%26%20Sides&viewAll=department&page=,£0.90,£0.75/100g,,,/groceries/en-GB/products/307740685,https://digitalcontent.api.tesco.com/v2/media/ghs/ec97b1d5-6f66-4ce4-903a-ea9d15c47305/87bb1587-ed71-4f05-aed1-1cee9cd98018_1866634900.jpeg?h=225&w=225,
272492530,Tesco Mild Salsa Topping 290G,https://www.tesco.com/groceries/en-GB/shop/food-cupboard/all?department=Cooking%20Sauces%2C%20Meal%20Kits%20%26%20Sides&viewAll=department&page=,£1.40,£0.48/100g,,,/groceries/en-GB/products/272492530,https://digitalcontent.api.tesco.com/v2/media/ghs/aca299dc-f57b-4b49-9446-3c8d66101e83/66b08742-45a6-4cb8-89a8-2221c1e0cc70_623553927.jpeg?h=225&w=225,
309169391,Blue Dragon Korean Bbq Stir Fry Sauce 120G,https://www.tesco.com/groceries/en-GB/shop/food-cupboard/all?department=Cooking%20Sauces%2C%20Meal%20Kits%20%26%20Sides&viewAll=department&page=,£0.90,£0.75/100g,,,/groceries/en-GB/products/309169391,https://digitalcontent.api.tesco.com/v2/media/ghs/46c9dd3a-2774-41a1-89bc-78fd751ce1e0/63876e73-0e7e-4bff-81f7-b3c4b25b3730_791941297.jpeg?h=225&w=225,
308104429,Colman's Chinese Chicken Curry Recipe Mix 47G,https://www.tesco.com/groceries/en-GB/shop/food-cupboard/all?department=Cooking%20Sauces%2C%20Meal%20Kits%20%26%20Sides&viewAll=department&page=,£1.00,£2.13/100g,65p Clubcard Price,,/groceries/en-GB/products/308104429,https://digitalcontent.api.tesco.com/v2/media/ghs/c55c0ec5-88a6-4593-ac0a-e3aaaa251e38/a2fd2c78-5295-4aa7-91b6-1323bea1ba0a_1889938605.jpeg?h=225&w=225,
297334070,Tesco Spanish Chicken Sauce 500G,https://www.tesco.com/groceries/en-GB/shop/food-cupboard/all?department=Cooking%20Sauces%2C%20Meal%20Kits%20%26%20Sides&viewAll=department&page=,£1.10,£0.22/100g,,,/groceries/en-GB/products/297334070,https://digitalcontent.api.tesco.com/v2/media/ghs/97900df3-2521-40bc-8627-7f77523b11b0/2454986a-4d9a-4d23-8a66-fdddca185cd3_767453891.jpeg?h=225&w=225,
300601429,Tesco Reduced Sugar Sweet & Sour Cooking Sauce 500G,https://www.tesco.com/groceries/en-GB/shop/food-cupboard/all?department=Cooking%20Sauces%2C%20Meal%20Kits%20%26%20Sides&viewAll=department&page=,£1.00,£0.20/100g,,,/groceries/en-GB/products/300601429,https://digitalcontent.api.tesco.com/v2/media/ghs/6b96f7e2-b069-460d-a93a-ce8e3f863593/87ff7d53-d99d-4dcb-8b78-87e06d5ec639_844189676.jpeg?h=225&w=225,
311790057,Mezeast 8 Shawarma Wrap Kit 420G,https://www.tesco.com/groceries/en-GB/shop/food-cupboard/all?department=Cooking%20Sauces%2C%20Meal%20Kits%20%26%20Sides&viewAll=department&page=,£3.60,£0.86/100g,,,/groceries/en-GB/products/311790057,https://digitalcontent.api.tesco.com/v2/media/ghs/bba1d3d3-f6d4-4758-9e82-f150a62653f4/4be842c8-3fd7-45e9-838e-e8e35c786763_2112917706.jpeg?h=225&w=225,
250490888,Pataks Creamed Coconut Sachets 200G,https://www.tesco.com/groceries/en-GB/shop/food-cupboard/all?department=Cooking%20Sauces%2C%20Meal%20Kits%20%26%20Sides&viewAll=department&page=,£2.80,£1.40/100g,,,/groceries/en-GB/products/250490888,https://digitalcontent.api.tesco.com/v2/media/ghs/8a2baea7-52a5-4d5e-a828-f6abfabf857e/936cb698-e029-4d36-abdf-9f45fa09341d_577288212.jpeg?h=225&w=225,
310126510,Loyd Grossman Reduced Fat White Lasagne Sauce 440G,https://www.tesco.com/groceries/en-GB/shop/food-cupboard/all?department=Cooking%20Sauces%2C%20Meal%20Kits%20%26%20Sides&viewAll=department&page=,£2.50,£0.57/100g,,,/groceries/en-GB/products/310126510,https://digitalcontent.api.tesco.com/v2/media/ghs/b0b2b269-e23c-4a3e-bc3c-88a76b67b9b6/79d09404-d25a-4c38-ba7f-60e0ed415d07_317489469.jpeg?h=225&w=225,
311687742,Al'fez Harissa Paste 180G,https://www.tesco.com/groceries/en-GB/shop/food-cupboard/all?department=Cooking%20Sauces%2C%20Meal%20Kits%20%26%20Sides&viewAll=department&page=,£2.95,£1.64/100g,,,/groceries/en-GB/products/311687742,https://digitalcontent.api.tesco.com/v2/media/ghs/b5e8c079-4175-498d-9d3f-18320c250ae5/a7d1218b-b046-488d-af4a-836416870452_787111717.jpeg?h=225&w=225,
279768919,Cypressa Tahini 300G,https://www.tesco.com/groceries/en-GB/shop/food-cupboard/all?department=Cooking%20Sauces%2C%20Meal%20Kits%20%26%20Sides&viewAll=department&page=,£2.75,£0.92/100g,,,/groceries/en-GB/products/279768919,https://digitalcontent.api.tesco.com/v2/media/ghs/47f0a9e4-bf7e-4247-ae40-5442c7403ddb/eb8cdf23-629b-450f-8731-337c98d45086_2076856184.jpeg?h=225&w=225,
255094779,Sacla Organic Basil Pesto 190G,https://www.tesco.com/groceries/en-GB/shop/food-cupboard/all?department=Cooking%20Sauces%2C%20Meal%20Kits%20%26%20Sides&viewAll=department&page=,£3.00,£1.58/100g,£2.50 Clubcard Price,,/groceries/en-GB/products/255094779,https://digitalcontent.api.tesco.com/v2/media/ghs/2b5ede55-323a-4154-857b-d5d686fbfb03/d2a30f71-6491-4dc6-83cb-50650bcb1158_1663357134.jpeg?h=225&w=225,
309754199,Thai Taste Pad Thai Meal Kit 232G,https://www.tesco.com/groceries/en-GB/shop/food-cupboard/all?department=Cooking%20Sauces%2C%20Meal%20Kits%20%26%20Sides&viewAll=department&page=,£2.50,£1.08/100g,,,/groceries/en-GB/products/309754199,https://digitalcontent.api.tesco.com/v2/media/ghs/a14a1523-68da-4e03-9221-afc7a8e54466/4b0c57c3-6a7b-4f26-88b4-59da931ecf44_1817812845.jpeg?h=225&w=225,
306824719,Al'fez Moroccan Meatball Sauce 450G,https://www.tesco.com/groceries/en-GB/shop/food-cupboard/all?department=Cooking%20Sauces%2C%20Meal%20Kits%20%26%20Sides&viewAll=department&page=,£2.25,£0.50/100g,,,/groceries/en-GB/products/306824719,https://digitalcontent.api.tesco.com/v2/media/ghs/b547e495-7850-4d20-95f0-1cc55363d060/371e6a0c-2f66-40bd-9da6-62eaf7b59f34_1726884950.jpeg?h=225&w=225,
305053804,Thai Dragon Sweet Chilli Sauce 455Ml,https://www.tesco.com/groceries/en-GB/shop/food-cupboard/all?department=Cooking%20Sauces%2C%20Meal%20Kits%20%26%20Sides&viewAll=department&page=,£2.50,£0.55/100ml,,,/groceries/en-GB/products/305053804,https://digitalcontent.api.tesco.com/v2/media/ghs/ccf0ac04-d1a3-48e0-b31c-9e36f0ff444e/2a0e8f86-72dc-4fca-a7ff-6d323216957d_824041542.jpeg?h=225&w=225,
262284763,Kikkoman Soy Sauce Less Salt 150Ml,https://www.tesco.com/groceries/en-GB/shop/food-cupboard/all?department=Cooking%20Sauces%2C%20Meal%20Kits%20%26%20Sides&viewAll=department&page=,£2.65,£1.77/100ml,£2.15 Clubcard Price,,/groceries/en-GB/products/262284763,https://digitalcontent.api.tesco.com/v2/media/ghs/da6ae6c2-ce75-4a0c-a9d8-7e60f2fa4180/e6d27502-c288-42cf-a1e7-fa77d2cae168_295772795.jpeg?h=225&w=225,
283522312,Old El Paso Extra Mild Stand ‘N’ Stuff Soft Taco Kit 329G,https://www.tesco.com/groceries/en-GB/shop/food-cupboard/all?department=Cooking%20Sauces%2C%20Meal%20Kits%20%26%20Sides&viewAll=department&page=,£2.99,£0.91/100g,Aldi Price Match,,/groceries/en-GB/products/283522312,https://digitalcontent.api.tesco.com/v2/media/ghs/1c3a5aa8-7dca-4466-a510-8538c054a7d1/16f808a4-29b9-4a83-bc11-bfbf0759857b_1633357080.jpeg?h=225&w=225,
265431504,Old El Paso Tomato & Pepper Fajita Kit 505G,https://www.tesco.com/groceries/en-GB/shop/food-cupboard/all?department=Cooking%20Sauces%2C%20Meal%20Kits%20%26%20Sides&viewAll=department&page=,£3.19,£0.63/100g,,,/groceries/en-GB/products/265431504,https://digitalcontent.api.tesco.com/v2/media/ghs/306e022d-9d70-42f7-957c-4fb247bcecf1/5b8b5b1b-8d9f-4c1d-a459-683b1bf85029_1494137824.jpeg?h=225&w=225,
289736349,Old El Paso Squeezy Sour Cream 230G,https://www.tesco.com/groceries/en-GB/shop/food-cupboard/all?department=Cooking%20Sauces%2C%20Meal%20Kits%20%26%20Sides&viewAll=department&page=,£2.25,£0.98/100g,,,/groceries/en-GB/products/289736349,https://digitalcontent.api.tesco.com/v2/media/ghs/bb614a16-12ff-498d-95ff-6099b67d06fe/91fdfd60-a83c-4b90-b947-89031c3145c0_1488465102.jpeg?h=225&w=225,
289623650,The Spice Tailor Fiery Goan Hot Curry 300G,https://www.tesco.com/groceries/en-GB/shop/food-cupboard/all?department=Cooking%20Sauces%2C%20Meal%20Kits%20%26%20Sides&viewAll=department&page=,£3.15,£1.05/100g,£2.50 Clubcard Price,,/groceries/en-GB/products/289623650,https://digitalcontent.api.tesco.com/v2/media/ghs/8ca48ad5-40e7-4f55-97a6-440afa878bbc/23525d14-87cb-48ca-b88c-ce51a49a4d15_1525931011.jpeg?h=225&w=225,
289725570,Old El Paso Squeezy Chunky Salsa 238G,https://www.tesco.com/groceries/en-GB/shop/food-cupboard/all?department=Cooking%20Sauces%2C%20Meal%20Kits%20%26%20Sides&viewAll=department&page=,£2.25,£0.95/100g,,,/groceries/en-GB/products/289725570,https://digitalcontent.api.tesco.com/v2/media/ghs/94528055-63ed-46f2-a8f9-e55ad7ffcede/16b3afe7-ff4f-468e-8ca3-fe003eb39b64_468553891.jpeg?h=225&w=225,
251953288,Pataks Rogan Josh Paste 283G,https://www.tesco.com/groceries/en-GB/shop/food-cupboard/all?department=Cooking%20Sauces%2C%20Meal%20Kits%20%26%20Sides&viewAll=department&page=,£2.80,£0.99/100g,,,/groceries/en-GB/products/251953288,https://digitalcontent.api.tesco.com/v2/media/ghs/10373e3e-96b7-4667-a1a8-40319a8dd360/a6fca80c-20c6-4304-9aa6-036c3cc88052_219139495.jpeg?h=225&w=225,
312703187,Blue Dragon Thai Red Curry Paste 170G,https://www.tesco.com/groceries/en-GB/shop/food-cupboard/all?department=Cooking%20Sauces%2C%20Meal%20Kits%20%26%20Sides&viewAll=department&page=,£2.30,£1.36/100g,,New,/groceries/en-GB/products/312703187,https://digitalcontent.api.tesco.com/v2/media/ghs/29deacea-f3a0-43db-b076-641469d92178/e2c23690-c4af-4645-85d6-5406182be0fb_1088092638.jpeg?h=225&w=225,
304381584,Blue Dragon Reduced Sugar Sweet Chilli Sauce 190Ml,https://www.tesco.com/groceries/en-GB/shop/food-cupboard/all?department=Cooking%20Sauces%2C%20Meal%20Kits%20%26%20Sides&viewAll=department&page=,£1.75,£0.92/100ml,,,/groceries/en-GB/products/304381584,https://digitalcontent.api.tesco.com/v2/media/ghs/2c93b005-b4e8-41a8-bfc0-138d3b3f5938/snapshotimagehandler_1528607086.jpeg?h=225&w=225,
312999509,Blue Dragon Thai Green Curry Paste 170G,https://www.tesco.com/groceries/en-GB/shop/food-cupboard/all?department=Cooking%20Sauces%2C%20Meal%20Kits%20%26%20Sides&viewAll=department&page=,£2.30,£1.36/100g,,New,/groceries/en-GB/products/312999509,https://digitalcontent.api.tesco.com/v2/media/ghs/14facf79-a273-479f-adcd-38769b7dcffe/698399e9-16a9-44ea-9ea5-d61b459f109b_1633090589.jpeg?h=225&w=225,
313004460,Patak's Medium Spice Paste 135G,https://www.tesco.com/groceries/en-GB/shop/food-cupboard/all?department=Cooking%20Sauces%2C%20Meal%20Kits%20%26%20Sides&viewAll=department&page=,£2.25,£1.67/100g,,New,/groceries/en-GB/products/313004460,https://digitalcontent.api.tesco.com/v2/media/ghs-mktg/b0b04216-fa73-466d-a9d7-c9fcfa1ce9b3/no-image.jpeg,
313011042,Patak's Mild Spice Paste 135G,https://www.tesco.com/groceries/en-GB/shop/food-cupboard/all?department=Cooking%20Sauces%2C%20Meal%20Kits%20%26%20Sides&viewAll=department&page=,£2.25,£1.67/100g,,New,/groceries/en-GB/products/313011042,https://digitalcontent.api.tesco.com/v2/media/ghs-mktg/b0b04216-fa73-466d-a9d7-c9fcfa1ce9b3/no-image.jpeg,
279878604,Old El Paso Super Soft Flour Tortillas Whole Wheat 8Pk 326G,https://www.tesco.com/groceries/en-GB/shop/food-cupboard/all?department=Cooking%20Sauces%2C%20Meal%20Kits%20%26%20Sides&viewAll=department&page=,£1.45,£0.44/100g,,,/groceries/en-GB/products/279878604,https://digitalcontent.api.tesco.com/v2/media/ghs/e0dc0257-5cde-4795-98e3-b0be66f214da/15dd9ffb-043f-4b37-b536-db532f9ad1d8_247517601.jpeg?h=225&w=225,
253946979,Dolmio Tomato & Cheese Pasta Bake 500G,https://www.tesco.com/groceries/en-GB/shop/food-cupboard/all?department=Cooking%20Sauces%2C%20Meal%20Kits%20%26%20Sides&viewAll=department&page=,£1.95,£0.39/100g,,,/groceries/en-GB/products/253946979,https://digitalcontent.api.tesco.com/v2/media/ghs/8b0be1b7-dc4a-4caa-8b6a-3240ac4e3f81/eb45f636-db07-4c40-939a-2267afaa16ba_734159430.jpeg?h=225&w=225,
265461975,Old El Paso Corn Tortillas 335G,https://www.tesco.com/groceries/en-GB/shop/food-cupboard/all?department=Cooking%20Sauces%2C%20Meal%20Kits%20%26%20Sides&viewAll=department&page=,£1.45,£0.43/100g,,,/groceries/en-GB/products/265461975,https://digitalcontent.api.tesco.com/v2/media/ghs/200f1a9e-4513-477a-a5c6-6a5048a94751/4f94dc74-241a-4b62-b5b1-222bbbd539cf_149007219.jpeg?h=225&w=225,
258046591,Sharwood's Blackbean & Red Pepper Sauce 425G,https://www.tesco.com/groceries/en-GB/shop/food-cupboard/all?department=Cooking%20Sauces%2C%20Meal%20Kits%20%26%20Sides&viewAll=department&page=,£1.80,£0.42/100g,,,/groceries/en-GB/products/258046591,https://digitalcontent.api.tesco.com/v2/media/ghs/4c9e5b54-bf59-45b5-a0fa-d037cebf6296/b7663129-9151-4e15-85fb-33bee0d695ef_349329403.jpeg?h=225&w=225,
250526456,Sharwoods Jalfrezi Sauce 420G,https://www.tesco.com/groceries/en-GB/shop/food-cupboard/all?department=Cooking%20Sauces%2C%20Meal%20Kits%20%26%20Sides&viewAll=department&page=,£2.15,£0.51/100g,£1.25 Clubcard Price,,/groceries/en-GB/products/250526456,https://digitalcontent.api.tesco.com/v2/media/ghs/20909b29-8f39-4a31-a92d-f4ea3e562d18/59a7d785-f6c9-4f16-b893-0787911556e6_509527334.jpeg?h=225&w=225,
272855073,Yutaka Soba Noodles 250G,https://www.tesco.com/groceries/en-GB/shop/food-cupboard/all?department=Cooking%20Sauces%2C%20Meal%20Kits%20%26%20Sides&viewAll=department&page=,£1.40,£5.60/kg,,,/groceries/en-GB/products/272855073,https://digitalcontent.api.tesco.com/v2/media/ghs/64627ab7-dd81-4de7-bf34-05a7b8d11eea/9db625cb-8637-4cf5-a72c-dd01c15c2cff_765104101.jpeg?h=225&w=225,
260504127,Tesco Finest Tomato & Pancetta Pasta Sauce 340G,https://www.tesco.com/groceries/en-GB/shop/food-cupboard/all?department=Cooking%20Sauces%2C%20Meal%20Kits%20%26%20Sides&viewAll=department&page=,£1.70,£0.50/100g,,,/groceries/en-GB/products/260504127,https://digitalcontent.api.tesco.com/v2/media/ghs/2ebaab3b-4447-4ded-aa01-9c5a5ff539e8/ec9bc4a4-2154-47c7-bfa7-a57a3043348c_707637288.jpeg?h=225&w=225,
250322766,Amoy Thread Fine Noodles 2X150g,https://www.tesco.com/groceries/en-GB/shop/food-cupboard/all?department=Cooking%20Sauces%2C%20Meal%20Kits%20%26%20Sides&viewAll=department&page=,£2.10,£7.00/kg,£1.50 Clubcard Price,,/groceries/en-GB/products/250322766,https://digitalcontent.api.tesco.com/v2/media/ghs/469c3e84-c376-46dc-a0e1-2c2a74f94a04/b8349fdd-3080-40af-b7a5-15334bf7ed01_208228981.jpeg?h=225&w=225,
277006852,Al'fez Moroccan Spiced Couscous 200G,https://www.tesco.com/groceries/en-GB/shop/food-cupboard/all?department=Cooking%20Sauces%2C%20Meal%20Kits%20%26%20Sides&viewAll=department&page=,£1.60,£0.80/100g,£1.25 Clubcard Price,,/groceries/en-GB/products/277006852,https://digitalcontent.api.tesco.com/v2/media/ghs/4591a063-7756-4418-a2c6-68a82512717e/3f207c4b-6fce-4441-91ad-8ba66f07dec0_2126746404.jpeg?h=225&w=225,
293134422,Pataks Madras Paste Pots 2X70g,https://www.tesco.com/groceries/en-GB/shop/food-cupboard/all?department=Cooking%20Sauces%2C%20Meal%20Kits%20%26%20Sides&viewAll=department&page=,£1.49,£1.07/100g,Aldi Price Match,,/groceries/en-GB/products/293134422,https://digitalcontent.api.tesco.com/v2/media/ghs/f358ee11-a4f4-4fe1-9427-ea44deb27dd4/a57f6df3-a400-4756-9d03-ccfffa7168d7_730247356.jpeg?h=225&w=225,
274747958,Pataks Medium Hot Rogan Josh Sauce 450G,https://www.tesco.com/groceries/en-GB/shop/food-cupboard/all?department=Cooking%20Sauces%2C%20Meal%20Kits%20%26%20Sides&viewAll=department&page=,£1.85,£0.41/100g,,,/groceries/en-GB/products/274747958,https://digitalcontent.api.tesco.com/v2/media/ghs/a8ed46b9-1d9c-45b6-8256-f323b5a8b8b8/3a4dba84-87b4-465e-a69f-995bcae26d4b_1734587141.jpeg?h=225&w=225,
307748947,Sharwoods Stir Fry Sauce 30% Less Sugar Sweet & Sour 120G,https://www.tesco.com/groceries/en-GB/shop/food-cupboard/all?department=Cooking%20Sauces%2C%20Meal%20Kits%20%26%20Sides&viewAll=department&page=,£0.90,£0.75/100g,,,/groceries/en-GB/products/307748947,https://digitalcontent.api.tesco.com/v2/media/ghs/d8a44ad1-9cbb-4e14-89be-c59ff70346a9/749f3e73-983b-4ce8-89b3-fe04fa99ee30_472933634.jpeg?h=225&w=225,
293272845,Tiger Tiger Ramen Stir Fry Noodles 400G,https://www.tesco.com/groceries/en-GB/shop/food-cupboard/all?department=Cooking%20Sauces%2C%20Meal%20Kits%20%26%20Sides&viewAll=department&page=,£1.30,£3.25/kg,,,/groceries/en-GB/products/293272845,https://digitalcontent.api.tesco.com/v2/media/ghs/b7b49a26-f411-45e3-bbc7-5d64544c3037/c9e1bc14-70fc-41da-8954-2024d1c9cf6e_1241039711.jpeg?h=225&w=225,
277095324,Pataks Bhuna Cooking Sauce 450G,https://www.tesco.com/groceries/en-GB/shop/food-cupboard/all?department=Cooking%20Sauces%2C%20Meal%20Kits%20%26%20Sides&viewAll=department&page=,£1.85,£0.41/100g,,,/groceries/en-GB/products/277095324,https://digitalcontent.api.tesco.com/v2/media/ghs/e999533c-cda1-432c-8789-949b50702635/72e84bb7-36f2-4de9-bf95-e567fa711ead_1632103004.jpeg?h=225&w=225,
306940093,Yo! Hot & Spicy Katsu Curry Sauce 100G,https://www.tesco.com/groceries/en-GB/shop/food-cupboard/all?department=Cooking%20Sauces%2C%20Meal%20Kits%20%26%20Sides&viewAll=department&page=,£1.05,£1.05/100g,75p Clubcard Price,,/groceries/en-GB/products/306940093,https://digitalcontent.api.tesco.com/v2/media/ghs/6e1f742e-c18f-43b9-9181-a525bda894c4/ea245836-3d58-473c-9a2a-83aa5d89b4b8_635035181.jpeg?h=225&w=225,
303704659,Yo! Yakisoba Soy Ginger & Garlic Stir Fry Sauce 100G,https://www.tesco.com/groceries/en-GB/shop/food-cupboard/all?department=Cooking%20Sauces%2C%20Meal%20Kits%20%26%20Sides&viewAll=department&page=,£1.05,£1.05/100g,75p Clubcard Price,,/groceries/en-GB/products/303704659,https://digitalcontent.api.tesco.com/v2/media/ghs/d648b8f0-6e32-488f-b7af-73395c307fc0/437e00c9-c08f-4bb0-bfc1-1c0fb20a8c80_814924498.jpeg?h=225&w=225,
250519309,Schwartz Parsley & Chive Sauce Mix 38G,https://www.tesco.com/groceries/en-GB/shop/food-cupboard/all?department=Cooking%20Sauces%2C%20Meal%20Kits%20%26%20Sides&viewAll=department&page=,£0.90,£2.37/100g,Any 4 for £2 Clubcard Price - Selected Schwartz Recipe Mix 20g-41g ,,/groceries/en-GB/products/250519309,https://digitalcontent.api.tesco.com/v2/media/ghs/b03b192a-3478-48a2-8391-315e751aaa1f/ed4c1d9f-61c6-4105-9088-39498cd39629_576268767.jpeg?h=225&w=225,
276475971,Tesco Satay Stir Fry Sauce 120G,https://www.tesco.com/groceries/en-GB/shop/food-cupboard/all?department=Cooking%20Sauces%2C%20Meal%20Kits%20%26%20Sides&viewAll=department&page=,£0.65,£0.54/100g,,,/groceries/en-GB/products/276475971,https://digitalcontent.api.tesco.com/v2/media/ghs/57440631-9925-48d4-b987-d323fb02344f/b4a24458-69aa-447d-b3b9-071839ed3820_547549554.jpeg?h=225&w=225,
307362700,Tesco Katsu Cooking Sauce 340G,https://www.tesco.com/groceries/en-GB/shop/food-cupboard/all?department=Cooking%20Sauces%2C%20Meal%20Kits%20%26%20Sides&viewAll=department&page=,£1.00,£0.30/100g,,,/groceries/en-GB/products/307362700,https://digitalcontent.api.tesco.com/v2/media/ghs/36706dc7-e0ee-479c-9f74-a82039ce5712/3c84190a-814f-4f41-a64c-c10c7fe1d3a7_999563534.jpeg?h=225&w=225,
277033491,Tesco Kung Po Sauce 515G,https://www.tesco.com/groceries/en-GB/shop/food-cupboard/all?department=Cooking%20Sauces%2C%20Meal%20Kits%20%26%20Sides&viewAll=department&page=,£1.00,£0.20/100g,,,/groceries/en-GB/products/277033491,https://digitalcontent.api.tesco.com/v2/media/ghs/dcc18fe2-3983-46fb-86dd-163c44dfdd87/81a395a8-adaf-4235-b7fe-272b1b8d82c2_359508702.jpeg?h=225&w=225,
307338131,Tesco Red Thai Curry Cooking Sauce 340G,https://www.tesco.com/groceries/en-GB/shop/food-cupboard/all?department=Cooking%20Sauces%2C%20Meal%20Kits%20%26%20Sides&viewAll=department&page=,£1.00,£0.30/100g,,,/groceries/en-GB/products/307338131,https://digitalcontent.api.tesco.com/v2/media/ghs/c91ef35a-4f3d-4e5f-b352-58dd5a97e6c3/795651f6-974c-4d3e-a30a-65d4dd260121_100013585.jpeg?h=225&w=225,
277042192,Tesco Szechuan Inspired Sweet Chilli Sauce 505G,https://www.tesco.com/groceries/en-GB/shop/food-cupboard/all?department=Cooking%20Sauces%2C%20Meal%20Kits%20%26%20Sides&viewAll=department&page=,£1.00,£0.20/100g,,,/groceries/en-GB/products/277042192,https://digitalcontent.api.tesco.com/v2/media/ghs/4bd1d26a-d7b4-4813-906c-dad3522b11ea/0028e905-c079-4545-a161-41f7d72d2bf9_802401253.jpeg?h=225&w=225,
287547213,Tesco Free From Korma Cooking Sauce 500G,https://www.tesco.com/groceries/en-GB/shop/food-cupboard/all?department=Cooking%20Sauces%2C%20Meal%20Kits%20%26%20Sides&viewAll=department&page=,£1.00,£0.20/100g,,,/groceries/en-GB/products/287547213,https://digitalcontent.api.tesco.com/v2/media/ghs/b069f931-37ce-4e5d-baf7-11ff09b43979/67b7fc9c-9727-4add-9adf-3bf0e5cfee02_1265783310.jpeg?h=225&w=225,
250830660,Blue Dragon Coconut Milk Light 400Ml,https://www.tesco.com/groceries/en-GB/shop/food-cupboard/all?department=Cooking%20Sauces%2C%20Meal%20Kits%20%26%20Sides&viewAll=department&page=,£2.40,£6.00/litre,,,/groceries/en-GB/products/250830660,https://digitalcontent.api.tesco.com/v2/media/ghs/121abc6b-908a-4ad6-91c5-699231ceb164/f3f81107-5583-45a2-b065-9d923b5de10f_1380578405.jpeg?h=225&w=225,
289670190,Blue Dragon 3 Step Thai Red Curry 253G,https://www.tesco.com/groceries/en-GB/shop/food-cupboard/all?department=Cooking%20Sauces%2C%20Meal%20Kits%20%26%20Sides&viewAll=department&page=,£3.10,£1.23/100g,,,/groceries/en-GB/products/289670190,https://digitalcontent.api.tesco.com/v2/media/ghs/1c58c315-2270-4c62-b0e2-8a4cc83f39e4/5b56e059-730d-448f-861a-4ea0b1a0e6da_1211134039.jpeg?h=225&w=225,
255546499,Sharwoods Plum Sauce 300G,https://www.tesco.com/groceries/en-GB/shop/food-cupboard/all?department=Cooking%20Sauces%2C%20Meal%20Kits%20%26%20Sides&viewAll=department&page=,£2.50,£0.83/100g,,,/groceries/en-GB/products/255546499,https://digitalcontent.api.tesco.com/v2/media/ghs/4acbaa67-ddfc-4bea-8cd4-208b6c3342a4/e7e8927f-e524-49af-87fd-9f41b2a709f2_150992971.jpeg?h=225&w=225,
303852138,Mutti Parmigiano Reggiano Cheese Pasta Sauce 400G,https://www.tesco.com/groceries/en-GB/shop/food-cupboard/all?department=Cooking%20Sauces%2C%20Meal%20Kits%20%26%20Sides&viewAll=department&page=,£2.95,£0.74/100g,,,/groceries/en-GB/products/303852138,https://digitalcontent.api.tesco.com/v2/media/ghs/2b500cf9-65c8-4eed-b1f7-503d98ecf75d/53f986a3-8bf1-4d69-8b19-d3b931672250_2081253392.jpeg?h=225&w=225,
311268121,Al'fez Natural Tahini 160G,https://www.tesco.com/groceries/en-GB/shop/food-cupboard/all?department=Cooking%20Sauces%2C%20Meal%20Kits%20%26%20Sides&viewAll=department&page=,£2.30,£1.44/100g,,,/groceries/en-GB/products/311268121,https://digitalcontent.api.tesco.com/v2/media/ghs/dca82ca6-e6d0-4e89-88fa-bdd93f12299a/6df91d4d-62c3-4b16-baae-9798e294aeb8_3251906.jpeg?h=225&w=225,
293133930,Pataks Meal Kit Tikka Masala 313G,https://www.tesco.com/groceries/en-GB/shop/food-cupboard/all?department=Cooking%20Sauces%2C%20Meal%20Kits%20%26%20Sides&viewAll=department&page=,£2.85,£0.91/100g,,,/groceries/en-GB/products/293133930,https://digitalcontent.api.tesco.com/v2/media/ghs/63ef31ec-349d-4840-ad06-277331aa9546/4fda9c66-5aeb-4300-a047-852463254c5d_1931297307.jpeg?h=225&w=225,
250078133,Sacla Intenso Tomato & Olive Stir In 190G,https://www.tesco.com/groceries/en-GB/shop/food-cupboard/all?department=Cooking%20Sauces%2C%20Meal%20Kits%20%26%20Sides&viewAll=department&page=,£3.00,£1.58/100g,£2.30 Clubcard Price,,/groceries/en-GB/products/250078133,https://digitalcontent.api.tesco.com/v2/media/ghs/94a84980-aa6b-4774-8e09-efe0d26b821a/72bb7562-cc31-4e40-a281-24ef115e48a7_996420078.jpeg?h=225&w=225,
308831933,Nando's Peri Peri Wrap Kit Medium 261G,https://www.tesco.com/groceries/en-GB/shop/food-cupboard/all?department=Cooking%20Sauces%2C%20Meal%20Kits%20%26%20Sides&viewAll=department&page=,£3.20,£1.23/100g,,,/groceries/en-GB/products/308831933,https://digitalcontent.api.tesco.com/v2/media/ghs/f6f094e4-bada-4c14-9f2b-eca4d952ba09/bba0fc6c-7459-4cac-88eb-f5f087d84571_1634486396.jpeg?h=225&w=225,
271004834,Seeds Of Change Organic Sun Dried Tomato & Basil 195G,https://www.tesco.com/groceries/en-GB/shop/food-cupboard/all?department=Cooking%20Sauces%2C%20Meal%20Kits%20%26%20Sides&viewAll=department&page=,£2.60,£1.34/100g,,,/groceries/en-GB/products/271004834,https://digitalcontent.api.tesco.com/v2/media/ghs/3fa5b8bd-b7fd-406c-81d9-da63feed5e6e/16232470-b056-4610-a5fb-97a191d1dc16.jpeg?h=225&w=225,
304386417,Homepride Slow Cook Bbq Pulled Pork Sauce 150G,https://www.tesco.com/groceries/en-GB/shop/food-cupboard/all?department=Cooking%20Sauces%2C%20Meal%20Kits%20%26%20Sides&viewAll=department&page=,£2.00,£1.34/100g,,,/groceries/en-GB/products/304386417,https://digitalcontent.api.tesco.com/v2/media/ghs/3d96a85d-67c6-4b1f-9350-a336a0728692/c588d547-df88-4036-b5d7-0acbb13763da_1153955605.jpeg?h=225&w=225,
312090645,Filippo Berio Tomato & Ricotta Pesto 190G,https://www.tesco.com/groceries/en-GB/shop/food-cupboard/all?department=Cooking%20Sauces%2C%20Meal%20Kits%20%26%20Sides&viewAll=department&page=,£2.80,£1.48/100g,,,/groceries/en-GB/products/312090645,https://digitalcontent.api.tesco.com/v2/media/ghs/3fd8ff3a-a162-4097-933e-2193144c60b9/snapshotimagehandler_1920237398.jpeg?h=225&w=225,
310168984,Loyd Grossman No Added Sugar Red Lasagne Sauce 450G,https://www.tesco.com/groceries/en-GB/shop/food-cupboard/all?department=Cooking%20Sauces%2C%20Meal%20Kits%20%26%20Sides&viewAll=department&page=,£2.50,£0.56/100g,,,/groceries/en-GB/products/310168984,https://digitalcontent.api.tesco.com/v2/media/ghs/5efdc1a0-30f1-4d9f-868d-9aeb043bb7ec/9d4dfbe4-c5f2-438c-83d1-48aa84de2065_1399023946.jpeg?h=225&w=225,
305948823,Old El Paso Tortilla Pockets Kit Mild 375G,https://www.tesco.com/groceries/en-GB/shop/food-cupboard/all?department=Cooking%20Sauces%2C%20Meal%20Kits%20%26%20Sides&viewAll=department&page=,£2.49,£0.66/100g,Aldi Price Match,,/groceries/en-GB/products/305948823,https://digitalcontent.api.tesco.com/v2/media/ghs/63e2e1e1-94c0-4bd2-8eaa-93b30c35f2ee/dc8cfbda-1178-42ce-9b33-518c111170bb_286200414.jpeg?h=225&w=225,
301577703,Sacla' Reduced Fat Basil Pesto 190G,https://www.tesco.com/groceries/en-GB/shop/food-cupboard/all?department=Cooking%20Sauces%2C%20Meal%20Kits%20%26%20Sides&viewAll=department&page=,£2.80,£1.48/100g,£2.25 Clubcard Price,,/groceries/en-GB/products/301577703,https://digitalcontent.api.tesco.com/v2/media/ghs/5412debe-ada0-4570-a147-155628ea45b2/803104de-3d11-4c8e-ad0c-268e94013331_546587245.jpeg?h=225&w=225,
250561776,Kikkoman Teriyaki Marinade 250Ml,https://www.tesco.com/groceries/en-GB/shop/food-cupboard/all?department=Cooking%20Sauces%2C%20Meal%20Kits%20%26%20Sides&viewAll=department&page=,£3.00,£1.20/100ml,£2.15 Clubcard Price,,/groceries/en-GB/products/250561776,https://digitalcontent.api.tesco.com/v2/media/ghs/2099bccd-ded7-4001-98c4-195c9ce5c452/76a9a08f-1f09-41b6-8b14-f6c16b5fa74c_569939168.jpeg?h=225&w=225,
289725529,Old El Paso Squeezy Sauce Guacamole 240G,https://www.tesco.com/groceries/en-GB/shop/food-cupboard/all?department=Cooking%20Sauces%2C%20Meal%20Kits%20%26%20Sides&viewAll=department&page=,£2.25,£0.94/100g,,,/groceries/en-GB/products/289725529,https://digitalcontent.api.tesco.com/v2/media/ghs/622f9209-9d02-412a-83bf-bb24a3994415/870fbda2-3597-4c51-a98b-17e5b077c6b2_178914822.jpeg?h=225&w=225,
305529283,Homepride Slow Cooker Chilli Con Carne 170G,https://www.tesco.com/groceries/en-GB/shop/food-cupboard/all?department=Cooking%20Sauces%2C%20Meal%20Kits%20%26%20Sides&viewAll=department&page=,£2.00,£1.18/100g,,,/groceries/en-GB/products/305529283,https://digitalcontent.api.tesco.com/v2/media/ghs/0fb17ae5-ccdb-45fe-826f-237b82182aad/58206c07-4ab0-481b-b6e7-919e43498733_112427471.jpeg?h=225&w=225,
300594528,Tesco Massaman Curry Paste 200G,https://www.tesco.com/groceries/en-GB/shop/food-cupboard/all?department=Cooking%20Sauces%2C%20Meal%20Kits%20%26%20Sides&viewAll=department&page=,£1.80,£0.90/100g,,,/groceries/en-GB/products/300594528,https://digitalcontent.api.tesco.com/v2/media/ghs/adafebb1-af8c-4ac3-af3f-465b20404e07/df34af10-e824-4907-9736-3b9d5d104503_2102260049.jpeg?h=225&w=225,
259277592,Cholula Hot Mexican Sauce 150Ml,https://www.tesco.com/groceries/en-GB/shop/food-cupboard/all?department=Cooking%20Sauces%2C%20Meal%20Kits%20%26%20Sides&viewAll=department&page=,£1.90,£1.27/100ml,,,/groceries/en-GB/products/259277592,https://digitalcontent.api.tesco.com/v2/media/ghs/b85f2448-df25-4c2c-8817-be4899746d47/6ebf5f55-cb81-4aed-9ca2-884aa48967c7_152450712.jpeg?h=225&w=225,
257302946,Pataks Jalfrezi Curry Paste 283G,https://www.tesco.com/groceries/en-GB/shop/food-cupboard/all?department=Cooking%20Sauces%2C%20Meal%20Kits%20%26%20Sides&viewAll=department&page=,£2.80,£0.99/100g,,,/groceries/en-GB/products/257302946,https://digitalcontent.api.tesco.com/v2/media/ghs/e9427ebb-1c8b-40a2-b9a2-689ba8070f2a/1b6695b5-ccd6-44aa-abae-6062053b11ff_2131940906.jpeg?h=225&w=225,
278084779,Tesco Sriracha Hot Chilli Sauce 285G,https://www.tesco.com/groceries/en-GB/shop/food-cupboard/all?department=Cooking%20Sauces%2C%20Meal%20Kits%20%26%20Sides&viewAll=department&page=,£1.85,£0.65/100g,,,/groceries/en-GB/products/278084779,https://digitalcontent.api.tesco.com/v2/media/ghs/29ee1134-6d9d-49ec-b590-5c34c87e26c8/1380bd10-f700-44bf-82df-0f8f8630f4a3_323055300.jpeg?h=225&w=225,
254869470,Pataks Mild Curry Paste 283G,https://www.tesco.com/groceries/en-GB/shop/food-cupboard/all?department=Cooking%20Sauces%2C%20Meal%20Kits%20%26%20Sides&viewAll=department&page=,£2.80,£0.99/100g,,,/groceries/en-GB/products/254869470,https://digitalcontent.api.tesco.com/v2/media/ghs/fdc56227-df3c-4377-9778-4b8815bf7985/df9979f6-7307-4e76-9ca7-0b6d8ffa768d_1670801348.jpeg?h=225&w=225,
277017504,The Spice Tailor Rustic Rogan Josh 300G,https://www.tesco.com/groceries/en-GB/shop/food-cupboard/all?department=Cooking%20Sauces%2C%20Meal%20Kits%20%26%20Sides&viewAll=department&page=,£3.15,£1.05/100g,£2.50 Clubcard Price,,/groceries/en-GB/products/277017504,https://digitalcontent.api.tesco.com/v2/media/ghs/c7e58fec-1e54-4005-8609-be03a9663e3f/c7bfa552-ba44-4d31-a139-ea07b0161aa5_1959135673.jpeg?h=225&w=225,
309168887,Bens Original Cantonese Sauce 450G,https://www.tesco.com/groceries/en-GB/shop/food-cupboard/all?department=Cooking%20Sauces%2C%20Meal%20Kits%20%26%20Sides&viewAll=department&page=,£2.00,£0.44/100g,,,/groceries/en-GB/products/309168887,https://digitalcontent.api.tesco.com/v2/media/ghs/d97bc05d-1a78-41d6-8065-2be3f82a471e/28999951-e8ad-4591-a6e0-966e7b05e312_618662436.jpeg?h=225&w=225,
286140223,Loyd Grossman Stroganoff 330G,https://www.tesco.com/groceries/en-GB/shop/food-cupboard/all?department=Cooking%20Sauces%2C%20Meal%20Kits%20%26%20Sides&viewAll=department&page=,£2.00,£0.61/100g,,,/groceries/en-GB/products/286140223,https://digitalcontent.api.tesco.com/v2/media/ghs/e34754d2-ac13-46f8-8dcb-f19d69a1fb49/26cdc4d7-3e23-426c-8a90-fccd89769549_778386007.jpeg?h=225&w=225,
309197783,Bens Original Lemon Chicken Sauce 450G,https://www.tesco.com/groceries/en-GB/shop/food-cupboard/all?department=Cooking%20Sauces%2C%20Meal%20Kits%20%26%20Sides&viewAll=department&page=,£2.00,£0.44/100g,,,/groceries/en-GB/products/309197783,https://digitalcontent.api.tesco.com/v2/media/ghs/0419cdf3-6f52-4448-8043-b2d7f6228761/d4e9e0a5-f70e-479b-93c3-d05d8cf195c4_2083419438.jpeg?h=225&w=225,
311780654,Heinz Tomato Sauce For Bolognese Cooking Sauce 350G,https://www.tesco.com/groceries/en-GB/shop/food-cupboard/all?department=Cooking%20Sauces%2C%20Meal%20Kits%20%26%20Sides&viewAll=department&page=,£2.00,£5.72/kg,,,/groceries/en-GB/products/311780654,https://digitalcontent.api.tesco.com/v2/media/ghs/d5110bd8-b31a-4091-8502-8fdbeea75951/691a88bb-8d6f-4cfb-96d8-bd5142b534da_307546344.jpeg?h=225&w=225,
301374091,Passage To Asia Satay Chicken Stir Fry Sauce 200G,https://www.tesco.com/groceries/en-GB/shop/food-cupboard/all?department=Cooking%20Sauces%2C%20Meal%20Kits%20%26%20Sides&viewAll=department&page=,£2.00,£1.00/100g,,,/groceries/en-GB/products/301374091,https://digitalcontent.api.tesco.com/v2/media/ghs/8bc55a4d-b6bd-475b-bd1e-de9fd422de82/609b49a5-a653-43a8-8471-e8702a84bb11_2096663563.jpeg?h=225&w=225,
272854926,Yutaka Udon Noodles 250G,https://www.tesco.com/groceries/en-GB/shop/food-cupboard/all?department=Cooking%20Sauces%2C%20Meal%20Kits%20%26%20Sides&viewAll=department&page=,£1.40,£5.60/kg,,,/groceries/en-GB/products/272854926,https://digitalcontent.api.tesco.com/v2/media/ghs/3ab0dec8-9508-4ca7-ad45-fa9b988b541d/fa515f9d-f31e-4310-ad9e-e3392ac3d12b_1883752878.jpeg?h=225&w=225,
311448628,Walkers Sensations Naan Chips Garlic & Herb 150G,https://www.tesco.com/groceries/en-GB/shop/food-cupboard/all?department=Cooking%20Sauces%2C%20Meal%20Kits%20%26%20Sides&viewAll=department&page=,£1.99,£1.33/100g,£1.50 Clubcard Price,,/groceries/en-GB/products/311448628,https://digitalcontent.api.tesco.com/v2/media/ghs/2e462fe4-ac34-4af3-8cfd-7637e9a79f34/0d79f20e-d805-44ba-be36-484d3b282cf9_1882210164.jpeg?h=225&w=225,
272431822,Pataks Aubergine Pickle 312G,https://www.tesco.com/groceries/en-GB/shop/food-cupboard/all?department=Cooking%20Sauces%2C%20Meal%20Kits%20%26%20Sides&viewAll=department&page=,£2.30,£0.74/100g,,,/groceries/en-GB/products/272431822,https://digitalcontent.api.tesco.com/v2/media/ghs/baea6822-bd03-438c-ac6f-e29043a75c74/3a265e97-b403-4f68-8a1b-5a196c23f6b8_1711045190.jpeg?h=225&w=225,
255097338,Pataks Spiced Ready To Eat Papadums 8 Pack,https://www.tesco.com/groceries/en-GB/shop/food-cupboard/all?department=Cooking%20Sauces%2C%20Meal%20Kits%20%26%20Sides&viewAll=department&page=,£2.00,£2.50/100g,£1.50 Clubcard Price,,/groceries/en-GB/products/255097338,https://digitalcontent.api.tesco.com/v2/media/ghs/dd9833f5-416f-4a31-bbfa-73c8ad879016/1379d024-8153-4299-854c-d91d1bb1087d_1856832792.jpeg?h=225&w=225,
293258598,Kohinoor Dal Makhani 300G,https://www.tesco.com/groceries/en-GB/shop/food-cupboard/all?department=Cooking%20Sauces%2C%20Meal%20Kits%20%26%20Sides&viewAll=department&page=,£1.85,£0.62/100g,,,/groceries/en-GB/products/293258598,https://digitalcontent.api.tesco.com/v2/media/ghs/f0179146-4227-4ea7-962a-46cd65653806/f0f55ba8-d973-4993-ae45-f8c657923a59_1049522044.jpeg?h=225&w=225,
293258477,Kohinoor Dal Tarka 300G,https://www.tesco.com/groceries/en-GB/shop/food-cupboard/all?department=Cooking%20Sauces%2C%20Meal%20Kits%20%26%20Sides&viewAll=department&page=,£1.85,£0.62/100g,,,/groceries/en-GB/products/293258477,https://digitalcontent.api.tesco.com/v2/media/ghs/1516f2b5-0d7d-485a-a2fc-87d3e310742a/7bba3eef-7b06-41ff-980f-2a2403e49f3a_1152358518.jpeg?h=225&w=225,
309494863,Jamie Oliver Tikka Masala Curry Paste 180G,https://www.tesco.com/groceries/en-GB/shop/food-cupboard/all?department=Cooking%20Sauces%2C%20Meal%20Kits%20%26%20Sides&viewAll=department&page=,£2.10,£1.17/100g,,,/groceries/en-GB/products/309494863,https://digitalcontent.api.tesco.com/v2/media/ghs/4a7121e4-cd4d-402f-86e0-1d104cb435f2/ba6f98c9-855e-40ac-8362-2ad8e6f6ce87_871659055.jpeg?h=225&w=225,
309185745,Mezeast Chicken Shawarma Seasoning Mix 50G,https://www.tesco.com/groceries/en-GB/shop/food-cupboard/all?department=Cooking%20Sauces%2C%20Meal%20Kits%20%26%20Sides&viewAll=department&page=,£1.60,£3.20/100g,,,/groceries/en-GB/products/309185745,https://digitalcontent.api.tesco.com/v2/media/ghs/5a428b24-91e9-4a00-9213-d6d5e858db40/038111f4-d549-4510-80a0-1cbe8f7e45f5_468632974.jpeg?h=225&w=225,
304391791,Gran Luchito Refried Beans Chipotle 430G,https://www.tesco.com/groceries/en-GB/shop/food-cupboard/all?department=Cooking%20Sauces%2C%20Meal%20Kits%20%26%20Sides&viewAll=department&page=,£2.00,£0.47/100g,£1.50 Clubcard Price,,/groceries/en-GB/products/304391791,https://digitalcontent.api.tesco.com/v2/media/ghs/6777e369-262c-4c7c-b50c-23115a698190/175fd841-6470-4d5b-92d0-a92ba0d99c49_497723139.jpeg?h=225&w=225,
278770480,Aleyna Sliced Red Jalapeno Peppers 480G,https://www.tesco.com/groceries/en-GB/shop/food-cupboard/all?department=Cooking%20Sauces%2C%20Meal%20Kits%20%26%20Sides&viewAll=department&page=,£1.15,£0.48/100g DR.WT,,,/groceries/en-GB/products/278770480,https://digitalcontent.api.tesco.com/v2/media/ghs/78612b84-0b4c-4836-b317-9c84131388d9/972aed56-d652-4e0b-89e9-c2a5670197a4_785206802.jpeg?h=225&w=225,
276732834,Lee Kum Kee Premium Light Soy Sauce 150Ml,https://www.tesco.com/groceries/en-GB/shop/food-cupboard/all?department=Cooking%20Sauces%2C%20Meal%20Kits%20%26%20Sides&viewAll=department&page=,£1.35,£0.90/100ml,,,/groceries/en-GB/products/276732834,https://digitalcontent.api.tesco.com/v2/media/ghs/d444e6a8-2a31-451e-bd48-2b8d939685b7/33edd087-2f40-4a7a-89a5-6394a05259d9_1873717492.jpeg?h=225&w=225,
271771184,Tesco Black Bean Stir Fry Sauce 120G,https://www.tesco.com/groceries/en-GB/shop/food-cupboard/all?department=Cooking%20Sauces%2C%20Meal%20Kits%20%26%20Sides&viewAll=department&page=,£0.65,£0.54/100g,,,/groceries/en-GB/products/271771184,https://digitalcontent.api.tesco.com/v2/media/ghs/a75fb218-a450-44f7-80bb-5efd23ff1e74/3bddb630-8c1a-4730-b72b-779703c02ed4_1609342635.jpeg?h=225&w=225,
271811835,Tesco Hoi Sin Stir Fry Sauce 120G,https://www.tesco.com/groceries/en-GB/shop/food-cupboard/all?department=Cooking%20Sauces%2C%20Meal%20Kits%20%26%20Sides&viewAll=department&page=,£0.65,£0.54/100g,,,/groceries/en-GB/products/271811835,https://digitalcontent.api.tesco.com/v2/media/ghs/6522e6db-7438-4d16-9606-2295a82d482e/ee899639-f603-42d5-a62d-28b555b499db_757794443.jpeg?h=225&w=225,
272682599,Tesco Black Bean Cooking Sauce 500G,https://www.tesco.com/groceries/en-GB/shop/food-cupboard/all?department=Cooking%20Sauces%2C%20Meal%20Kits%20%26%20Sides&viewAll=department&page=,£1.00,£0.20/100g,,,/groceries/en-GB/products/272682599,https://digitalcontent.api.tesco.com/v2/media/ghs/174531fc-c859-4401-acdf-8e03843a83f3/dce77892-65c8-409c-a784-c4c7caa2081f_1937518427.jpeg?h=225&w=225,
271811708,Tesco Sweet & Sour Stir Fry Sauce 120G,https://www.tesco.com/groceries/en-GB/shop/food-cupboard/all?department=Cooking%20Sauces%2C%20Meal%20Kits%20%26%20Sides&viewAll=department&page=,£0.65,£0.54/100g,,,/groceries/en-GB/products/271811708,https://digitalcontent.api.tesco.com/v2/media/ghs/047b3976-2cb5-4217-9303-d9a192664d7c/1ec3df11-5cd4-4a42-acfa-dbdcf4279d8f_1771417608.jpeg?h=225&w=225,
305519807,Tesco Plant Chef Spiced Tikka Sauce 500G,https://www.tesco.com/groceries/en-GB/shop/food-cupboard/all?department=Cooking%20Sauces%2C%20Meal%20Kits%20%26%20Sides&viewAll=department&page=,£1.00,£0.20/100g DR.WT,,,/groceries/en-GB/products/305519807,https://digitalcontent.api.tesco.com/v2/media/ghs/836c177f-de6d-41b6-80c6-079feb78f807/0fdc25c8-a793-445f-81dd-52f075187527_149616012.jpeg?h=225&w=225,
289670230,Blue Dragon 3 Step Thai Curry Massaman 273G,https://www.tesco.com/groceries/en-GB/shop/food-cupboard/all?department=Cooking%20Sauces%2C%20Meal%20Kits%20%26%20Sides&viewAll=department&page=,£3.10,£1.14/100g,,,/groceries/en-GB/products/289670230,https://digitalcontent.api.tesco.com/v2/media/ghs/5ea90324-41e4-42c8-b155-9b1600b105f6/0802fba7-7b16-4383-b4f2-6f695aa2fee3_1915512039.jpeg?h=225&w=225,
301803759,Blue Dragon Pad Thai Noodles Kit 265G,https://www.tesco.com/groceries/en-GB/shop/food-cupboard/all?department=Cooking%20Sauces%2C%20Meal%20Kits%20%26%20Sides&viewAll=department&page=,£3.10,£1.17/100g,,,/groceries/en-GB/products/301803759,https://digitalcontent.api.tesco.com/v2/media/ghs/1d756ce4-895c-4808-88b0-dfaa4a4ba123/06d115ed-cef8-4228-aa3c-69b081d6ad6c_1771622641.jpeg?h=225&w=225,
303881132,Ocean's Halo Organic Ramen Noodles 240G,https://www.tesco.com/groceries/en-GB/shop/food-cupboard/all?department=Cooking%20Sauces%2C%20Meal%20Kits%20%26%20Sides&viewAll=department&page=,£3.00,£12.50/kg,,,/groceries/en-GB/products/303881132,https://digitalcontent.api.tesco.com/v2/media/ghs/51378d90-ba69-4298-a89d-aef47c5b07ce/a2c48132-e09c-466b-88bc-e62e25d6b63c_1370860552.jpeg?h=225&w=225,
311956793,Mezeast Shish 8 Wrap Kit 432G,https://www.tesco.com/groceries/en-GB/shop/food-cupboard/all?department=Cooking%20Sauces%2C%20Meal%20Kits%20%26%20Sides&viewAll=department&page=,£3.60,£0.83/100g,,,/groceries/en-GB/products/311956793,https://digitalcontent.api.tesco.com/v2/media/ghs/0fe10f6d-dc13-469d-a4bb-04b1a52b2327/4c96a4c0-4570-40eb-b9c1-496d14c94f8a_1279465512.jpeg?h=225&w=225,
308828569,Wagamama Chicken Ramen Meal Kit 250G,https://www.tesco.com/groceries/en-GB/shop/food-cupboard/all?department=Cooking%20Sauces%2C%20Meal%20Kits%20%26%20Sides&viewAll=department&page=,£3.50,£1.40/100g,,,/groceries/en-GB/products/308828569,https://digitalcontent.api.tesco.com/v2/media/ghs/5c737890-b8c8-4931-841d-93e110808dd2/f90a2c83-5cbb-40e2-bea7-5fd6eaee382b_1921046512.jpeg?h=225&w=225,
257153033,Sacla Ripened Tomato & Mascarpone Stir In 190G,https://www.tesco.com/groceries/en-GB/shop/food-cupboard/all?department=Cooking%20Sauces%2C%20Meal%20Kits%20%26%20Sides&viewAll=department&page=,£3.00,£1.58/100g,£2.30 Clubcard Price,,/groceries/en-GB/products/257153033,https://digitalcontent.api.tesco.com/v2/media/ghs/61c78611-2991-4bef-8d14-ad80d787c3fd/f1edb701-b797-497e-a143-cd469fe54a39_768418374.jpeg?h=225&w=225,
301786444,The Spice Tailor Classic Tarka Daal 400G,https://www.tesco.com/groceries/en-GB/shop/food-cupboard/all?department=Cooking%20Sauces%2C%20Meal%20Kits%20%26%20Sides&viewAll=department&page=,£3.15,£0.79/100g,,,/groceries/en-GB/products/301786444,https://digitalcontent.api.tesco.com/v2/media/ghs/791e6396-89ec-4756-9b9f-1a86489de474/2c458069-78de-4bee-a6a8-bde0c8dffc48_773220171.jpeg?h=225&w=225,
303852150,Mutti Chilli Peperoncino Pasta Sauce 400G,https://www.tesco.com/groceries/en-GB/shop/food-cupboard/all?department=Cooking%20Sauces%2C%20Meal%20Kits%20%26%20Sides&viewAll=department&page=,£2.95,£0.74/100g,,,/groceries/en-GB/products/303852150,https://digitalcontent.api.tesco.com/v2/media/ghs/9767fa56-4455-4fa7-ba56-bd939011c52b/b31adeff-b2ff-4e2c-9b6c-1741bb5cd38d_1918014299.jpeg?h=225&w=225,
308459084,Nando's Peri Wrap Peri Kit Smokey Bbq 261G,https://www.tesco.com/groceries/en-GB/shop/food-cupboard/all?department=Cooking%20Sauces%2C%20Meal%20Kits%20%26%20Sides&viewAll=department&page=,£3.20,£1.23/100g,,,/groceries/en-GB/products/308459084,https://digitalcontent.api.tesco.com/v2/media/ghs/d6f40ad3-054e-4e65-ae61-f17687251f93/ecf0db53-77aa-4d25-bbd1-d0e0cc183d67_1283050348.jpeg?h=225&w=225,
276760627,Lee Kum Kee Pure Sesame Oil 207Ml,https://www.tesco.com/groceries/en-GB/shop/food-cupboard/all?department=Cooking%20Sauces%2C%20Meal%20Kits%20%26%20Sides&viewAll=department&page=,£3.25,£1.57/100ml,,,/groceries/en-GB/products/276760627,https://digitalcontent.api.tesco.com/v2/media/ghs/a85ba38c-de95-45ac-8d62-5b7621c25efe/f54e841b-e418-4010-899e-f295caa09e87_1589485362.jpeg?h=225&w=225,
305248056,Tesco Red Pepper Pesto Cremoso 190G,https://www.tesco.com/groceries/en-GB/shop/food-cupboard/all?department=Cooking%20Sauces%2C%20Meal%20Kits%20%26%20Sides&viewAll=department&page=,£2.00,£1.06/100g,,,/groceries/en-GB/products/305248056,https://digitalcontent.api.tesco.com/v2/media/ghs/b05d3c28-d646-4116-a41c-600af29844cd/e9a3e2e5-7247-4a55-9db7-44a12b02c946_452248656.jpeg?h=225&w=225,
301413269,Gran Luchito Chipotle Salsa 300G,https://www.tesco.com/groceries/en-GB/shop/food-cupboard/all?department=Cooking%20Sauces%2C%20Meal%20Kits%20%26%20Sides&viewAll=department&page=,£2.65,£0.88/100g,,,/groceries/en-GB/products/301413269,https://digitalcontent.api.tesco.com/v2/media/ghs/bf47b142-03d4-4d99-9ace-0afff18ca3f0/33327ba0-a6ab-411e-a3ee-bd9cbbac335a_1772899595.jpeg?h=225&w=225,
303852075,Belazu Vegan Harissa Pesto 165G,https://www.tesco.com/groceries/en-GB/shop/food-cupboard/all?department=Cooking%20Sauces%2C%20Meal%20Kits%20%26%20Sides&viewAll=department&page=,£3.00,£1.82/100g,£2.25 Clubcard Price,,/groceries/en-GB/products/303852075,https://digitalcontent.api.tesco.com/v2/media/ghs/a24ccda3-c993-4a3e-8680-e281d09d402b/df936a44-14b3-4bd3-b550-f28196db29fb_1730541586.jpeg?h=225&w=225,
301064187,Yutaka Japanese-Style Katsu Curry 100G,https://www.tesco.com/groceries/en-GB/shop/food-cupboard/all?department=Cooking%20Sauces%2C%20Meal%20Kits%20%26%20Sides&viewAll=department&page=,£2.30,£2.30/100g,,,/groceries/en-GB/products/301064187,https://digitalcontent.api.tesco.com/v2/media/ghs/4eebd208-18f5-4d1c-92da-010800314881/8b60d250-9d5c-4c93-b3fb-78d6e0204476_1814665231.jpeg?h=225&w=225,
277017482,The Spice Tailor Delicate Korma Curry 300G,https://www.tesco.com/groceries/en-GB/shop/food-cupboard/all?department=Cooking%20Sauces%2C%20Meal%20Kits%20%26%20Sides&viewAll=department&page=,£3.15,£1.05/100g,£2.50 Clubcard Price,,/groceries/en-GB/products/277017482,https://digitalcontent.api.tesco.com/v2/media/ghs/db8707b9-e2c0-44de-ad22-40a7f14d48c7/fc883061-910c-493c-b6a3-368f4a3d3d80_98726450.jpeg?h=225&w=225,
304792005,Sacla' Spicy Chilli & Mozzarella Intenso Sauce 190G,https://www.tesco.com/groceries/en-GB/shop/food-cupboard/all?department=Cooking%20Sauces%2C%20Meal%20Kits%20%26%20Sides&viewAll=department&page=,£2.80,£1.48/100g,£2.25 Clubcard Price,,/groceries/en-GB/products/304792005,https://digitalcontent.api.tesco.com/v2/media/ghs/a52de40e-2f46-418f-b6a3-932788d37aa0/6c5c886a-bc5e-4d53-a0d4-c7f69fec15e2_1857845288.jpeg?h=225&w=225,
303126935,Kikkoman Teriyaki Sauce Sesame 250Ml,https://www.tesco.com/groceries/en-GB/shop/food-cupboard/all?department=Cooking%20Sauces%2C%20Meal%20Kits%20%26%20Sides&viewAll=department&page=,£3.00,£1.20/100ml,£2.15 Clubcard Price,,/groceries/en-GB/products/303126935,https://digitalcontent.api.tesco.com/v2/media/ghs/3f7410ef-0af4-4ac8-8dd9-44f92135d829/cc7bb8b9-9e96-431f-a8cd-2fd8e43173b0_1623408426.jpeg?h=225&w=225,
303630689,Kikkoman Teriyaki Sauce & Garlic 250Ml,https://www.tesco.com/groceries/en-GB/shop/food-cupboard/all?department=Cooking%20Sauces%2C%20Meal%20Kits%20%26%20Sides&viewAll=department&page=,£3.00,£1.20/100ml,£2.15 Clubcard Price,,/groceries/en-GB/products/303630689,https://digitalcontent.api.tesco.com/v2/media/ghs/986c3d9f-e08a-448e-ba76-5d944e6d0e6f/b96a0aee-d173-49b6-98dc-638f873cc292_1872551505.jpeg?h=225&w=225,
282280627,Pataks Tandoori Paste Mild 312G,https://www.tesco.com/groceries/en-GB/shop/food-cupboard/all?department=Cooking%20Sauces%2C%20Meal%20Kits%20%26%20Sides&viewAll=department&page=,£2.80,£0.90/100g,,,/groceries/en-GB/products/282280627,https://digitalcontent.api.tesco.com/v2/media/ghs/1f523207-38c4-4589-86b4-78df90bfcc61/6a1d6554-7ca7-4f71-aebc-9216ad60dafe_1588227227.jpeg?h=225&w=225,
306825028,Al'fez Apricot & Coriander Sauce 450G,https://www.tesco.com/groceries/en-GB/shop/food-cupboard/all?department=Cooking%20Sauces%2C%20Meal%20Kits%20%26%20Sides&viewAll=department&page=,£2.25,£0.50/100g,,,/groceries/en-GB/products/306825028,https://digitalcontent.api.tesco.com/v2/media/ghs/b57ec558-3e6c-4ba9-9dec-95e881a815e2/4c8e5edc-e03f-49c4-9da0-3d8039dfa8fc_1037184616.jpeg?h=225&w=225,
287000630,Cholula Chipotle Hot Sauce 150Ml,https://www.tesco.com/groceries/en-GB/shop/food-cupboard/all?department=Cooking%20Sauces%2C%20Meal%20Kits%20%26%20Sides&viewAll=department&page=,£1.90,£1.27/100ml,,,/groceries/en-GB/products/287000630,https://digitalcontent.api.tesco.com/v2/media/ghs/15251828-0408-4fe5-8933-7459f5e0341e/d8e37f2b-0733-4404-a6b7-d3ef0d4fef47_425483.jpeg?h=225&w=225,
307740495,Simply Cook Creamy Chorizo Penne Recipe Kit 39G,https://www.tesco.com/groceries/en-GB/shop/food-cupboard/all?department=Cooking%20Sauces%2C%20Meal%20Kits%20%26%20Sides&viewAll=department&page=,£2.50,£6.42/100g,,,/groceries/en-GB/products/307740495,https://digitalcontent.api.tesco.com/v2/media/ghs/faa6da77-8dae-418e-9d42-d808702bd616/daba9956-68b8-4bf3-a184-9d337712591d_267226753.jpeg?h=225&w=225,
304369980,Simply Cook Cajun Jambalaya Cooking Kit 60G,https://www.tesco.com/groceries/en-GB/shop/food-cupboard/all?department=Cooking%20Sauces%2C%20Meal%20Kits%20%26%20Sides&viewAll=department&page=,£2.50,£4.17/100g,,,/groceries/en-GB/products/304369980,https://digitalcontent.api.tesco.com/v2/media/ghs/6bdea2f8-94f0-464d-a627-03f3b5838c0f/0345d188-deb8-4441-9cec-a5eccad74f5c_1989577982.jpeg?h=225&w=225,
272651826,Old El Paso Sliced Red Jalapenos 215G,https://www.tesco.com/groceries/en-GB/shop/food-cupboard/all?department=Cooking%20Sauces%2C%20Meal%20Kits%20%26%20Sides&viewAll=department&page=,£1.65,£0.77/100g,,,/groceries/en-GB/products/272651826,https://digitalcontent.api.tesco.com/v2/media/ghs/03fd5a48-b488-4c3e-a0a1-b1b117121b7f/28f0d4ba-c81d-44ef-ac33-e942523e69e1_710629685.jpeg?h=225&w=225,
304796335,Thai Dragon Srirachi Chilli Mayonnaise Sauce 200Ml,https://www.tesco.com/groceries/en-GB/shop/food-cupboard/all?department=Cooking%20Sauces%2C%20Meal%20Kits%20%26%20Sides&viewAll=department&page=,£1.90,£0.95/100ml,,,/groceries/en-GB/products/304796335,https://digitalcontent.api.tesco.com/v2/media/ghs/6a5cfaec-8189-4528-b409-bf367543c80e/b249b22b-facd-4879-9c2c-50b41448cbbd_1668725029.jpeg?h=225&w=225,
309188080,Mezeast Spicy Chilli Paste 200G,https://www.tesco.com/groceries/en-GB/shop/food-cupboard/all?department=Cooking%20Sauces%2C%20Meal%20Kits%20%26%20Sides&viewAll=department&page=,£2.60,£1.30/100g,,,/groceries/en-GB/products/309188080,https://digitalcontent.api.tesco.com/v2/media/ghs/55cdd08c-f680-4c7f-b106-d3de16c1483d/02af9421-6063-4e56-b3cd-9c596d7b0f73_137860049.jpeg?h=225&w=225,
274067392,Cooks & Co Green Chillies 300G,https://www.tesco.com/groceries/en-GB/shop/food-cupboard/all?department=Cooking%20Sauces%2C%20Meal%20Kits%20%26%20Sides&viewAll=department&page=,£1.80,£1.20/100g DR.WT,,,/groceries/en-GB/products/274067392,https://digitalcontent.api.tesco.com/v2/media/ghs/63cdd211-4b89-49d7-b332-b70f8b994335/77a18393-87d8-4282-85a6-8dcd26dd8418_2052089347.jpeg?h=225&w=225,
286212064,Loyd Grossman Creamy Cider & Apple 330G,https://www.tesco.com/groceries/en-GB/shop/food-cupboard/all?department=Cooking%20Sauces%2C%20Meal%20Kits%20%26%20Sides&viewAll=department&page=,£2.00,£0.61/100g,,,/groceries/en-GB/products/286212064,https://digitalcontent.api.tesco.com/v2/media/ghs/26de8b57-aaad-405a-ab81-cc791fb8e3a4/545c37a4-5054-4965-a56e-ba0884b8ded3_1192759219.jpeg?h=225&w=225,
311783363,Heinz Sun Dried Cherry Tomato & Basil Cooking Sauce 350G,https://www.tesco.com/groceries/en-GB/shop/food-cupboard/all?department=Cooking%20Sauces%2C%20Meal%20Kits%20%26%20Sides&viewAll=department&page=,£2.00,£5.72/kg,,,/groceries/en-GB/products/311783363,https://digitalcontent.api.tesco.com/v2/media/ghs/7533d39f-3154-4242-9c7a-43425cdadff1/77a6ee22-bf14-439d-a96a-79ab028599e8_1002018660.jpeg?h=225&w=225,
301064164,Yutaka Organic Tamari Soy Sauce Gluten Free 150Ml,https://www.tesco.com/groceries/en-GB/shop/food-cupboard/all?department=Cooking%20Sauces%2C%20Meal%20Kits%20%26%20Sides&viewAll=department&page=,£2.25,£1.50/100ml,,,/groceries/en-GB/products/301064164,https://digitalcontent.api.tesco.com/v2/media/ghs/44cbd944-d8cf-4e04-bf46-5e2b287b6c02/6cd9d487-9517-4ef5-ba87-35dec404e70b_227302290.jpeg?h=225&w=225,
311214116,Tesco Finest Makhani Curry Sauce 340G,https://www.tesco.com/groceries/en-GB/shop/food-cupboard/all?department=Cooking%20Sauces%2C%20Meal%20Kits%20%26%20Sides&viewAll=department&page=,£1.80,£0.53/100g,,,/groceries/en-GB/products/311214116,https://digitalcontent.api.tesco.com/v2/media/ghs/00137af6-645f-4c8c-8062-eaaf244b4019/73457df7-e74c-470e-9a57-55674e75c701_960722358.jpeg?h=225&w=225,
305248033,Tesco Mediterranean Vegetable Bruschetta 190G,https://www.tesco.com/groceries/en-GB/shop/food-cupboard/all?department=Cooking%20Sauces%2C%20Meal%20Kits%20%26%20Sides&viewAll=department&page=,£1.55,£0.82/100g,,,/groceries/en-GB/products/305248033,https://digitalcontent.api.tesco.com/v2/media/ghs/7e7ddf89-46a8-491c-843e-c7e5be0ee038/4bb55d17-7a74-42d1-8b88-4e946be817cf_1386775616.jpeg?h=225&w=225,
252583211,Sharwoods Madras Sauce 420G,https://www.tesco.com/groceries/en-GB/shop/food-cupboard/all?department=Cooking%20Sauces%2C%20Meal%20Kits%20%26%20Sides&viewAll=department&page=,£2.00,£0.48/100g,£1.25 Clubcard Price,,/groceries/en-GB/products/252583211,https://digitalcontent.api.tesco.com/v2/media/ghs/4397bb8b-13b3-478e-9c3a-74b0bf843e12/40b9f924-75fe-4d8f-be32-00886bc8619e_1596917300.jpeg?h=225&w=225,
309766254,Dolmio 7 Vegetable Mediterranean Roasted Vegetable Pasta Sauce 350G,https://www.tesco.com/groceries/en-GB/shop/food-cupboard/all?department=Cooking%20Sauces%2C%20Meal%20Kits%20%26%20Sides&viewAll=department&page=,£2.00,£5.72/kg,,,/groceries/en-GB/products/309766254,https://digitalcontent.api.tesco.com/v2/media/ghs/aca0cf06-4909-4813-8dc4-3304aba7768f/fa94b369-de79-4808-936f-f81ca08d21d9_2024784981.jpeg?h=225&w=225,
258808738,Old Elpaso Thick & Chunky Salsa Hot 226G,https://www.tesco.com/groceries/en-GB/shop/food-cupboard/all?department=Cooking%20Sauces%2C%20Meal%20Kits%20%26%20Sides&viewAll=department&page=,£1.75,£0.78/100g,,,/groceries/en-GB/products/258808738,https://digitalcontent.api.tesco.com/v2/media/ghs/76ae94cb-3a0c-4f96-b021-2370b17d5482/498725b3-b353-40d9-952d-ddda619000af_333157515.jpeg?h=225&w=225,
255776883,Al'fez Falafel 150G,https://www.tesco.com/groceries/en-GB/shop/food-cupboard/all?department=Cooking%20Sauces%2C%20Meal%20Kits%20%26%20Sides&viewAll=department&page=,£1.75,£1.17/100g,£1.25 Clubcard Price,,/groceries/en-GB/products/255776883,https://digitalcontent.api.tesco.com/v2/media/ghs/f92d6782-36f7-46e7-b4a0-7a704eed7177/da4df13c-0362-49e9-a575-c766df76a1ae_969084288.jpeg?h=225&w=225,
311255902,Tesco Finest Karahi Curry Paste 180G,https://www.tesco.com/groceries/en-GB/shop/food-cupboard/all?department=Cooking%20Sauces%2C%20Meal%20Kits%20%26%20Sides&viewAll=department&page=,£1.50,£0.83/100g,,,/groceries/en-GB/products/311255902,https://digitalcontent.api.tesco.com/v2/media/ghs/5bb1ac5c-3d88-437c-b87e-28a00a5b7506/f683d0cd-5a05-42f0-a263-36518a27c2d6_1484774783.jpeg?h=225&w=225,
311447140,Walkers Sensations Naan Chips Lime Pickle 150G,https://www.tesco.com/groceries/en-GB/shop/food-cupboard/all?department=Cooking%20Sauces%2C%20Meal%20Kits%20%26%20Sides&viewAll=department&page=,£1.99,£1.33/100g,£1.50 Clubcard Price,,/groceries/en-GB/products/311447140,https://digitalcontent.api.tesco.com/v2/media/ghs/c40f0d79-8d9d-4b33-8d41-ba97e518a6b3/89b01a5b-d986-4d57-8057-7ed09fb9c0c0_1040201542.jpeg?h=225&w=225,
294781264,Tesco Satay Dipping Sauce 180G,https://www.tesco.com/groceries/en-GB/shop/food-cupboard/all?department=Cooking%20Sauces%2C%20Meal%20Kits%20%26%20Sides&viewAll=department&page=,£1.15,£0.64/100g,,,/groceries/en-GB/products/294781264,https://digitalcontent.api.tesco.com/v2/media/ghs/abc286cc-2a8d-4ebd-9aea-caae5c28bb61/f0b65e47-20f0-42c0-8448-79944ac12f8e_1988586939.jpeg?h=225&w=225,
271811795,Tesco Chow Mein Stir Fry Sauce 120G,https://www.tesco.com/groceries/en-GB/shop/food-cupboard/all?department=Cooking%20Sauces%2C%20Meal%20Kits%20%26%20Sides&viewAll=department&page=,£0.65,£0.54/100g,,,/groceries/en-GB/products/271811795,https://digitalcontent.api.tesco.com/v2/media/ghs/f0ccee84-4e18-4901-84c9-e3aca1d023b5/c89d8aa7-3e12-4047-9884-ce90b30a6833_560662420.jpeg?h=225&w=225,
309185123,Yo! Korean Sweet Chilli Stir Fry Sauce 100G,https://www.tesco.com/groceries/en-GB/shop/food-cupboard/all?department=Cooking%20Sauces%2C%20Meal%20Kits%20%26%20Sides&viewAll=department&page=,£1.05,£1.05/100g,75p Clubcard Price,,/groceries/en-GB/products/309185123,https://digitalcontent.api.tesco.com/v2/media/ghs/9c441f68-0e9e-42f9-8227-4e0e20cc1304/ba57ad53-9178-41e0-8c93-a290adcd8ef6_1612675773.jpeg?h=225&w=225,
250519367,Schwartz Lemon Butter Sauce Mix 38G,https://www.tesco.com/groceries/en-GB/shop/food-cupboard/all?department=Cooking%20Sauces%2C%20Meal%20Kits%20%26%20Sides&viewAll=department&page=,£0.90,£2.37/100g,Any 4 for £2 Clubcard Price - Selected Schwartz Recipe Mix 20g-41g ,,/groceries/en-GB/products/250519367,https://digitalcontent.api.tesco.com/v2/media/ghs/7b5bdeba-0263-4d8c-9f04-80f30abe7722/d7e9b73f-9c7c-4989-a742-98b4870cffe6_1776252755.jpeg?h=225&w=225,
311276969,Mezeast 8 Harissa Wrap Kit 420G,https://www.tesco.com/groceries/en-GB/shop/food-cupboard/all?department=Cooking%20Sauces%2C%20Meal%20Kits%20%26%20Sides&viewAll=department&page=,£3.60,£0.86/100g,,,/groceries/en-GB/products/311276969,https://digitalcontent.api.tesco.com/v2/media/ghs/953f3834-35e3-42e5-ac2e-077a37f26bd7/7b7ecbaa-2628-4347-844d-10256431fc29_714800008.jpeg?h=225&w=225,
307756079,Belazu Smoked Chilli Harissa Paste 130G,https://www.tesco.com/groceries/en-GB/shop/food-cupboard/all?department=Cooking%20Sauces%2C%20Meal%20Kits%20%26%20Sides&viewAll=department&page=,£3.85,£0.30/10g,,,/groceries/en-GB/products/307756079,https://digitalcontent.api.tesco.com/v2/media/ghs/e6b338bd-e2da-44bc-9b42-adc6c0493306/4affb713-8287-46c2-817c-b84f1c88e38b_166796030.jpeg?h=225&w=225,
303870272,Ocean's Halo Organic Ramen Broth 946Ml,https://www.tesco.com/groceries/en-GB/shop/food-cupboard/all?department=Cooking%20Sauces%2C%20Meal%20Kits%20%26%20Sides&viewAll=department&page=,£3.40,£0.36/100ml,,,/groceries/en-GB/products/303870272,https://digitalcontent.api.tesco.com/v2/media/ghs/e4ae3b7d-bc32-4cb3-82c1-9a90b5aea3d2/67e73ad1-773a-49df-8496-d34ab4195fb4_1190270321.jpeg?h=225&w=225,
293134088,Pataks Meal Kit Madras 313G,https://www.tesco.com/groceries/en-GB/shop/food-cupboard/all?department=Cooking%20Sauces%2C%20Meal%20Kits%20%26%20Sides&viewAll=department&page=,£2.85,£0.91/100g,,,/groceries/en-GB/products/293134088,https://digitalcontent.api.tesco.com/v2/media/ghs/e12ad0f5-f05f-4f34-bad7-aa1f7eb59dbd/0b329dbc-18fc-455f-8125-b59b1b8c4a51_248996398.jpeg?h=225&w=225,
296829039,Street Kitchen Malaysian Satay Chicken Meal Kit 255G,https://www.tesco.com/groceries/en-GB/shop/food-cupboard/all?department=Cooking%20Sauces%2C%20Meal%20Kits%20%26%20Sides&viewAll=department&page=,£2.89,£1.14/100g,Aldi Price Match,,/groceries/en-GB/products/296829039,https://digitalcontent.api.tesco.com/v2/media/ghs/26a020f3-2f32-424e-830e-a50438462a41/e299bbe2-01bd-49da-8f05-99b695d7635d_1353319000.jpeg?h=225&w=225,
301064089,Blue Dragon 3 Step Katsu Curry330g,https://www.tesco.com/groceries/en-GB/shop/food-cupboard/all?department=Cooking%20Sauces%2C%20Meal%20Kits%20%26%20Sides&viewAll=department&page=,£3.10,£0.94/100g,,,/groceries/en-GB/products/301064089,https://digitalcontent.api.tesco.com/v2/media/ghs/aed296cb-1570-438c-8111-8d1ae0e663a2/e4bb8961-a82b-470e-97c8-ec58dbc3f3be_44589258.jpeg?h=225&w=225,
309166479,Old El Paso Mild Smoky Bbq Tortilla Pockets Kit 380G,https://www.tesco.com/groceries/en-GB/shop/food-cupboard/all?department=Cooking%20Sauces%2C%20Meal%20Kits%20%26%20Sides&viewAll=department&page=,£2.52,£0.66/100g,Aldi Price Match,,/groceries/en-GB/products/309166479,https://digitalcontent.api.tesco.com/v2/media/ghs/fdcdae1e-b184-4876-98f2-0d2a1a99f4f1/8d761a70-502a-4e75-9d88-1536458a4c8e_1071396869.jpeg?h=225&w=225,
311787422,Ben's Plant Powered Spicy Lentil Stew 285G,https://www.tesco.com/groceries/en-GB/shop/food-cupboard/all?department=Cooking%20Sauces%2C%20Meal%20Kits%20%26%20Sides&viewAll=department&page=,£2.40,£8.43/kg,,,/groceries/en-GB/products/311787422,https://digitalcontent.api.tesco.com/v2/media/ghs/f40e65a2-dfc6-4a7d-abc3-83a989f317f0/66398585-375b-4e47-8695-1ac33f814db9_1175705216.jpeg?h=225&w=225,
311433231,The Spice Tailor Delhi Biryani 360G,https://www.tesco.com/groceries/en-GB/shop/food-cupboard/all?department=Cooking%20Sauces%2C%20Meal%20Kits%20%26%20Sides&viewAll=department&page=,£3.15,£0.88/100g,,,/groceries/en-GB/products/311433231,https://digitalcontent.api.tesco.com/v2/media/ghs/bb6f6f3c-5f50-4b9f-bfcb-896e70fa1bd1/b18732fb-3506-4219-bbde-974683fe0bbe_1235632277.jpeg?h=225&w=225,
310178396,Herdez Salsa Verde Mild 240G,https://www.tesco.com/groceries/en-GB/shop/food-cupboard/all?department=Cooking%20Sauces%2C%20Meal%20Kits%20%26%20Sides&viewAll=department&page=,£2.50,£1.05/100g,,,/groceries/en-GB/products/310178396,https://digitalcontent.api.tesco.com/v2/media/ghs/76cff739-3902-46c8-852f-8d5ff9a22521/dab62b09-ea6c-4b44-87e6-fe85960a29bb_1857820672.jpeg?h=225&w=225,
309769844,Thai Taste Green Curry Meal Kit 233G,https://www.tesco.com/groceries/en-GB/shop/food-cupboard/all?department=Cooking%20Sauces%2C%20Meal%20Kits%20%26%20Sides&viewAll=department&page=,£2.50,£1.08/100g,,,/groceries/en-GB/products/309769844,https://digitalcontent.api.tesco.com/v2/media/ghs/567759fb-f6cd-4d08-89be-7a449105e70a/222ec35f-9f39-4ded-b71d-bdd0ab11be6e_1093506162.jpeg?h=225&w=225,
309184182,Old El Paso Mild Fajita Melt Kit 385G,https://www.tesco.com/groceries/en-GB/shop/food-cupboard/all?department=Cooking%20Sauces%2C%20Meal%20Kits%20%26%20Sides&viewAll=department&page=,£3.19,£0.83/100g,Aldi Price Match,,/groceries/en-GB/products/309184182,https://digitalcontent.api.tesco.com/v2/media/ghs/b2cd96f3-c0da-4f7b-9847-791929314a2c/78953460-04e5-49ba-b79f-923e2baeb807_1544950706.jpeg?h=225&w=225,
282843008,The Spice Tailor Punjabi Tomato Curry 300G,https://www.tesco.com/groceries/en-GB/shop/food-cupboard/all?department=Cooking%20Sauces%2C%20Meal%20Kits%20%26%20Sides&viewAll=department&page=,£3.15,£1.05/100g,£2.50 Clubcard Price,,/groceries/en-GB/products/282843008,https://digitalcontent.api.tesco.com/v2/media/ghs/5fc125fc-c6dc-4f5f-bd41-277fc23d55ed/53188172-cd14-42db-9206-4fe9306309f1_335723807.jpeg?h=225&w=225,
304390256,Simply Cook Vietnamese Pork Cooking Kit 85G,https://www.tesco.com/groceries/en-GB/shop/food-cupboard/all?department=Cooking%20Sauces%2C%20Meal%20Kits%20%26%20Sides&viewAll=department&page=,£2.50,£2.95/100g,,,/groceries/en-GB/products/304390256,https://digitalcontent.api.tesco.com/v2/media/ghs/4f857dd3-70c1-4943-8acc-3208f6abead3/e50f7cec-8b01-4341-ac39-f33003bafdc2_1757035391.jpeg?h=225&w=225,
305253959,Tesco Basil Pesto Cremoso 190G,https://www.tesco.com/groceries/en-GB/shop/food-cupboard/all?department=Cooking%20Sauces%2C%20Meal%20Kits%20%26%20Sides&viewAll=department&page=,£2.00,£1.06/100g,,,/groceries/en-GB/products/305253959,https://digitalcontent.api.tesco.com/v2/media/ghs/9e4b5f90-36d7-41b3-aa74-f6c0c8d6196d/5f3454f8-3bd9-4c31-b8d5-39e99c1a0065_1446990146.jpeg?h=225&w=225,
311261376,The Spice Tailor Curry Southern Chettinad 300G,https://www.tesco.com/groceries/en-GB/shop/food-cupboard/all?department=Cooking%20Sauces%2C%20Meal%20Kits%20%26%20Sides&viewAll=department&page=,£3.15,£1.05/100g,£2.50 Clubcard Price,,/groceries/en-GB/products/311261376,https://digitalcontent.api.tesco.com/v2/media/ghs/5089f68a-40eb-4a1b-a229-b6fc44cf32f7/5c20e190-cc34-43d6-97d4-3dfd84e97c18_888498692.jpeg?h=225&w=225,
304377267,Simply Cook Chicken Makhani Cooking Kit 41G,https://www.tesco.com/groceries/en-GB/shop/food-cupboard/all?department=Cooking%20Sauces%2C%20Meal%20Kits%20%26%20Sides&viewAll=department&page=,£2.50,£6.10/100g,,,/groceries/en-GB/products/304377267,https://digitalcontent.api.tesco.com/v2/media/ghs/8641d45a-29aa-45f0-8c86-8474542560e9/be989a1c-e29d-4bd2-9145-182bc861ccf1_16131357.jpeg?h=225&w=225,
303760264,Geeta's Premium Lime & Chilli Chutney 230G,https://www.tesco.com/groceries/en-GB/shop/food-cupboard/all?department=Cooking%20Sauces%2C%20Meal%20Kits%20%26%20Sides&viewAll=department&page=,£1.90,£0.83/100g,,,/groceries/en-GB/products/303760264,https://digitalcontent.api.tesco.com/v2/media/ghs/2a918164-bc26-4c7c-8bf8-34e196e32220/38c2efb5-c36b-4e90-8219-77cbc6b213c9_1996862208.jpeg?h=225&w=225,
311251031,Tesco Finest Vindaloo Curry Sauce 340G,https://www.tesco.com/groceries/en-GB/shop/food-cupboard/all?department=Cooking%20Sauces%2C%20Meal%20Kits%20%26%20Sides&viewAll=department&page=,£1.80,£0.53/100g,,,/groceries/en-GB/products/311251031,https://digitalcontent.api.tesco.com/v2/media/ghs/a44186d3-0d4f-4130-bfef-1336a6e40511/e9336ab3-87b3-49bb-b383-a673eedcd2b3_935804013.jpeg?h=225&w=225,
286211520,Loyd Grossman Creamy Leek & Bacon 330G,https://www.tesco.com/groceries/en-GB/shop/food-cupboard/all?department=Cooking%20Sauces%2C%20Meal%20Kits%20%26%20Sides&viewAll=department&page=,£2.00,£0.61/100g,,,/groceries/en-GB/products/286211520,https://digitalcontent.api.tesco.com/v2/media/ghs/cf4e4afe-c1a4-4876-8d0f-3610512edc12/df8e86b9-e86b-402f-8b74-61ba3094faad_771348130.jpeg?h=225&w=225,
311673885,Heinz Tomato Grana Padano Mascarpone Sauce 350G,https://www.tesco.com/groceries/en-GB/shop/food-cupboard/all?department=Cooking%20Sauces%2C%20Meal%20Kits%20%26%20Sides&viewAll=department&page=,£2.00,£5.72/kg,,,/groceries/en-GB/products/311673885,https://digitalcontent.api.tesco.com/v2/media/ghs/4826be02-e350-4e2c-90a2-36b182042969/427b5ad8-ca8c-44cc-9647-44f2372d8948_341774707.jpeg?h=225&w=225,
311273713,Tesco Finest Karahi Curry Sauce 340G,https://www.tesco.com/groceries/en-GB/shop/food-cupboard/all?department=Cooking%20Sauces%2C%20Meal%20Kits%20%26%20Sides&viewAll=department&page=,£1.80,£0.53/100g,,,/groceries/en-GB/products/311273713,https://digitalcontent.api.tesco.com/v2/media/ghs/019458eb-3314-44f9-9ebb-da7a89be1d74/2ce934e5-36d5-4432-99f3-a4d868e6f8ed_1807158543.jpeg?h=225&w=225,
304797207,Tesco Finest Pepper & Sun Dried Tomato Aglio E Olio 190G,https://www.tesco.com/groceries/en-GB/shop/food-cupboard/all?department=Cooking%20Sauces%2C%20Meal%20Kits%20%26%20Sides&viewAll=department&page=,£1.95,£1.03/100g,,,/groceries/en-GB/products/304797207,https://digitalcontent.api.tesco.com/v2/media/ghs/f405fda5-b3dd-4690-b261-dc8f2e058b6a/41075a56-ddf0-49b6-b67b-1fa0e6a7117b_82019714.jpeg?h=225&w=225,
309466442,Jamie Oliver Keralan Inspired Curry Paste 180G,https://www.tesco.com/groceries/en-GB/shop/food-cupboard/all?department=Cooking%20Sauces%2C%20Meal%20Kits%20%26%20Sides&viewAll=department&page=,£2.10,£1.17/100g,,,/groceries/en-GB/products/309466442,https://digitalcontent.api.tesco.com/v2/media/ghs/8b018119-3927-4666-a449-8d3659dc13cc/f0ba088d-724f-4116-a17d-07448a1fc4d8_726453608.jpeg?h=225&w=225,
309191478,Jamie Oliver Korma Curry Paste 180G,https://www.tesco.com/groceries/en-GB/shop/food-cupboard/all?department=Cooking%20Sauces%2C%20Meal%20Kits%20%26%20Sides&viewAll=department&page=,£2.10,£1.17/100g,,,/groceries/en-GB/products/309191478,https://digitalcontent.api.tesco.com/v2/media/ghs/5df76239-0d2a-44b1-910c-c291ead4978b/e577f5b8-1851-4d15-99f3-42b17ca4f346_1006563944.jpeg?h=225&w=225,
307143447,Yo! Korean Sweet Chilli Sauce 200Ml,https://www.tesco.com/groceries/en-GB/shop/food-cupboard/all?department=Cooking%20Sauces%2C%20Meal%20Kits%20%26%20Sides&viewAll=department&page=,£2.10,£1.05/100ml,£1.60 Clubcard Price,,/groceries/en-GB/products/307143447,https://digitalcontent.api.tesco.com/v2/media/ghs/c9590bbb-4525-4a3f-bea2-07245384836e/bf8c99c2-2099-4f6d-bf78-7560f97f758b_668295486.jpeg?h=225&w=225,
289670253,Blue Dragon Thai Red Paste Pot For Two 50G,https://www.tesco.com/groceries/en-GB/shop/food-cupboard/all?department=Cooking%20Sauces%2C%20Meal%20Kits%20%26%20Sides&viewAll=department&page=,£1.20,£2.40/100g,,,/groceries/en-GB/products/289670253,https://digitalcontent.api.tesco.com/v2/media/ghs/2c1891f9-efff-483e-b668-70b997960773/e14a99e6-5ff9-41eb-b43c-fd8b4db6f665_667623780.jpeg?h=225&w=225,
309779832,Dolmio 7 Vegetable Tomato & Basil Pasta Sauce 350G,https://www.tesco.com/groceries/en-GB/shop/food-cupboard/all?department=Cooking%20Sauces%2C%20Meal%20Kits%20%26%20Sides&viewAll=department&page=,£2.00,£5.72/kg,,,/groceries/en-GB/products/309779832,https://digitalcontent.api.tesco.com/v2/media/ghs/64bcb9d5-c8e1-417b-80cd-6ea849348174/2d0c76a8-f11e-493c-8541-570a18e18221_1839483900.jpeg?h=225&w=225,
311219157,Tesco Mild Magic Masala Paste 180G,https://www.tesco.com/groceries/en-GB/shop/food-cupboard/all?department=Cooking%20Sauces%2C%20Meal%20Kits%20%26%20Sides&viewAll=department&page=,£1.50,£0.83/100g,,,/groceries/en-GB/products/311219157,https://digitalcontent.api.tesco.com/v2/media/ghs/8cf6310d-e4a1-4162-b00c-d9eeee1add46/d406683b-f20f-4c23-b35d-89b078c8cbbd_473634424.jpeg?h=225&w=225,
293258166,Kohinoor Lucknowi Adraki Bhuna Sauce 375G,https://www.tesco.com/groceries/en-GB/shop/food-cupboard/all?department=Cooking%20Sauces%2C%20Meal%20Kits%20%26%20Sides&viewAll=department&page=,£1.75,£0.47/100g,,,/groceries/en-GB/products/293258166,https://digitalcontent.api.tesco.com/v2/media/ghs/c7bca1e4-60dd-40b1-b584-3838cfe36b2f/cd12faed-c05f-4cf0-ba5e-bda58d603141_1934247843.jpeg?h=225&w=225,
309179959,Yo! Korean Style Bbq Coat & Cook 100G,https://www.tesco.com/groceries/en-GB/shop/food-cupboard/all?department=Cooking%20Sauces%2C%20Meal%20Kits%20%26%20Sides&viewAll=department&page=,£1.05,£1.05/100g,75p Clubcard Price,,/groceries/en-GB/products/309179959,https://digitalcontent.api.tesco.com/v2/media/ghs/e869011a-60bd-4fd9-ab5c-2c885499d1ec/b5cc637e-b178-4a80-bcd4-811e12889f1d_1497717158.jpeg?h=225&w=225,
296446411,Regal Naan Garlic And Coriander 3 Pack,https://www.tesco.com/groceries/en-GB/shop/food-cupboard/all?department=Cooking%20Sauces%2C%20Meal%20Kits%20%26%20Sides&viewAll=department&page=,£2.00,£0.67/each,,,/groceries/en-GB/products/296446411,https://digitalcontent.api.tesco.com/v2/media/ghs/4a6842e3-336a-4215-b14c-01233c750317/112ae97c-e53c-4927-9247-d95ac52e6cb1_1925396196.jpeg?h=225&w=225,
305199919,Old El Paso Gluten Free 518G Enchilada Kit,https://www.tesco.com/groceries/en-GB/shop/food-cupboard/all?department=Cooking%20Sauces%2C%20Meal%20Kits%20%26%20Sides&viewAll=department&page=,£2.99,£5.78/kg,Aldi Price Match,,/groceries/en-GB/products/305199919,https://digitalcontent.api.tesco.com/v2/media/ghs/00db1a84-6108-4024-bd6b-b7c45008522d/e4f2f08a-a1c3-4e82-9b2c-9d69636c0964_1301430676.jpeg?h=225&w=225,
310684706,Simply Cook Kit Creamy Tuscan Sausages Pasta Recipe 40G,https://www.tesco.com/groceries/en-GB/shop/food-cupboard/all?department=Cooking%20Sauces%2C%20Meal%20Kits%20%26%20Sides&viewAll=department&page=,£2.50,£6.25/100g,£1.50 Clubcard Price,,/groceries/en-GB/products/310684706,https://digitalcontent.api.tesco.com/v2/media/ghs/6b73852c-9dc4-4781-9de0-a8920cafe144/f856f9dd-4bd1-4ef2-97ae-7825b380e1f9_255623651.jpeg?h=225&w=225,
307155387,Yo! Katsu Curry Crumb 35G,https://www.tesco.com/groceries/en-GB/shop/food-cupboard/all?department=Cooking%20Sauces%2C%20Meal%20Kits%20%26%20Sides&viewAll=department&page=,£1.05,£3.00/100g,75p Clubcard Price,,/groceries/en-GB/products/307155387,https://digitalcontent.api.tesco.com/v2/media/ghs/eecf0424-01eb-485a-99cb-21610a4ecaff/c9cd0c50-fff4-4ba3-af7d-38507d09803a_1329622327.jpeg?h=225&w=225,
303704885,Yo! Sticky Bbq Yakitori Sauce 100G,https://www.tesco.com/groceries/en-GB/shop/food-cupboard/all?department=Cooking%20Sauces%2C%20Meal%20Kits%20%26%20Sides&viewAll=department&page=,£1.05,£1.05/100g,75p Clubcard Price,,/groceries/en-GB/products/303704885,https://digitalcontent.api.tesco.com/v2/media/ghs/92fed0de-edfc-44a6-8dc2-581054b1eefc/a29be834-b8d8-4d42-a30b-06d5680786d4_780972383.jpeg?h=225&w=225,
310662220,Simply Cook Spicy Prawn Pasta Recipe Kit 43G,https://www.tesco.com/groceries/en-GB/shop/food-cupboard/all?department=Cooking%20Sauces%2C%20Meal%20Kits%20%26%20Sides&viewAll=department&page=,£2.50,£5.82/100g,£1.50 Clubcard Price,,/groceries/en-GB/products/310662220,https://digitalcontent.api.tesco.com/v2/media/ghs/a3f6ced5-e999-4455-8be8-ed7b15582b3a/0156fcd5-712b-4e9b-b671-692b25a372ae_677057052.jpeg?h=225&w=225,
257219325,Mc Donnells Curry Sauce 250G,https://www.tesco.com/groceries/en-GB/shop/food-cupboard/all?department=Cooking%20Sauces%2C%20Meal%20Kits%20%26%20Sides&viewAll=department&page=,£3.50,£1.40/100g,,,/groceries/en-GB/products/257219325,https://digitalcontent.api.tesco.com/v2/media/ghs/c833930c-05cb-470d-a8cb-fa74dc9436e6/2a703e36-871e-40ec-ab8b-9b78c2974d0b_1235109691.jpeg?h=225&w=225,
311423773,Filippo Berio Truffle Pesto 190G,https://www.tesco.com/groceries/en-GB/shop/food-cupboard/all?department=Cooking%20Sauces%2C%20Meal%20Kits%20%26%20Sides&viewAll=department&page=,£4.50,£2.37/100g,,,/groceries/en-GB/products/311423773,https://digitalcontent.api.tesco.com/v2/media/ghs/8b5fcfac-ff97-4f08-96f4-d05fe0ed2581/9b24ffee-256d-4c05-a239-c0bc73cdcb77_243789674.jpeg?h=225&w=225,
301064129,Blue Dragon Ramen Noodle Kit 201G,https://www.tesco.com/groceries/en-GB/shop/food-cupboard/all?department=Cooking%20Sauces%2C%20Meal%20Kits%20%26%20Sides&viewAll=department&page=,£3.10,£1.55/100g,,,/groceries/en-GB/products/301064129,https://digitalcontent.api.tesco.com/v2/media/ghs/58a7a310-d167-4742-9e50-e839e5c8a32a/7465a5b8-782a-449d-b525-6b0bba06752b_1666097218.jpeg?h=225&w=225,
273911685,Tesco Tom Yum Paste 95G,https://www.tesco.com/groceries/en-GB/shop/food-cupboard/all?department=Cooking%20Sauces%2C%20Meal%20Kits%20%26%20Sides&viewAll=department&page=,£2.10,£2.22/100g,,,/groceries/en-GB/products/273911685,https://digitalcontent.api.tesco.com/v2/media/ghs/7808db6f-98d8-4b88-96b8-4366fef4b6ae/27f83675-2f9c-4d69-bd72-7a72ec7a4a9c_1949365029.jpeg?h=225&w=225,
296829114,Street Kitchen Kung Pao Chicken Meal Kit 255G,https://www.tesco.com/groceries/en-GB/shop/food-cupboard/all?department=Cooking%20Sauces%2C%20Meal%20Kits%20%26%20Sides&viewAll=department&page=,£2.89,£1.14/100g,,,/groceries/en-GB/products/296829114,https://digitalcontent.api.tesco.com/v2/media/ghs/f4667cfc-3232-446b-8999-594950f2e0b4/ee951358-977d-4cdf-b7dd-a2692857f8d7_1720815970.jpeg?h=225&w=225,
257895122,Blue Dragon Sesame Oil 150Ml,https://www.tesco.com/groceries/en-GB/shop/food-cupboard/all?department=Cooking%20Sauces%2C%20Meal%20Kits%20%26%20Sides&viewAll=department&page=,£2.70,£1.80/100ml,,,/groceries/en-GB/products/257895122,https://digitalcontent.api.tesco.com/v2/media/ghs/d7ebffa0-b08b-4f0a-ae4e-f5998c6f9884/74d3a675-b6f3-460b-85ac-15ce45cf78f6_607037692.jpeg?h=225&w=225,
308846207,Wagamama Katsu Curry Meal Kit 190G,https://www.tesco.com/groceries/en-GB/shop/food-cupboard/all?department=Cooking%20Sauces%2C%20Meal%20Kits%20%26%20Sides&viewAll=department&page=,£3.50,£1.85/100g,,,/groceries/en-GB/products/308846207,https://digitalcontent.api.tesco.com/v2/media/ghs/75e6bb9f-0f8e-4066-a814-0bf829e1e1ce/ac790eb8-e53b-4c76-8ace-f9e307b79799_1063468789.jpeg?h=225&w=225,
303852052,Belazu Smoked Paprika Pesto 165G,https://www.tesco.com/groceries/en-GB/shop/food-cupboard/all?department=Cooking%20Sauces%2C%20Meal%20Kits%20%26%20Sides&viewAll=department&page=,£3.00,£1.82/100g,£2.25 Clubcard Price,,/groceries/en-GB/products/303852052,https://digitalcontent.api.tesco.com/v2/media/ghs/58de79db-6d7a-4a3b-980c-cee53728944d/b3603bfe-2d5d-4026-b169-05b47db9dc63_1461998672.jpeg?h=225&w=225,
306657209,Blue Dragon Satay Noodle Meal Kit 230G,https://www.tesco.com/groceries/en-GB/shop/food-cupboard/all?department=Cooking%20Sauces%2C%20Meal%20Kits%20%26%20Sides&viewAll=department&page=,£3.10,£1.35/100g,,,/groceries/en-GB/products/306657209,https://digitalcontent.api.tesco.com/v2/media/ghs/fe8c4b8e-9aec-4882-b717-a9a654b2fcab/287f626b-057b-48e3-a934-7f5a27fc9634_379010967.jpeg?h=225&w=225,
311789593,Al'fez Moroccan Style Lemon Tagine Meal Kit 370G,https://www.tesco.com/groceries/en-GB/shop/food-cupboard/all?department=Cooking%20Sauces%2C%20Meal%20Kits%20%26%20Sides&viewAll=department&page=,£3.00,£0.81/100g,,,/groceries/en-GB/products/311789593,https://digitalcontent.api.tesco.com/v2/media/ghs/012c149f-18c1-4a54-be18-428c99341ccd/a4de6383-0458-45ad-94c0-566f61a9f0a6_1586754315.jpeg?h=225&w=225,
301064302,Miso Tasty Spicy Udon Noodle Kit 472G,https://www.tesco.com/groceries/en-GB/shop/food-cupboard/all?department=Cooking%20Sauces%2C%20Meal%20Kits%20%26%20Sides&viewAll=department&page=,£3.50,£0.74/100g,,,/groceries/en-GB/products/301064302,https://digitalcontent.api.tesco.com/v2/media/ghs/03591891-e8d5-4818-8f8e-c93f88022f0d/a53e58ca-ecf6-4c90-8fc8-d46ede74d2b9_1396931199.jpeg?h=225&w=225,
304375239,Blue Dragon Yaki Soba Noodle Kit 191G,https://www.tesco.com/groceries/en-GB/shop/food-cupboard/all?department=Cooking%20Sauces%2C%20Meal%20Kits%20%26%20Sides&viewAll=department&page=,£3.10,£1.63/100g,,,/groceries/en-GB/products/304375239,https://digitalcontent.api.tesco.com/v2/media/ghs/0a4d2b93-1a3e-4ef9-b621-b6f515bbce99/006b784c-5a6b-4da6-b002-3c69ed21c795_1722552967.jpeg?h=225&w=225,
310142997,Sacla' Rooted In Nature Organic Pasta Bolognese Sauce 500G,https://www.tesco.com/groceries/en-GB/shop/food-cupboard/all?department=Cooking%20Sauces%2C%20Meal%20Kits%20%26%20Sides&viewAll=department&page=,£2.75,£0.55/100g,£2.25 Clubcard Price,,/groceries/en-GB/products/310142997,https://digitalcontent.api.tesco.com/v2/media/ghs/97f5c54c-aaa4-48f4-9edf-5743a50101f3/4b486f6c-f5ba-411b-b3cc-f276819bc60c_313298677.jpeg?h=225&w=225,
311428399,The Spice Tailor Malabar Biryani 360G,https://www.tesco.com/groceries/en-GB/shop/food-cupboard/all?department=Cooking%20Sauces%2C%20Meal%20Kits%20%26%20Sides&viewAll=department&page=,£3.15,£0.88/100g,,,/groceries/en-GB/products/311428399,https://digitalcontent.api.tesco.com/v2/media/ghs/e1e22145-8bd3-4239-b8ee-2636d6feeaa9/a4448cde-3bc4-47de-b1ae-f564ec5c7235_1755857445.jpeg?h=225&w=225,
310096037,Sacla' Rooted In Nature Organic Pasta Tomato Sauce 500G,https://www.tesco.com/groceries/en-GB/shop/food-cupboard/all?department=Cooking%20Sauces%2C%20Meal%20Kits%20%26%20Sides&viewAll=department&page=,£2.75,£0.55/100g,£2.25 Clubcard Price,,/groceries/en-GB/products/310096037,https://digitalcontent.api.tesco.com/v2/media/ghs/b3b74f7d-100a-4dc6-8dda-31625fcb78c7/ae72387e-dbec-448f-b1b7-abd28eb0daa0_1425181597.jpeg?h=225&w=225,
278432506,Tesco Nasi Goreng Paste 185G,https://www.tesco.com/groceries/en-GB/shop/food-cupboard/all?department=Cooking%20Sauces%2C%20Meal%20Kits%20%26%20Sides&viewAll=department&page=,£2.10,£1.14/100g,,,/groceries/en-GB/products/278432506,https://digitalcontent.api.tesco.com/v2/media/ghs/b39eb789-d117-4831-97af-ac2270aa608c/snapshotimagehandler_1060814795.jpeg?h=225&w=225,
305056346,Loyd Grossman Wholegrain Bolognese Healthy Inspirations 275G,https://www.tesco.com/groceries/en-GB/shop/food-cupboard/all?department=Cooking%20Sauces%2C%20Meal%20Kits%20%26%20Sides&viewAll=department&page=,£2.00,£0.73/100g,,,/groceries/en-GB/products/305056346,https://digitalcontent.api.tesco.com/v2/media/ghs/a325ea2b-d433-4763-a8fa-4039d1108da7/f4b1e4a0-f497-4afb-a908-b6ab3918a580_2030518640.jpeg?h=225&w=225,
311440435,Herdez Salsa Casera 240G,https://www.tesco.com/groceries/en-GB/shop/food-cupboard/all?department=Cooking%20Sauces%2C%20Meal%20Kits%20%26%20Sides&viewAll=department&page=,£2.50,£1.05/100g,,,/groceries/en-GB/products/311440435,https://digitalcontent.api.tesco.com/v2/media/ghs/1fce5aaa-8a37-4b5d-8fe9-09f861eea0af/aa4c1020-5a6b-48a1-8354-6f4ac12c414e_752263902.jpeg?h=225&w=225,
259339001,Sacla Red Onion & Gorgonzola St/Through 190G,https://www.tesco.com/groceries/en-GB/shop/food-cupboard/all?department=Cooking%20Sauces%2C%20Meal%20Kits%20%26%20Sides&viewAll=department&page=,£3.00,£1.58/100g,£2.30 Clubcard Price,,/groceries/en-GB/products/259339001,https://digitalcontent.api.tesco.com/v2/media/ghs/16d3d9ff-0d7f-4e1f-a442-922d28ac483a/77421571-f6b9-47d5-acb5-82f0da18e0b4_348007963.jpeg?h=225&w=225,
310114271,Tesco Tagine Paste 180G,https://www.tesco.com/groceries/en-GB/shop/food-cupboard/all?department=Cooking%20Sauces%2C%20Meal%20Kits%20%26%20Sides&viewAll=department&page=,£2.05,£1.14/100g,,,/groceries/en-GB/products/310114271,https://digitalcontent.api.tesco.com/v2/media/ghs/9f9806b5-a017-4ead-b7ea-8eba720e3c0f/16a30989-e71e-4f54-aba4-e5a7c0947efd_315208368.jpeg?h=225&w=225,
300594540,Tesco Rendang Paste 200G,https://www.tesco.com/groceries/en-GB/shop/food-cupboard/all?department=Cooking%20Sauces%2C%20Meal%20Kits%20%26%20Sides&viewAll=department&page=,£1.80,£0.90/100g,,,/groceries/en-GB/products/300594540,https://digitalcontent.api.tesco.com/v2/media/ghs/65300c8f-3e53-4cb9-ad17-412bffc6e47b/7f6b09b2-d4ed-430e-9b83-bf6d380bd3cb_948162010.jpeg?h=225&w=225,
311785729,Al'fez Smoky Harissa Tagine Sauce 450G,https://www.tesco.com/groceries/en-GB/shop/food-cupboard/all?department=Cooking%20Sauces%2C%20Meal%20Kits%20%26%20Sides&viewAll=department&page=,£2.25,£0.50/100g,,,/groceries/en-GB/products/311785729,https://digitalcontent.api.tesco.com/v2/media/ghs/1c7f8198-fc52-42c7-a61b-fc612097f985/b42d9650-3bba-41d8-9509-8e0e68a21fae_1605449037.jpeg?h=225&w=225,
309199585,Mezeast Toum Garlic Sauce 170Ml,https://www.tesco.com/groceries/en-GB/shop/food-cupboard/all?department=Cooking%20Sauces%2C%20Meal%20Kits%20%26%20Sides&viewAll=department&page=,£2.30,£1.36/100ml,,,/groceries/en-GB/products/309199585,https://digitalcontent.api.tesco.com/v2/media/ghs/89a58771-f04b-45ba-a7b3-90e5ca769b7c/85bb5d9c-93bd-4107-a034-7b14f7f95a5a_1597600879.jpeg?h=225&w=225,
311666220,Heinz Tomato & Chilli Cooking Sauce 350G,https://www.tesco.com/groceries/en-GB/shop/food-cupboard/all?department=Cooking%20Sauces%2C%20Meal%20Kits%20%26%20Sides&viewAll=department&page=,£2.00,£5.72/kg,,,/groceries/en-GB/products/311666220,https://digitalcontent.api.tesco.com/v2/media/ghs/5740c44f-e420-4626-af91-5829be191d33/4ba3406c-9661-4134-9592-c4b11f6b64a2_1297296046.jpeg?h=225&w=225,
309180589,Mezeast Tahini Sesame Sauce 170Ml,https://www.tesco.com/groceries/en-GB/shop/food-cupboard/all?department=Cooking%20Sauces%2C%20Meal%20Kits%20%26%20Sides&viewAll=department&page=,£2.30,£1.36/100ml,,,/groceries/en-GB/products/309180589,https://digitalcontent.api.tesco.com/v2/media/ghs/5811c7b8-3a37-4c7a-a4f8-d07420a6831b/0e970267-e5a4-42e3-965c-381d0171accf_241379332.jpeg?h=225&w=225,
309161324,Mezeast Pomegranate Sauce 170Ml,https://www.tesco.com/groceries/en-GB/shop/food-cupboard/all?department=Cooking%20Sauces%2C%20Meal%20Kits%20%26%20Sides&viewAll=department&page=,£2.30,£1.36/100ml,,,/groceries/en-GB/products/309161324,https://digitalcontent.api.tesco.com/v2/media/ghs/acaa1417-0c3f-4191-9860-6eaa645bbdc4/37afd21d-bbbf-4524-b177-b5cbdfa530f7_1639584627.jpeg?h=225&w=225,
306927236,Passage To Asia Hoi Sin & Garlic Stir Fry 200G,https://www.tesco.com/groceries/en-GB/shop/food-cupboard/all?department=Cooking%20Sauces%2C%20Meal%20Kits%20%26%20Sides&viewAll=department&page=,£2.00,£1.00/100g,,,/groceries/en-GB/products/306927236,https://digitalcontent.api.tesco.com/v2/media/ghs/b6405c6d-948b-4f9d-b29a-d63a931caa5e/3f520d50-849d-4f2f-b11e-66a5ca7dd353_1371109746.jpeg?h=225&w=225,
305248275,Tesco Finest Chilli And Garlic Aglio E Olio 190G,https://www.tesco.com/groceries/en-GB/shop/food-cupboard/all?department=Cooking%20Sauces%2C%20Meal%20Kits%20%26%20Sides&viewAll=department&page=,£1.95,£1.03/100g,,,/groceries/en-GB/products/305248275,https://digitalcontent.api.tesco.com/v2/media/ghs/d545dffa-74eb-4349-b536-2b5f38922973/13f0a632-ec7c-4baa-add5-a2e0464300d7_1033342342.jpeg?h=225&w=225,
311667357,Ben's Plant Powered Tikka Masala 285G,https://www.tesco.com/groceries/en-GB/shop/food-cupboard/all?department=Cooking%20Sauces%2C%20Meal%20Kits%20%26%20Sides&viewAll=department&page=,£2.40,£8.43/kg,,,/groceries/en-GB/products/311667357,https://digitalcontent.api.tesco.com/v2/media/ghs/16db6c0d-2f51-41aa-ad27-60426fd4c571/e41e0691-dc55-411b-bef3-8debe192a68d_968344136.jpeg?h=225&w=225,
278086149,Tesco Arborio Risotto Rice 1Kg,https://www.tesco.com/groceries/en-GB/shop/food-cupboard/all?department=Dried%20Pasta%2C%20Rice%2C%20Noodles%20%26%20Cous%20Cous&viewAll=department&page=,£2.05,£2.05/kg,,,/groceries/en-GB/products/278086149,https://digitalcontent.api.tesco.com/v2/media/ghs/ac2f20a2-1f75-4bd7-ad7d-7f82e13414d9/snapshotimagehandler_1508549918.jpeg?h=225&w=225,
273961567,Tesco Gnocchi 500G,https://www.tesco.com/groceries/en-GB/shop/food-cupboard/all?department=Dried%20Pasta%2C%20Rice%2C%20Noodles%20%26%20Cous%20Cous&viewAll=department&page=,£1.80,£3.60/kg,,,/groceries/en-GB/products/273961567,https://digitalcontent.api.tesco.com/v2/media/ghs/95a587f6-7701-470e-a957-95ff272f3d0f/5e18eba9-ad6b-4d5a-a504-d0cebd3d6aa5_1845521296.jpeg?h=225&w=225,
309174476,Ben's Original Golden Vegetable Microwave Rice 250G,https://www.tesco.com/groceries/en-GB/shop/food-cupboard/all?department=Dried%20Pasta%2C%20Rice%2C%20Noodles%20%26%20Cous%20Cous&viewAll=department&page=,£1.40,£5.60/kg,,,/groceries/en-GB/products/309174476,https://digitalcontent.api.tesco.com/v2/media/ghs/d05f535d-971c-4131-bf70-24b3e2c79b70/b67968d7-4603-4e10-9645-3edd2199840b_758315096.jpeg?h=225&w=225,
262311847,Tilda Pure Steamed Basmati Rice Classic 250G,https://www.tesco.com/groceries/en-GB/shop/food-cupboard/all?department=Dried%20Pasta%2C%20Rice%2C%20Noodles%20%26%20Cous%20Cous&viewAll=department&page=,,,,,/groceries/en-GB/products/262311847,https://digitalcontent.api.tesco.com/v2/media/ghs/ca457cd9-b4d0-4c82-8bd9-271517f51b78/7ae131a0-29b2-4e93-a026-ee15bb1792a8_1224799650.jpeg?h=225&w=225,This product's currently out of stock
309204809,Ben's Original Spicy Mexican Microwave Rice 250G,https://www.tesco.com/groceries/en-GB/shop/food-cupboard/all?department=Dried%20Pasta%2C%20Rice%2C%20Noodles%20%26%20Cous%20Cous&viewAll=department&page=,£1.40,£5.60/kg,,,/groceries/en-GB/products/309204809,https://digitalcontent.api.tesco.com/v2/media/ghs/eb50f61d-ed6c-4da1-98c6-b330ccc3c4ca/f8ce8552-c534-4782-9344-06acc690e931_808703048.jpeg?h=225&w=225,
309190979,Ben's Original Savoury Chicken Microwave Rice 250G,https://www.tesco.com/groceries/en-GB/shop/food-cupboard/all?department=Dried%20Pasta%2C%20Rice%2C%20Noodles%20%26%20Cous%20Cous&viewAll=department&page=,£1.40,£5.60/kg,,,/groceries/en-GB/products/309190979,https://digitalcontent.api.tesco.com/v2/media/ghs/4ac0bc04-f27b-4c29-b979-2778a3b0c179/2c321809-e6ad-4d07-ae46-eb6def46242f_188564445.jpeg?h=225&w=225,
309188258,Ben's Original Mexican Style Microwave Rice 250G,https://www.tesco.com/groceries/en-GB/shop/food-cupboard/all?department=Dried%20Pasta%2C%20Rice%2C%20Noodles%20%26%20Cous%20Cous&viewAll=department&page=,£1.40,£5.60/kg,,,/groceries/en-GB/products/309188258,https://digitalcontent.api.tesco.com/v2/media/ghs/609e3660-d8ef-4c22-a45d-33a3937d4386/1f3bcaad-f8d2-483a-b02f-f7c59a26c7d9_604311363.jpeg?h=225&w=225,
254877477,Tesco Basmati Rice 1Kg,https://www.tesco.com/groceries/en-GB/shop/food-cupboard/all?department=Dried%20Pasta%2C%20Rice%2C%20Noodles%20%26%20Cous%20Cous&viewAll=department&page=,£1.75,£1.75/kg,Aldi Price Match,,/groceries/en-GB/products/254877477,https://digitalcontent.api.tesco.com/v2/media/ghs/bb25bd61-27e7-4b64-a48b-b65a1dcd9214/d589c1ca-f936-4353-a714-1b613134b871_2056774371.jpeg?h=225&w=225,
284182493,Barilla Spaghetti 500G,https://www.tesco.com/groceries/en-GB/shop/food-cupboard/all?department=Dried%20Pasta%2C%20Rice%2C%20Noodles%20%26%20Cous%20Cous&viewAll=department&page=,£1.40,£2.80/kg,,,/groceries/en-GB/products/284182493,https://digitalcontent.api.tesco.com/v2/media/ghs/20453567-439f-4d3b-9173-b137c926ec93/36c5082f-a0ea-44d1-8e7b-02faabdc6235_540150848.jpeg?h=225&w=225,
309178063,Ben's Original Basmati Microwave Rice 250G,https://www.tesco.com/groceries/en-GB/shop/food-cupboard/all?department=Dried%20Pasta%2C%20Rice%2C%20Noodles%20%26%20Cous%20Cous&viewAll=department&page=,£0.99,£3.96/kg,,,/groceries/en-GB/products/309178063,https://digitalcontent.api.tesco.com/v2/media/ghs/2d11323e-8598-4b4e-966f-13a46018aa9a/504928af-1f00-4087-ab85-3f099313d2dc_1040417948.jpeg?h=225&w=225,
309201416,Ben's Original Long Grain Microwave Rice 250G,https://www.tesco.com/groceries/en-GB/shop/food-cupboard/all?department=Dried%20Pasta%2C%20Rice%2C%20Noodles%20%26%20Cous%20Cous&viewAll=department&page=,£0.99,£3.96/kg,,,/groceries/en-GB/products/309201416,https://digitalcontent.api.tesco.com/v2/media/ghs/27c5cf35-d348-4359-9ffc-6a89ea1ba88b/9221048f-1ff8-437f-a225-728c7a242495_388188048.jpeg?h=225&w=225,
272640603,Tesco Medium Egg Noodles 250G,https://www.tesco.com/groceries/en-GB/shop/food-cupboard/all?department=Dried%20Pasta%2C%20Rice%2C%20Noodles%20%26%20Cous%20Cous&viewAll=department&page=,£1.05,£4.20/kg,,,/groceries/en-GB/products/272640603,https://digitalcontent.api.tesco.com/v2/media/ghs/9693fadd-ea98-4fe9-b1e9-b92f6da36017/cfe07fd9-8b29-4491-ad4e-06005af7386b_1572654453.jpeg?h=225&w=225,
254877356,Tesco Easy Cook Long Grain Rice 1Kg,https://www.tesco.com/groceries/en-GB/shop/food-cupboard/all?department=Dried%20Pasta%2C%20Rice%2C%20Noodles%20%26%20Cous%20Cous&viewAll=department&page=,£1.35,£1.35/kg,,,/groceries/en-GB/products/254877356,https://digitalcontent.api.tesco.com/v2/media/ghs/bf40cf0d-0f65-4ec7-87aa-2b5b06dadb84/c2af3dd4-6c1f-479d-9a3b-b8bcf5cd85e6_1844063800.jpeg?h=225&w=225,
254878424,Tesco Spaghetti Pasta 1Kg,https://www.tesco.com/groceries/en-GB/shop/food-cupboard/all?department=Dried%20Pasta%2C%20Rice%2C%20Noodles%20%26%20Cous%20Cous&viewAll=department&page=,£1.65,£1.65/kg,,,/groceries/en-GB/products/254878424,https://digitalcontent.api.tesco.com/v2/media/ghs/6a703485-83a1-418d-bf0f-a4dfe0a18ef0/9f19416c-ea5d-45de-9749-ae77714d578f_1016680114.jpeg?h=225&w=225,
276056782,Tesco Straight To Wok Medium Noodles 300G,https://www.tesco.com/groceries/en-GB/shop/food-cupboard/all?department=Dried%20Pasta%2C%20Rice%2C%20Noodles%20%26%20Cous%20Cous&viewAll=department&page=,£1.00,£3.34/kg,,,/groceries/en-GB/products/276056782,https://digitalcontent.api.tesco.com/v2/media/ghs/fe7bc61b-b31a-47e9-a84c-381ea1aef213/14ceaf9e-ed28-4d8b-ba0f-e560f69bcc17_365682525.jpeg?h=225&w=225,
303671726,Batchelors Super Noodles Chicken 90G,https://www.tesco.com/groceries/en-GB/shop/food-cupboard/all?department=Dried%20Pasta%2C%20Rice%2C%20Noodles%20%26%20Cous%20Cous&viewAll=department&page=,£0.80,£8.89/kg,,,/groceries/en-GB/products/303671726,https://digitalcontent.api.tesco.com/v2/media/ghs/df1814f2-9235-4796-b5fc-5ad69401c9e1/93439fb3-fec2-4a04-8e63-6fcd8cfaa3aa_448360496.jpeg?h=225&w=225,
257798842,Tesco Linguine Pasta 500G,https://www.tesco.com/groceries/en-GB/shop/food-cupboard/all?department=Dried%20Pasta%2C%20Rice%2C%20Noodles%20%26%20Cous%20Cous&viewAll=department&page=,£0.95,£1.90/kg,Buy Dolmio Sauce 470g/500g and Save 95p on Tesco Core Pasta 500g Clubcard Price,,/groceries/en-GB/products/257798842,https://digitalcontent.api.tesco.com/v2/media/ghs/87d114bf-cb80-4c54-9458-56677e571011/cc8a3981-fab1-413c-a67c-82c3c448b8c4_355114209.jpeg?h=225&w=225,
254878401,Tesco Short Spaghetti Pasta 500G,https://www.tesco.com/groceries/en-GB/shop/food-cupboard/all?department=Dried%20Pasta%2C%20Rice%2C%20Noodles%20%26%20Cous%20Cous&viewAll=department&page=,£0.95,£1.90/kg,Buy Dolmio Sauce 470g/500g and Save 95p on Tesco Core Pasta 500g Clubcard Price,,/groceries/en-GB/products/254878401,https://digitalcontent.api.tesco.com/v2/media/ghs/e3fdfcf3-a3b3-43b2-be7c-fc43a3a02ee1/d7fbfd44-00a0-4b6f-9f30-1cc345eef6f0_390764768.jpeg?h=225&w=225,
297484513,Tesco Whole Wheat Spaghetti 500G,https://www.tesco.com/groceries/en-GB/shop/food-cupboard/all?department=Dried%20Pasta%2C%20Rice%2C%20Noodles%20%26%20Cous%20Cous&viewAll=department&page=,£0.95,£1.90/kg,Buy Dolmio Sauce 470g/500g and Save 95p on Tesco Core Pasta 500g Clubcard Price,,/groceries/en-GB/products/297484513,https://digitalcontent.api.tesco.com/v2/media/ghs/e7e97d98-271d-4f8e-aeb6-c38777a9d3b8/4082789d-067b-43fc-92f6-3c4d2a172071_1114985733.jpeg?h=225&w=225,
253167098,Tesco Pasta Quills 1Kg,https://www.tesco.com/groceries/en-GB/shop/food-cupboard/all?department=Dried%20Pasta%2C%20Rice%2C%20Noodles%20%26%20Cous%20Cous&viewAll=department&page=,£1.65,£1.65/kg,,,/groceries/en-GB/products/253167098,https://digitalcontent.api.tesco.com/v2/media/ghs/c5cf452c-9f0f-4ddc-8610-bd0041396a57/f4037562-b2ca-4c07-a2f2-1a2683f44730_1100192577.jpeg?h=225&w=225,
254878499,Tesco Fusilli Pasta Twists 1Kg,https://www.tesco.com/groceries/en-GB/shop/food-cupboard/all?department=Dried%20Pasta%2C%20Rice%2C%20Noodles%20%26%20Cous%20Cous&viewAll=department&page=,£1.65,£1.65/kg,,,/groceries/en-GB/products/254878499,https://digitalcontent.api.tesco.com/v2/media/ghs/ffa35d94-1915-4b99-82e4-35f56b1b4abe/e5411b90-bba1-476f-8df9-d6010e1a04e5_418258150.jpeg?h=225&w=225,
254878545,Tesco Fusilli Pasta 500G,https://www.tesco.com/groceries/en-GB/shop/food-cupboard/all?department=Dried%20Pasta%2C%20Rice%2C%20Noodles%20%26%20Cous%20Cous&viewAll=department&page=,£0.95,£1.90/kg,Buy Dolmio Sauce 470g/500g and Save 95p on Tesco Core Pasta 500g Clubcard Price,,/groceries/en-GB/products/254878545,https://digitalcontent.api.tesco.com/v2/media/ghs/ae4eef43-f86f-4fc9-83e3-d1dac74bd2df/34201c0f-f890-429e-99c4-8af8c41cc6c5_1962516227.jpeg?h=225&w=225,
255340108,Tesco Quick Cook Fusilli Pasta 500G,https://www.tesco.com/groceries/en-GB/shop/food-cupboard/all?department=Dried%20Pasta%2C%20Rice%2C%20Noodles%20%26%20Cous%20Cous&viewAll=department&page=,£0.95,£1.90/kg,Buy Dolmio Sauce 470g/500g and Save 95p on Tesco Core Pasta 500g Clubcard Price,,/groceries/en-GB/products/255340108,https://digitalcontent.api.tesco.com/v2/media/ghs/31a86fd5-c7dc-4d9d-b59f-f9384d2ce6e5/f565ac2a-5878-4c6f-b2ca-43b544a2f320_491641312.jpeg?h=225&w=225,
277016742,Tesco Spirali Pasta 500G,https://www.tesco.com/groceries/en-GB/shop/food-cupboard/all?department=Dried%20Pasta%2C%20Rice%2C%20Noodles%20%26%20Cous%20Cous&viewAll=department&page=,£0.95,£1.90/kg,Buy Dolmio Sauce 470g/500g and Save 95p on Tesco Core Pasta 500g Clubcard Price,,/groceries/en-GB/products/277016742,,
254878614,Tesco Whole Wheat Fusilli Pasta 500G,https://www.tesco.com/groceries/en-GB/shop/food-cupboard/all?department=Dried%20Pasta%2C%20Rice%2C%20Noodles%20%26%20Cous%20Cous&viewAll=department&page=,£0.95,£1.90/kg,Buy Dolmio Sauce 470g/500g and Save 95p on Tesco Core Pasta 500g Clubcard Price,,/groceries/en-GB/products/254878614,https://digitalcontent.api.tesco.com/v2/media/ghs/9151de3c-484d-4af0-94d3-265b02c8372e/a014c14a-a02b-4e82-b511-77a99c3fff2e_50505761.jpeg?h=225&w=225,
254878539,Tesco Conchiglie Pasta Shell 500G,https://www.tesco.com/groceries/en-GB/shop/food-cupboard/all?department=Dried%20Pasta%2C%20Rice%2C%20Noodles%20%26%20Cous%20Cous&viewAll=department&page=,£0.95,£1.90/kg,Buy Dolmio Sauce 470g/500g and Save 95p on Tesco Core Pasta 500g Clubcard Price,,/groceries/en-GB/products/254878539,https://digitalcontent.api.tesco.com/v2/media/ghs/693de699-29d7-416b-9d31-1a1e1db49855/3fefa7e7-393f-45c3-989f-4e3a6165bb30_699298973.jpeg?h=225&w=225,
254878482,Tesco Penne Pasta Quills 500G,https://www.tesco.com/groceries/en-GB/shop/food-cupboard/all?department=Dried%20Pasta%2C%20Rice%2C%20Noodles%20%26%20Cous%20Cous&viewAll=department&page=,£0.95,£1.90/kg,Buy Dolmio Sauce 470g/500g and Save 95p on Tesco Core Pasta 500g Clubcard Price,,/groceries/en-GB/products/254878482,https://digitalcontent.api.tesco.com/v2/media/ghs/b3124e1b-65bd-413a-b732-b9841c9937c5/1141ddac-50cf-40e1-8356-059b54038cb6_1225804702.jpeg?h=225&w=225,
277016811,Tesco Rigatoni Pasta 500G,https://www.tesco.com/groceries/en-GB/shop/food-cupboard/all?department=Dried%20Pasta%2C%20Rice%2C%20Noodles%20%26%20Cous%20Cous&viewAll=department&page=,£0.95,£1.90/kg,Buy Dolmio Sauce 470g/500g and Save 95p on Tesco Core Pasta 500g Clubcard Price,,/groceries/en-GB/products/277016811,https://digitalcontent.api.tesco.com/v2/media/ghs/4a83ae74-5a3c-448a-913d-3642aff339d8/c4575836-e65b-4d02-a5ab-6452d4693548_722571632.jpeg?h=225&w=225,
254878522,Tesco Tricolore Fusilli Pasta Twists 500G,https://www.tesco.com/groceries/en-GB/shop/food-cupboard/all?department=Dried%20Pasta%2C%20Rice%2C%20Noodles%20%26%20Cous%20Cous&viewAll=department&page=,£0.95,£1.90/kg,Buy Dolmio Sauce 470g/500g and Save 95p on Tesco Core Pasta 500g Clubcard Price,,/groceries/en-GB/products/254878522,https://digitalcontent.api.tesco.com/v2/media/ghs/f23b2bd8-051e-4269-93bc-2579a631e762/e542667a-3477-4ccf-b6a0-e13477cebcba_1496701242.jpeg?h=225&w=225,
260526533,Tesco Whole Wheat Penne Pasta 500G,https://www.tesco.com/groceries/en-GB/shop/food-cupboard/all?department=Dried%20Pasta%2C%20Rice%2C%20Noodles%20%26%20Cous%20Cous&viewAll=department&page=,£0.95,£1.90/kg,Buy Dolmio Sauce 470g/500g and Save 95p on Tesco Core Pasta 500g Clubcard Price,,/groceries/en-GB/products/260526533,https://digitalcontent.api.tesco.com/v2/media/ghs/7a60e1cb-c2e5-47cd-8be5-1a272bf48b3f/2e520c1c-0d2b-41f1-ab37-70f5dc85488f_299573982.jpeg?h=225&w=225,
254878476,Tesco Farfalle Pasta Bows 500G,https://www.tesco.com/groceries/en-GB/shop/food-cupboard/all?department=Dried%20Pasta%2C%20Rice%2C%20Noodles%20%26%20Cous%20Cous&viewAll=department&page=,£0.95,£1.90/kg,Buy Dolmio Sauce 470g/500g and Save 95p on Tesco Core Pasta 500g Clubcard Price,,/groceries/en-GB/products/254878476,https://digitalcontent.api.tesco.com/v2/media/ghs/e178eece-1e15-470f-98fe-08480a352cf1/ffa85fca-4b9f-49de-9b95-111eaafbbcba_1048114508.jpeg?h=225&w=225,
250211356,Tesco Tagliatelle Pasta 500G,https://www.tesco.com/groceries/en-GB/shop/food-cupboard/all?department=Dried%20Pasta%2C%20Rice%2C%20Noodles%20%26%20Cous%20Cous&viewAll=department&page=,£0.95,£1.90/kg,Buy Dolmio Sauce 470g/500g and Save 95p on Tesco Core Pasta 500g Clubcard Price,,/groceries/en-GB/products/250211356,https://digitalcontent.api.tesco.com/v2/media/ghs/7d0292bf-435e-4611-aaab-765588d98d5f/b97baf45-d688-4cfa-93c7-c3af21d832df_918815770.jpeg?h=225&w=225,
254878637,Tesco Macaroni Pasta 500G,https://www.tesco.com/groceries/en-GB/shop/food-cupboard/all?department=Dried%20Pasta%2C%20Rice%2C%20Noodles%20%26%20Cous%20Cous&viewAll=department&page=,£0.95,£1.90/kg,Buy Dolmio Sauce 470g/500g and Save 95p on Tesco Core Pasta 500g Clubcard Price,,/groceries/en-GB/products/254878637,https://digitalcontent.api.tesco.com/v2/media/ghs/694bca0a-157e-4c8e-aad7-11d0b8454508/543ba13e-e822-4541-8958-b02474614216_688944848.jpeg?h=225&w=225,
250211327,Tesco Lasagne Pasta 500G,https://www.tesco.com/groceries/en-GB/shop/food-cupboard/all?department=Dried%20Pasta%2C%20Rice%2C%20Noodles%20%26%20Cous%20Cous&viewAll=department&page=,£0.95,£1.90/kg,Buy Dolmio Sauce 470g/500g and Save 95p on Tesco Core Pasta 500g Clubcard Price,,/groceries/en-GB/products/250211327,https://digitalcontent.api.tesco.com/v2/media/ghs/3d529bc4-3c99-4c52-8dfc-ce2154217046/3b1cbd86-a340-4d01-84b3-d3f8665c0987_1597783851.jpeg?h=225&w=225,
256532598,Tesco Cous Cous 500G,https://www.tesco.com/groceries/en-GB/shop/food-cupboard/all?department=Dried%20Pasta%2C%20Rice%2C%20Noodles%20%26%20Cous%20Cous&viewAll=department&page=,£0.90,£1.80/kg,,,/groceries/en-GB/products/256532598,https://digitalcontent.api.tesco.com/v2/media/ghs/65a5c012-3a1c-47e9-8747-e23adcb278f7/71b396e5-2803-45cb-8f62-f2f8b4665a30_2044058690.jpeg?h=225&w=225,
255343007,Tesco Fusilli Pasta Twists 3Kg,https://www.tesco.com/groceries/en-GB/shop/food-cupboard/all?department=Dried%20Pasta%2C%20Rice%2C%20Noodles%20%26%20Cous%20Cous&viewAll=department&page=,£4.00,£1.34/kg,,,/groceries/en-GB/products/255343007,https://digitalcontent.api.tesco.com/v2/media/ghs/b41cf45e-63d8-443e-a82f-8ebcad1002e1/bb40ba4a-e5d7-4cb7-9fee-8a07f99a3752_650212338.jpeg?h=225&w=225,
257004208,Tesco Microwave Wholegrain Rice 250G,https://www.tesco.com/groceries/en-GB/shop/food-cupboard/all?department=Dried%20Pasta%2C%20Rice%2C%20Noodles%20%26%20Cous%20Cous&viewAll=department&page=,£0.35,£1.40/kg,Aldi Price Match,,/groceries/en-GB/products/257004208,https://digitalcontent.api.tesco.com/v2/media/ghs/04394d64-5981-4021-9752-e1e59948204c/9cbcebbd-d112-4c9c-ad0f-28b02ea19514_212083874.jpeg?h=225&w=225,
251679518,Tesco Microwave Long Grain Rice 250G,https://www.tesco.com/groceries/en-GB/shop/food-cupboard/all?department=Dried%20Pasta%2C%20Rice%2C%20Noodles%20%26%20Cous%20Cous&viewAll=department&page=,£0.35,£1.40/kg,Aldi Price Match,,/groceries/en-GB/products/251679518,https://digitalcontent.api.tesco.com/v2/media/ghs/1585c6f5-29f6-4f3a-ae4f-5aac83b0ad5d/6bcd2193-d2da-44e0-95b8-088e412eb918_56933217.jpeg?h=225&w=225,
282512389,Tesco Pilau Rice 250G,https://www.tesco.com/groceries/en-GB/shop/food-cupboard/all?department=Dried%20Pasta%2C%20Rice%2C%20Noodles%20%26%20Cous%20Cous&viewAll=department&page=,£0.35,£1.40/kg,Aldi Price Match,,/groceries/en-GB/products/282512389,https://digitalcontent.api.tesco.com/v2/media/ghs/f0a86a44-a176-4c5f-b637-2b0e2b268671/04eda130-aa89-4aa2-833d-1025ddcdd02e_1483634856.jpeg?h=225&w=225,
251680648,Tesco Microwave Basmati Rice 250G,https://www.tesco.com/groceries/en-GB/shop/food-cupboard/all?department=Dried%20Pasta%2C%20Rice%2C%20Noodles%20%26%20Cous%20Cous&viewAll=department&page=,£0.35,£1.40/kg,Aldi Price Match,,/groceries/en-GB/products/251680648,https://digitalcontent.api.tesco.com/v2/media/ghs/75a4862f-01d2-4699-a5de-d42ddb9896de/731e32f9-f16a-4b5b-bcc8-9b3d3af017c9_73786565.jpeg?h=225&w=225,
297844134,Hearty Food Co. Spaghetti Pasta 500G,https://www.tesco.com/groceries/en-GB/shop/food-cupboard/all?department=Dried%20Pasta%2C%20Rice%2C%20Noodles%20%26%20Cous%20Cous&viewAll=department&page=,£0.28,£0.56/kg,Aldi Price Match,,/groceries/en-GB/products/297844134,https://digitalcontent.api.tesco.com/v2/media/ghs/0021228a-cda2-4239-a591-aa8985b2ead8/0730a509-b569-4057-a8cf-c563ba0e31b8_135498198.jpeg?h=225&w=225,
297844111,Hearty Food Co. Penne Pasta 500G,https://www.tesco.com/groceries/en-GB/shop/food-cupboard/all?department=Dried%20Pasta%2C%20Rice%2C%20Noodles%20%26%20Cous%20Cous&viewAll=department&page=,£0.41,£0.82/kg,Aldi Price Match,,/groceries/en-GB/products/297844111,https://digitalcontent.api.tesco.com/v2/media/ghs/45784820-0352-41f8-8fd3-a83787b549d2/64ded30e-93a1-441a-b170-335fed5e1a2c_1977549637.jpeg?h=225&w=225,
300843799,Grower Harvest Long Grain Rice 1Kg,https://www.tesco.com/groceries/en-GB/shop/food-cupboard/all?department=Dried%20Pasta%2C%20Rice%2C%20Noodles%20%26%20Cous%20Cous&viewAll=department&page=,£0.48,£0.48/kg,Aldi Price Match,,/groceries/en-GB/products/300843799,https://digitalcontent.api.tesco.com/v2/media/ghs/2d6b81c3-3f85-49f0-8a8d-49a5e01a25de/b211413c-c347-4bfa-b654-d61dbb492987_1625442659.jpeg?h=225&w=225,
260343576,Tesco Carnaroli Risotto Rice 500G,https://www.tesco.com/groceries/en-GB/shop/food-cupboard/all?department=Dried%20Pasta%2C%20Rice%2C%20Noodles%20%26%20Cous%20Cous&viewAll=department&page=,£2.15,£4.30/kg,,,/groceries/en-GB/products/260343576,https://digitalcontent.api.tesco.com/v2/media/ghs/f4e62958-b5fb-45ac-ae1e-f7b49e9f2ae8/snapshotimagehandler_1107738286.jpeg?h=225&w=225,
254877454,Tesco Easy Cook Brown Rice 1Kg,https://www.tesco.com/groceries/en-GB/shop/food-cupboard/all?department=Dried%20Pasta%2C%20Rice%2C%20Noodles%20%26%20Cous%20Cous&viewAll=department&page=,£1.95,£1.95/kg,,,/groceries/en-GB/products/254877454,https://digitalcontent.api.tesco.com/v2/media/ghs/ab8a5731-dea1-49b2-83a8-a397bc722e6a/snapshotimagehandler_1766629902.jpeg?h=225&w=225,
256148174,Tesco Basmati Rice 2Kg,https://www.tesco.com/groceries/en-GB/shop/food-cupboard/all?department=Dried%20Pasta%2C%20Rice%2C%20Noodles%20%26%20Cous%20Cous&viewAll=department&page=,£3.25,£1.63/kg,,,/groceries/en-GB/products/256148174,https://digitalcontent.api.tesco.com/v2/media/ghs/2e9d09be-d9a7-46ee-97f5-cf9842a30cb3/3f0be12c-36ab-4697-83cf-366388a7e997_936535888.jpeg?h=225&w=225,
268622118,Tesco Finest Orzo Pasta 500G,https://www.tesco.com/groceries/en-GB/shop/food-cupboard/all?department=Dried%20Pasta%2C%20Rice%2C%20Noodles%20%26%20Cous%20Cous&viewAll=department&page=,£1.90,£3.80/kg,,,/groceries/en-GB/products/268622118,https://digitalcontent.api.tesco.com/v2/media/ghs/7fe87705-a2ca-4db6-8da4-9970761d3333/e5045876-0ba2-4a2c-b5ce-46d818eb6a6d_1903713604.jpeg?h=225&w=225,
272730071,Cook Italian Grated Hard Cheese 50G,https://www.tesco.com/groceries/en-GB/shop/food-cupboard/all?department=Dried%20Pasta%2C%20Rice%2C%20Noodles%20%26%20Cous%20Cous&viewAll=department&page=,£1.40,£28.00/kg,,,/groceries/en-GB/products/272730071,https://digitalcontent.api.tesco.com/v2/media/ghs/1406742e-f3cd-4d37-aa97-5996af2385ce/696c0068-4f93-4c09-a115-ebf7e1124640_1136333592.jpeg?h=225&w=225,
297484755,Tesco Red Lentil Fusilli Pasta Gluten Free 250G,https://www.tesco.com/groceries/en-GB/shop/food-cupboard/all?department=Dried%20Pasta%2C%20Rice%2C%20Noodles%20%26%20Cous%20Cous&viewAll=department&page=,£1.70,£6.80/kg,,,/groceries/en-GB/products/297484755,https://digitalcontent.api.tesco.com/v2/media/ghs/e2fda0bc-8c91-4f7d-a6d4-c88baac93723/1564b3e6-979c-4c1e-aed8-4d147b45af8d_1067410739.jpeg?h=225&w=225,
309190047,Ben's Original Egg Fried Microwave Rice 250G,https://www.tesco.com/groceries/en-GB/shop/food-cupboard/all?department=Dried%20Pasta%2C%20Rice%2C%20Noodles%20%26%20Cous%20Cous&viewAll=department&page=,£1.40,£5.60/kg,,,/groceries/en-GB/products/309190047,https://digitalcontent.api.tesco.com/v2/media/ghs/35a20c10-7e79-4c9f-8c43-1b10e0bbf31f/7633cb8d-26cb-493a-bf2b-afe082d58569_1059370268.jpeg?h=225&w=225,
250322524,Amoy Medium Noodles 2X150g,https://www.tesco.com/groceries/en-GB/shop/food-cupboard/all?department=Dried%20Pasta%2C%20Rice%2C%20Noodles%20%26%20Cous%20Cous&viewAll=department&page=,£2.10,£7.00/kg,£1.50 Clubcard Price,,/groceries/en-GB/products/250322524,https://digitalcontent.api.tesco.com/v2/media/ghs/f7cac093-d297-4a4a-bff0-3833f41f5d5e/5e616c16-4e2b-424a-83ce-85cfcc686f68_1763509276.jpeg?h=225&w=225,
308113228,Napolina Spaghetti Box 500G,https://www.tesco.com/groceries/en-GB/shop/food-cupboard/all?department=Dried%20Pasta%2C%20Rice%2C%20Noodles%20%26%20Cous%20Cous&viewAll=department&page=,£1.50,£3.00/kg,£1.25 Clubcard Price,,/groceries/en-GB/products/308113228,https://digitalcontent.api.tesco.com/v2/media/ghs/f0821860-6a93-4bbf-a039-1c612ec39086/9dab1732-f317-4396-9657-d0a36a1cc05e_1766463758.jpeg?h=225&w=225,
262313373,Tilda Brown Steamed Basmati Rice Classic 250G,https://www.tesco.com/groceries/en-GB/shop/food-cupboard/all?department=Dried%20Pasta%2C%20Rice%2C%20Noodles%20%26%20Cous%20Cous&viewAll=department&page=,£0.95,£3.80/kg,,,/groceries/en-GB/products/262313373,https://digitalcontent.api.tesco.com/v2/media/ghs/ab24d0d6-5584-4bd1-89be-8cab16fbfee0/bfd67a17-40f5-493e-934d-ba0a3cc621a3_1076303184.jpeg?h=225&w=225,
254877385,Tesco Easy Cook Boil In Bag Rice 4 X 125G,https://www.tesco.com/groceries/en-GB/shop/food-cupboard/all?department=Dried%20Pasta%2C%20Rice%2C%20Noodles%20%26%20Cous%20Cous&viewAll=department&page=,£1.15,£2.30/kg,,,/groceries/en-GB/products/254877385,https://digitalcontent.api.tesco.com/v2/media/ghs/84bff1a9-7463-4239-ba03-15b4d28674df/8fbad6e9-cc2b-4ef6-829c-7d2496980cb5_1155463185.jpeg?h=225&w=225,
301412473,Sharwoods Medium Egg Noodles 340G,https://www.tesco.com/groceries/en-GB/shop/food-cupboard/all?department=Dried%20Pasta%2C%20Rice%2C%20Noodles%20%26%20Cous%20Cous&viewAll=department&page=,£2.10,£6.18/kg,,,/groceries/en-GB/products/301412473,https://digitalcontent.api.tesco.com/v2/media/ghs/d283c6b1-e8f7-4a77-a1b8-dc6f197d28c6/095cee5a-4a5b-4316-9101-ec1df3ea8972_1525004953.jpeg?h=225&w=225,
308492331,Veetee Heat Eat Sticky Rice Pots 2X130g,https://www.tesco.com/groceries/en-GB/shop/food-cupboard/all?department=Dried%20Pasta%2C%20Rice%2C%20Noodles%20%26%20Cous%20Cous&viewAll=department&page=,,,,,/groceries/en-GB/products/308492331,https://digitalcontent.api.tesco.com/v2/media/ghs/03ff48a1-c6c1-4fa2-a1f9-ea17a3d38348/5dc3b9ef-5ceb-448c-8fa3-38df648cfff3_1162407443.jpeg?h=225&w=225,This product's currently out of stock
283223142,Barilla Penne Rigate 500G,https://www.tesco.com/groceries/en-GB/shop/food-cupboard/all?department=Dried%20Pasta%2C%20Rice%2C%20Noodles%20%26%20Cous%20Cous&viewAll=department&page=,£1.40,£2.80/kg,,,/groceries/en-GB/products/283223142,https://digitalcontent.api.tesco.com/v2/media/ghs/0a333215-4873-43e8-ba24-afbe7bc8c457/710d44c1-13ac-4400-9302-53d2ceeb5b2a_1108049863.jpeg?h=225&w=225,
309173097,Ben's Original Wholegrain Microwave Rice 250G,https://www.tesco.com/groceries/en-GB/shop/food-cupboard/all?department=Dried%20Pasta%2C%20Rice%2C%20Noodles%20%26%20Cous%20Cous&viewAll=department&page=,£0.99,£3.96/kg,,,/groceries/en-GB/products/309173097,https://digitalcontent.api.tesco.com/v2/media/ghs/ea57b81e-0e19-4572-a1ec-08a1e4046e65/fc2b449e-f6cf-4261-b991-e159ce3159b3_1568109499.jpeg?h=225&w=225,
308100981,Napolina Rigatoni Pasta 500G,https://www.tesco.com/groceries/en-GB/shop/food-cupboard/all?department=Dried%20Pasta%2C%20Rice%2C%20Noodles%20%26%20Cous%20Cous&viewAll=department&page=,£1.50,£3.00/kg,£1.25 Clubcard Price,,/groceries/en-GB/products/308100981,https://digitalcontent.api.tesco.com/v2/media/ghs/a2e9aea4-0477-4506-bd34-e78651f8ed33/snapshotimagehandler_101094384.jpeg?h=225&w=225,
251442835,Tesco Boil In The Bag Basmati Rice 4 X 125G,https://www.tesco.com/groceries/en-GB/shop/food-cupboard/all?department=Dried%20Pasta%2C%20Rice%2C%20Noodles%20%26%20Cous%20Cous&viewAll=department&page=,£1.35,£2.70/kg,,,/groceries/en-GB/products/251442835,https://digitalcontent.api.tesco.com/v2/media/ghs/25fce453-5ef4-4f67-8f41-4bd4bc8041d8/6bd53cd2-8fa4-4db1-985f-2f2bcd27cf88_1750644812.jpeg?h=225&w=225,
289863993,Tilda Steamed Wholegrain & Wild Basmati Rice 250G,https://www.tesco.com/groceries/en-GB/shop/food-cupboard/all?department=Dried%20Pasta%2C%20Rice%2C%20Noodles%20%26%20Cous%20Cous&viewAll=department&page=,£1.00,£4.00/kg,,,/groceries/en-GB/products/289863993,https://digitalcontent.api.tesco.com/v2/media/ghs/251ee0a7-b37e-4981-a09b-39715c84f14d/a6af220b-363a-4270-b2ef-bb797f58feb2_1201884308.jpeg?h=225&w=225,
256534728,Tesco Red Split Lentils 500G,https://www.tesco.com/groceries/en-GB/shop/food-cupboard/all?department=Dried%20Pasta%2C%20Rice%2C%20Noodles%20%26%20Cous%20Cous&viewAll=department&page=,£1.35,£2.70/kg,,,/groceries/en-GB/products/256534728,https://digitalcontent.api.tesco.com/v2/media/ghs/93dea96e-7e77-4fe8-b946-f47017bdf839/209ae46b-dbfc-49d9-abe3-b9ee095b12ed_1397184077.jpeg?h=225&w=225,
307740800,Thai Dragon Pad Thai Rice Noodles 200G,https://www.tesco.com/groceries/en-GB/shop/food-cupboard/all?department=Dried%20Pasta%2C%20Rice%2C%20Noodles%20%26%20Cous%20Cous&viewAll=department&page=,£1.20,£6.00/kg,,,/groceries/en-GB/products/307740800,https://digitalcontent.api.tesco.com/v2/media/ghs/4b797ceb-7699-450b-a1bb-7df13655d90c/4cb4858b-eeec-4a1b-aec6-eeff7021b9bb_488988733.jpeg?h=225&w=225,
284851358,Tilda Steamed Brown Basmati & Quinoa 250G,https://www.tesco.com/groceries/en-GB/shop/food-cupboard/all?department=Dried%20Pasta%2C%20Rice%2C%20Noodles%20%26%20Cous%20Cous&viewAll=department&page=,£1.00,£4.00/kg,,,/groceries/en-GB/products/284851358,https://digitalcontent.api.tesco.com/v2/media/ghs/89e200f5-d727-4506-aa41-ae64a7ab91bc/9ea6da2e-a90a-4fc7-b660-389ba5ba6659_1401912651.jpeg?h=225&w=225,
301325599,Tilda Caribbean Rice & Peas Steamed Basmati 250G,https://www.tesco.com/groceries/en-GB/shop/food-cupboard/all?department=Dried%20Pasta%2C%20Rice%2C%20Noodles%20%26%20Cous%20Cous&viewAll=department&page=,£1.00,£4.00/kg,,,/groceries/en-GB/products/301325599,https://digitalcontent.api.tesco.com/v2/media/ghs/d59eae9a-9ace-49ef-8df4-544963d2a8ba/e28bf654-ef53-41d3-b195-5e95969730ba_1201206908.jpeg?h=225&w=225,
297974642,Ainsley Harriott Cous Cous Roasted Vegetable 100G,https://www.tesco.com/groceries/en-GB/shop/food-cupboard/all?department=Dried%20Pasta%2C%20Rice%2C%20Noodles%20%26%20Cous%20Cous&viewAll=department&page=,£0.90,£9.00/kg,,,/groceries/en-GB/products/297974642,https://digitalcontent.api.tesco.com/v2/media/ghs/92fdad64-26a4-40f7-8e92-8dcc447e4fef/49350598-6144-4455-89ad-94dfd29321a1_1988880641.jpeg?h=225&w=225,
271326154,Tilda Coconut Basmati Rice 250G,https://www.tesco.com/groceries/en-GB/shop/food-cupboard/all?department=Dried%20Pasta%2C%20Rice%2C%20Noodles%20%26%20Cous%20Cous&viewAll=department&page=,£1.00,£4.00/kg,,,/groceries/en-GB/products/271326154,https://digitalcontent.api.tesco.com/v2/media/ghs/1025dc18-813c-491b-b190-f93ad076437c/594ed61f-eee1-40a7-9574-3d58ecd3c231_1125188056.jpeg?h=225&w=225,
262313649,Tilda Steamed Mushroom Basmati Rice 250G,https://www.tesco.com/groceries/en-GB/shop/food-cupboard/all?department=Dried%20Pasta%2C%20Rice%2C%20Noodles%20%26%20Cous%20Cous&viewAll=department&page=,£1.00,£4.00/kg,,,/groceries/en-GB/products/262313649,https://digitalcontent.api.tesco.com/v2/media/ghs/d5547a3f-3a1a-47e4-80f8-f04e065f45f4/067b7242-d6dd-40fe-bd70-7fc6f25f1caa_530764568.jpeg?h=225&w=225,
262313396,Tilda Sun Dried Tomato & Basil Basmati Rice 250G,https://www.tesco.com/groceries/en-GB/shop/food-cupboard/all?department=Dried%20Pasta%2C%20Rice%2C%20Noodles%20%26%20Cous%20Cous&viewAll=department&page=,£1.00,£4.00/kg,,,/groceries/en-GB/products/262313396,https://digitalcontent.api.tesco.com/v2/media/ghs/e24deb03-7376-4cd3-9450-6ff8512f1dec/10f3eee4-da64-4e9a-884e-88cdea2cf34d_49299598.jpeg?h=225&w=225,
262312986,Tilda Spicy Mexican Steamed Basmati Rice 250G,https://www.tesco.com/groceries/en-GB/shop/food-cupboard/all?department=Dried%20Pasta%2C%20Rice%2C%20Noodles%20%26%20Cous%20Cous&viewAll=department&page=,£1.00,£4.00/kg,,,/groceries/en-GB/products/262312986,https://digitalcontent.api.tesco.com/v2/media/ghs/b1959559-c2d7-447b-a322-ba2c2b3b5ff5/c1c5a5b1-d459-4ba9-9bfa-f310bf2aaa5c_1988030568.jpeg?h=225&w=225,
271325967,Tilda Lemon Basmati Rice 250G,https://www.tesco.com/groceries/en-GB/shop/food-cupboard/all?department=Dried%20Pasta%2C%20Rice%2C%20Noodles%20%26%20Cous%20Cous&viewAll=department&page=,£1.00,£4.00/kg,,,/groceries/en-GB/products/271325967,https://digitalcontent.api.tesco.com/v2/media/ghs/ae8c855e-c7f2-4b67-9295-53600d8831b2/bd470bd2-fae7-4fb9-a321-719a79432830_332262939.jpeg?h=225&w=225,
303823489,Tilda Peri Peri Basmati Rice 250G,https://www.tesco.com/groceries/en-GB/shop/food-cupboard/all?department=Dried%20Pasta%2C%20Rice%2C%20Noodles%20%26%20Cous%20Cous&viewAll=department&page=,£1.00,£4.00/kg,,,/groceries/en-GB/products/303823489,,
250028337,Tesco Macaroni Pasta 1Kg,https://www.tesco.com/groceries/en-GB/shop/food-cupboard/all?department=Dried%20Pasta%2C%20Rice%2C%20Noodles%20%26%20Cous%20Cous&viewAll=department&page=,£1.65,£1.65/kg,,,/groceries/en-GB/products/250028337,https://digitalcontent.api.tesco.com/v2/media/ghs/baae39d0-cf29-4a54-8bc9-2c74cf76b088/bba4be9f-1e63-4fa9-ad32-1c638b162726_80341239.jpeg?h=225&w=225,
262876719,Tesco Red Split Lentils 1Kg,https://www.tesco.com/groceries/en-GB/shop/food-cupboard/all?department=Dried%20Pasta%2C%20Rice%2C%20Noodles%20%26%20Cous%20Cous&viewAll=department&page=,£1.80,£1.80/kg,,,/groceries/en-GB/products/262876719,https://digitalcontent.api.tesco.com/v2/media/ghs/c56cad7c-8329-4d23-aa1b-6a7cd401b1b1/a4b5011d-453d-4ba6-a11b-bc6e3b4c2491_156240038.jpeg?h=225&w=225,
255340327,Tesco Quick Cook Spaghetti Pasta 500G,https://www.tesco.com/groceries/en-GB/shop/food-cupboard/all?department=Dried%20Pasta%2C%20Rice%2C%20Noodles%20%26%20Cous%20Cous&viewAll=department&page=,£0.95,£1.90/kg,Buy Dolmio Sauce 470g/500g and Save 95p on Tesco Core Pasta 500g Clubcard Price,,/groceries/en-GB/products/255340327,https://digitalcontent.api.tesco.com/v2/media/ghs/401d5fc0-0441-44a5-a7fb-9d6ededc9ec8/3fff7a3b-58cc-4027-a948-966b2ccefb46_510879636.jpeg?h=225&w=225,
254878516,Tesco Conchiglie Pasta Shells 1Kg,https://www.tesco.com/groceries/en-GB/shop/food-cupboard/all?department=Dried%20Pasta%2C%20Rice%2C%20Noodles%20%26%20Cous%20Cous&viewAll=department&page=,£1.65,£1.65/kg,,,/groceries/en-GB/products/254878516,https://digitalcontent.api.tesco.com/v2/media/ghs/e4bfad41-743a-456e-8e0a-171b3fb4e5ca/f67f080e-1f8b-40a3-a1e8-a96896990d6c_1188737870.jpeg?h=225&w=225,
303671749,Batchelors Super Noodles Mild Curry 90G,https://www.tesco.com/groceries/en-GB/shop/food-cupboard/all?department=Dried%20Pasta%2C%20Rice%2C%20Noodles%20%26%20Cous%20Cous&viewAll=department&page=,,,,,/groceries/en-GB/products/303671749,https://digitalcontent.api.tesco.com/v2/media/ghs/2708d704-53e6-4fa7-af87-5a3c0a768924/29ee8b3a-9e4a-4430-99e0-e9796428966b_206687977.jpeg?h=225&w=225,This product's currently out of stock
303646164,Batchelors Super Noodles Bbq Beef 90G,https://www.tesco.com/groceries/en-GB/shop/food-cupboard/all?department=Dried%20Pasta%2C%20Rice%2C%20Noodles%20%26%20Cous%20Cous&viewAll=department&page=,,,,,/groceries/en-GB/products/303646164,https://digitalcontent.api.tesco.com/v2/media/ghs/b823c78e-e895-4c6c-b4db-4248903ea0f9/80a14f1d-d495-4588-941b-7eb847e91969_1218215327.jpeg?h=225&w=225,This product's currently out of stock
297484657,Tesco Fusilli Whole Wheat Pasta 1Kg,https://www.tesco.com/groceries/en-GB/shop/food-cupboard/all?department=Dried%20Pasta%2C%20Rice%2C%20Noodles%20%26%20Cous%20Cous&viewAll=department&page=,£1.65,£1.65/kg,,,/groceries/en-GB/products/297484657,https://digitalcontent.api.tesco.com/v2/media/ghs/6733977d-1cfd-4cff-8ea9-13f60087fca5/453926c0-1d03-47b1-9d03-564496ebf775_1210540689.jpeg?h=225&w=225,
256538041,Tesco Pearl Barley 500G,https://www.tesco.com/groceries/en-GB/shop/food-cupboard/all?department=Dried%20Pasta%2C%20Rice%2C%20Noodles%20%26%20Cous%20Cous&viewAll=department&page=,£0.65,£1.30/kg,,,/groceries/en-GB/products/256538041,https://digitalcontent.api.tesco.com/v2/media/ghs/4a24cdfc-e7f9-45f4-8352-f99974214bff/033f221e-51c3-4339-8038-7e562ad627e6_1151709916.jpeg?h=225&w=225,
303671869,Batchelors Chicken & Herb Super Noodles Low Fat 81G,https://www.tesco.com/groceries/en-GB/shop/food-cupboard/all?department=Dried%20Pasta%2C%20Rice%2C%20Noodles%20%26%20Cous%20Cous&viewAll=department&page=,£0.80,£9.88/kg,,,/groceries/en-GB/products/303671869,https://digitalcontent.api.tesco.com/v2/media/ghs/d8fb2497-9b22-483f-a1c8-cdbd7d2633bf/snapshotimagehandler_1795908897.jpeg?h=225&w=225,
256502509,Tilda Basmati Rice 1Kg,https://www.tesco.com/groceries/en-GB/shop/food-cupboard/all?department=Dried%20Pasta%2C%20Rice%2C%20Noodles%20%26%20Cous%20Cous&viewAll=department&page=,£5.00,£5.00/kg,£4.40 Clubcard Price,,/groceries/en-GB/products/256502509,https://digitalcontent.api.tesco.com/v2/media/ghs/389c5765-1239-4e07-9037-43e3625574c8/00e5a4dc-52f2-4688-b3b8-afbdfaa5147f_676289018.jpeg?h=225&w=225,
251442449,Tesco Basmati Rice 4Kg,https://www.tesco.com/groceries/en-GB/shop/food-cupboard/all?department=Dried%20Pasta%2C%20Rice%2C%20Noodles%20%26%20Cous%20Cous&viewAll=department&page=,£6.20,£1.55/kg,,,/groceries/en-GB/products/251442449,https://digitalcontent.api.tesco.com/v2/media/ghs/804a7e62-fd86-4d38-abd7-4f6ad8a33a06/c0c6f1d5-6bd1-4b20-a585-e374d7c4e203_1046546214.jpeg?h=225&w=225,
309204920,Ben's Original Boil In Bag Long Grain Rice 500G,https://www.tesco.com/groceries/en-GB/shop/food-cupboard/all?department=Dried%20Pasta%2C%20Rice%2C%20Noodles%20%26%20Cous%20Cous&viewAll=department&page=,£3.15,£6.30/kg,,,/groceries/en-GB/products/309204920,https://digitalcontent.api.tesco.com/v2/media/ghs/37fc514d-e999-4d9e-952e-4967916a1944/33aa6bf1-089f-4dcc-abc6-b107a943eab8_642533990.jpeg?h=225&w=225,
260042333,Dolmio Pasta Twists 200G,https://www.tesco.com/groceries/en-GB/shop/food-cupboard/all?department=Dried%20Pasta%2C%20Rice%2C%20Noodles%20%26%20Cous%20Cous&viewAll=department&page=,£1.80,£0.90/100g,,,/groceries/en-GB/products/260042333,https://digitalcontent.api.tesco.com/v2/media/ghs/a3384c34-27e4-440a-9647-abd5e4fd14b7/5bb9cb84-37f7-4842-9d73-bd14edcc5111_1394109377.jpeg?h=225&w=225,
255590785,Tilda Basmati Rice 500G,https://www.tesco.com/groceries/en-GB/shop/food-cupboard/all?department=Dried%20Pasta%2C%20Rice%2C%20Noodles%20%26%20Cous%20Cous&viewAll=department&page=,£3.00,£6.00/kg,,,/groceries/en-GB/products/255590785,https://digitalcontent.api.tesco.com/v2/media/ghs/83dc7b23-a3dd-40d6-8afa-e13872fc4bde/5ce49bf8-1ae7-4cec-8b9a-b6606790d482_1257203842.jpeg?h=225&w=225,
292010305,Tesco Quinoa 300G,https://www.tesco.com/groceries/en-GB/shop/food-cupboard/all?department=Dried%20Pasta%2C%20Rice%2C%20Noodles%20%26%20Cous%20Cous&viewAll=department&page=,£2.00,£6.67/kg,,,/groceries/en-GB/products/292010305,https://digitalcontent.api.tesco.com/v2/media/ghs/394fedff-91a9-492e-bc4b-ad46a5187873/6b454c4d-6267-4a49-8316-273b487798b9_671792513.jpeg?h=225&w=225,
256333064,Tesco Easy Cook Long Grain Rice 4Kg,https://www.tesco.com/groceries/en-GB/shop/food-cupboard/all?department=Dried%20Pasta%2C%20Rice%2C%20Noodles%20%26%20Cous%20Cous&viewAll=department&page=,£4.45,£1.12/kg,,,/groceries/en-GB/products/256333064,https://digitalcontent.api.tesco.com/v2/media/ghs/e54cc242-bc69-4e65-a8b9-1be10d714b5c/snapshotimagehandler_1365434927.jpeg?h=225&w=225,
278086264,Tesco Easy Cook Brown Rice 2Kg,https://www.tesco.com/groceries/en-GB/shop/food-cupboard/all?department=Dried%20Pasta%2C%20Rice%2C%20Noodles%20%26%20Cous%20Cous&viewAll=department&page=,£3.00,£1.50/kg,,,/groceries/en-GB/products/278086264,https://digitalcontent.api.tesco.com/v2/media/ghs/6f69bfdc-f0ab-4859-82e5-f4b875cd7a31/snapshotimagehandler_1876685798.jpeg?h=225&w=225,
254332039,Tesco Jasmine Rice 1Kg,https://www.tesco.com/groceries/en-GB/shop/food-cupboard/all?department=Dried%20Pasta%2C%20Rice%2C%20Noodles%20%26%20Cous%20Cous&viewAll=department&page=,£2.20,£2.20/kg,,,/groceries/en-GB/products/254332039,https://digitalcontent.api.tesco.com/v2/media/ghs/95110d9e-ef31-4d91-93e8-a4bb33b28046/f8449e0c-d69e-47b8-9fc4-9eadc9f5be86_713852510.jpeg?h=225&w=225,
254877362,Tesco Easy Cook Rice 2Kg,https://www.tesco.com/groceries/en-GB/shop/food-cupboard/all?department=Dried%20Pasta%2C%20Rice%2C%20Noodles%20%26%20Cous%20Cous&viewAll=department&page=,£2.75,£1.38/kg,,,/groceries/en-GB/products/254877362,https://digitalcontent.api.tesco.com/v2/media/ghs/b848b1f3-b961-4f85-9cea-b095927cf05d/64923c52-9807-4a19-b528-b236bcea2097_453714118.jpeg?h=225&w=225,
272673304,Mama Vermicelli Noodles 225G,https://www.tesco.com/groceries/en-GB/shop/food-cupboard/all?department=Dried%20Pasta%2C%20Rice%2C%20Noodles%20%26%20Cous%20Cous&viewAll=department&page=,£1.85,£8.23/kg,,,/groceries/en-GB/products/272673304,https://digitalcontent.api.tesco.com/v2/media/ghs/a982e762-0ae5-42b7-a238-166e36f1af73/snapshotimagehandler_1921439051.jpeg?h=225&w=225,
273988374,Merchant Gourmet Red & White Quinoa 250G,https://www.tesco.com/groceries/en-GB/shop/food-cupboard/all?department=Dried%20Pasta%2C%20Rice%2C%20Noodles%20%26%20Cous%20Cous&viewAll=department&page=,£2.00,£8.00/kg,,,/groceries/en-GB/products/273988374,https://digitalcontent.api.tesco.com/v2/media/ghs/a97b0b44-837b-4a29-a241-d31f4687da1d/12369a97-698f-4e4c-a5d9-44cc8de6f20f_891445416.jpeg?h=225&w=225,
257582008,Tesco Easy Cook Long Grain And Wild Rice 500G,https://www.tesco.com/groceries/en-GB/shop/food-cupboard/all?department=Dried%20Pasta%2C%20Rice%2C%20Noodles%20%26%20Cous%20Cous&viewAll=department&page=,£1.60,£3.20/kg,,,/groceries/en-GB/products/257582008,https://digitalcontent.api.tesco.com/v2/media/ghs/e4851468-e044-45bb-852a-f74b6f632d9e/a91fad21-acb7-4799-8e3b-69eca7da5505_1858935977.jpeg?h=225&w=225,
309163817,Ben's Original Wholegrain Spicy Mexican Rice 250G,https://www.tesco.com/groceries/en-GB/shop/food-cupboard/all?department=Dried%20Pasta%2C%20Rice%2C%20Noodles%20%26%20Cous%20Cous&viewAll=department&page=,£1.40,£5.60/kg,,,/groceries/en-GB/products/309163817,,
309207911,Ben's Original Tomato & Basil Microwave Rice 250G,https://www.tesco.com/groceries/en-GB/shop/food-cupboard/all?department=Dried%20Pasta%2C%20Rice%2C%20Noodles%20%26%20Cous%20Cous&viewAll=department&page=,£1.40,£5.60/kg,,,/groceries/en-GB/products/309207911,,
307739002,Napolina Fusilli Pasta 500G,https://www.tesco.com/groceries/en-GB/shop/food-cupboard/all?department=Dried%20Pasta%2C%20Rice%2C%20Noodles%20%26%20Cous%20Cous&viewAll=department&page=,£1.50,£3.00/kg,£1.25 Clubcard Price,,/groceries/en-GB/products/307739002,https://digitalcontent.api.tesco.com/v2/media/ghs/7cd0aeb7-9cae-4070-b2e5-d03dce247af5/bb03e167-85a1-46a1-b9f7-fd7683f842f0_1924449560.jpeg?h=225&w=225,
309193136,Ben's Original Pilau Microwave Rice 250G,https://www.tesco.com/groceries/en-GB/shop/food-cupboard/all?department=Dried%20Pasta%2C%20Rice%2C%20Noodles%20%26%20Cous%20Cous&viewAll=department&page=,£1.40,£5.60/kg,,,/groceries/en-GB/products/309193136,https://digitalcontent.api.tesco.com/v2/media/ghs/832c527b-016b-4b68-ac80-a715fa06c193/7dc5061c-345c-410e-aceb-6f607aaf7f42_1246350946.jpeg?h=225&w=225,
308112264,Napolina Penne Pasta 500G,https://www.tesco.com/groceries/en-GB/shop/food-cupboard/all?department=Dried%20Pasta%2C%20Rice%2C%20Noodles%20%26%20Cous%20Cous&viewAll=department&page=,£1.50,£3.00/kg,£1.25 Clubcard Price,,/groceries/en-GB/products/308112264,https://digitalcontent.api.tesco.com/v2/media/ghs/f3a0e683-64ac-470c-8463-21688ee6d665/0631a043-f2e4-4a79-8be9-222840538c17_802138409.jpeg?h=225&w=225,
309197282,Ben's Original Mixed Pepper Microwave Rice 250G,https://www.tesco.com/groceries/en-GB/shop/food-cupboard/all?department=Dried%20Pasta%2C%20Rice%2C%20Noodles%20%26%20Cous%20Cous&viewAll=department&page=,£1.40,£5.60/kg,,,/groceries/en-GB/products/309197282,https://digitalcontent.api.tesco.com/v2/media/ghs/bb5ea3aa-a78e-4c35-95c6-d8fa29405aa3/045dc2d8-b225-4694-8071-a92da64e5f12_1538093011.jpeg?h=225&w=225,
255006056,Amoy Udon Thick Noodles 2X150g,https://www.tesco.com/groceries/en-GB/shop/food-cupboard/all?department=Dried%20Pasta%2C%20Rice%2C%20Noodles%20%26%20Cous%20Cous&viewAll=department&page=,£2.10,£7.00/kg,£1.50 Clubcard Price,,/groceries/en-GB/products/255006056,https://digitalcontent.api.tesco.com/v2/media/ghs/ad30fa0e-3aea-4571-b47a-7e336ba24538/2d00781c-fe23-4deb-9b26-176df4db8e2a_1820670920.jpeg?h=225&w=225,
258183865,Tesco Easy Cook Basmati Rice 1Kg,https://www.tesco.com/groceries/en-GB/shop/food-cupboard/all?department=Dried%20Pasta%2C%20Rice%2C%20Noodles%20%26%20Cous%20Cous&viewAll=department&page=,£2.20,£2.20/kg,,,/groceries/en-GB/products/258183865,https://digitalcontent.api.tesco.com/v2/media/ghs/84459233-a90d-408a-b11f-eacdededab64/54d00daf-64fb-4bfb-92ee-ffe35b2cdbac_1257210701.jpeg?h=225&w=225,
256533144,Tesco Bulgur Wheat 500G,https://www.tesco.com/groceries/en-GB/shop/food-cupboard/all?department=Dried%20Pasta%2C%20Rice%2C%20Noodles%20%26%20Cous%20Cous&viewAll=department&page=,£1.35,£2.70/kg,,,/groceries/en-GB/products/256533144,https://digitalcontent.api.tesco.com/v2/media/ghs/682cc028-afd2-424c-9dda-fa35018e9f03/77e0dd20-933f-42a6-b99b-68abee22dbbd_476885796.jpeg?h=225&w=225,
289796703,Cauliflower Rice Original 200G,https://www.tesco.com/groceries/en-GB/shop/food-cupboard/all?department=Dried%20Pasta%2C%20Rice%2C%20Noodles%20%26%20Cous%20Cous&viewAll=department&page=,£2.00,£10.00/kg,£1.50 Clubcard Price,,/groceries/en-GB/products/289796703,https://digitalcontent.api.tesco.com/v2/media/ghs/4d790da7-63ba-41c9-b4d3-e39063b37595/c34c4cc8-66f5-44c1-87b6-a6d814eb99aa_856359242.jpeg?h=225&w=225,
272254853,Tilda Wholegrain Pilau Basmati Rice Classic 250G,https://www.tesco.com/groceries/en-GB/shop/food-cupboard/all?department=Dried%20Pasta%2C%20Rice%2C%20Noodles%20%26%20Cous%20Cous&viewAll=department&page=,£0.95,£3.80/kg,,,/groceries/en-GB/products/272254853,https://digitalcontent.api.tesco.com/v2/media/ghs/6f0028fa-d40f-42d7-a527-26ab8fae1400/81f1ef00-f3d1-4dfc-bc23-492e5603b128_246530265.jpeg?h=225&w=225,
283223067,Barilla Fusilli 500G,https://www.tesco.com/groceries/en-GB/shop/food-cupboard/all?department=Dried%20Pasta%2C%20Rice%2C%20Noodles%20%26%20Cous%20Cous&viewAll=department&page=,£1.40,£2.80/kg,,,/groceries/en-GB/products/283223067,https://digitalcontent.api.tesco.com/v2/media/ghs/7750cba3-2e19-41cd-a84a-7e97507caa33/a478018c-7a12-4491-90f5-1285cbf84f08_615113284.jpeg?h=225&w=225,
309194262,Ben's Original Smokey Bbq Microwave Rice 250G,https://www.tesco.com/groceries/en-GB/shop/food-cupboard/all?department=Dried%20Pasta%2C%20Rice%2C%20Noodles%20%26%20Cous%20Cous&viewAll=department&page=,£1.40,£5.60/kg,,,/groceries/en-GB/products/309194262,https://digitalcontent.api.tesco.com/v2/media/ghs/12c9e1cb-27d6-4ecf-b3ff-11b783489740/0a128330-a6e6-4a18-a55d-9bc357b60804_148296630.jpeg?h=225&w=225,
272640511,Tesco Fine Egg Noodles 250G,https://www.tesco.com/groceries/en-GB/shop/food-cupboard/all?department=Dried%20Pasta%2C%20Rice%2C%20Noodles%20%26%20Cous%20Cous&viewAll=department&page=,£1.05,£4.20/kg,,,/groceries/en-GB/products/272640511,https://digitalcontent.api.tesco.com/v2/media/ghs/0bc2b9b3-01ed-4f1d-8553-f3aa9dd33077/ececc7f5-8251-4238-9cbb-4e506861f3dd_2094077957.jpeg?h=225&w=225,
272254939,Tilda Coconut Chilli & L/Grass Basmati Rice 250G,https://www.tesco.com/groceries/en-GB/shop/food-cupboard/all?department=Dried%20Pasta%2C%20Rice%2C%20Noodles%20%26%20Cous%20Cous&viewAll=department&page=,£1.00,£4.00/kg,,,/groceries/en-GB/products/272254939,https://digitalcontent.api.tesco.com/v2/media/ghs/1eeedf48-57e0-4363-9291-738a58471570/d2372740-f7c5-47dd-8956-0627e5521b91_74665005.jpeg?h=225&w=225,
297178899,Tilda Firecracker Basmati Rice 250G,https://www.tesco.com/groceries/en-GB/shop/food-cupboard/all?department=Dried%20Pasta%2C%20Rice%2C%20Noodles%20%26%20Cous%20Cous&viewAll=department&page=,£1.00,£4.00/kg,,,/groceries/en-GB/products/297178899,https://digitalcontent.api.tesco.com/v2/media/ghs/0afefae9-08a8-47e6-8479-6d9ad001917d/c6739b0d-52ed-40fb-9719-17db1b33aa4e_1667139835.jpeg?h=225&w=225,
254525261,Tilda Chilli & Lime Basmati Rice 250G,https://www.tesco.com/groceries/en-GB/shop/food-cupboard/all?department=Dried%20Pasta%2C%20Rice%2C%20Noodles%20%26%20Cous%20Cous&viewAll=department&page=,£1.00,£4.00/kg,,,/groceries/en-GB/products/254525261,https://digitalcontent.api.tesco.com/v2/media/ghs/f51b7014-04c1-4341-a31e-bb1965a45ac9/a76b8505-218c-4da9-b467-3c193cb33019_1673951792.jpeg?h=225&w=225,
310657676,Tilda Microwave Katsu Curry Jasmine Rice 250G,https://www.tesco.com/groceries/en-GB/shop/food-cupboard/all?department=Dried%20Pasta%2C%20Rice%2C%20Noodles%20%26%20Cous%20Cous&viewAll=department&page=,£1.00,£4.00/kg,,,/groceries/en-GB/products/310657676,https://digitalcontent.api.tesco.com/v2/media/ghs/9c0e5c17-569d-4b39-b5de-669074c70b49/b84662c2-91fb-4716-8a57-6a96f075df09_1088537017.jpeg?h=225&w=225,
284210294,Barilla Lasagne 500G,https://www.tesco.com/groceries/en-GB/shop/food-cupboard/all?department=Dried%20Pasta%2C%20Rice%2C%20Noodles%20%26%20Cous%20Cous&viewAll=department&page=,£1.50,£3.00/kg,,,/groceries/en-GB/products/284210294,https://digitalcontent.api.tesco.com/v2/media/ghs/ac6ca1a1-7502-4c56-8468-4d1188db7749/e98fdaa9-c989-4351-97ce-a39ecf9f2672_705573448.jpeg?h=225&w=225,
277017009,Tesco Margheritine Soup Pasta 250G,https://www.tesco.com/groceries/en-GB/shop/food-cupboard/all?department=Dried%20Pasta%2C%20Rice%2C%20Noodles%20%26%20Cous%20Cous&viewAll=department&page=,£0.70,£2.80/kg,,,/groceries/en-GB/products/277017009,https://digitalcontent.api.tesco.com/v2/media/ghs/a2930aa6-1978-4040-85cf-2c85bc7b64e7/84fbc9ec-5009-4b25-8e83-31188b8d8912_1839662721.jpeg?h=225&w=225,
253748557,Tesco Mediterranean Couscous 110G,https://www.tesco.com/groceries/en-GB/shop/food-cupboard/all?department=Dried%20Pasta%2C%20Rice%2C%20Noodles%20%26%20Cous%20Cous&viewAll=department&page=,£0.65,£5.91/kg,,,/groceries/en-GB/products/253748557,https://digitalcontent.api.tesco.com/v2/media/ghs/2e3cf3df-d5d7-4a82-b7d7-c4e3c0364663/4d598ac5-14d7-4ebc-bc94-32038da78105_532323306.jpeg?h=225&w=225,
272854241,Blue Dragon Fine Egg Noodles 300G,https://www.tesco.com/groceries/en-GB/shop/food-cupboard/all?department=Dried%20Pasta%2C%20Rice%2C%20Noodles%20%26%20Cous%20Cous&viewAll=department&page=,£1.00,£3.34/kg,,,/groceries/en-GB/products/272854241,https://digitalcontent.api.tesco.com/v2/media/ghs/addfb0f1-403f-487b-9f64-6cae5b9cd396/e1c5587b-5f04-4768-93be-d849c9abc989_1248420404.jpeg?h=225&w=225,
272854114,Blue Dragon Whole Wheat Noodles 300G,https://www.tesco.com/groceries/en-GB/shop/food-cupboard/all?department=Dried%20Pasta%2C%20Rice%2C%20Noodles%20%26%20Cous%20Cous&viewAll=department&page=,£1.00,£3.34/kg,,,/groceries/en-GB/products/272854114,https://digitalcontent.api.tesco.com/v2/media/ghs/3103e20b-a91b-4a49-9a7c-5ee8a75a4deb/00908cc7-7448-4fbe-af6a-b79315771ea5_2052708155.jpeg?h=225&w=225,
256535758,Tesco Lentilles Vertes 500G,https://www.tesco.com/groceries/en-GB/shop/food-cupboard/all?department=Dried%20Pasta%2C%20Rice%2C%20Noodles%20%26%20Cous%20Cous&viewAll=department&page=,£1.35,£2.70/kg,,,/groceries/en-GB/products/256535758,https://digitalcontent.api.tesco.com/v2/media/ghs/6a20cb41-933c-4eef-92d4-f2ff7931e399/7d4b12f3-bb4f-4bfc-9fa4-2bcb39863c1d_185040834.jpeg?h=225&w=225,
303646521,Batchelors Super Noodles Chilli Chicken Low Fat 81G,https://www.tesco.com/groceries/en-GB/shop/food-cupboard/all?department=Dried%20Pasta%2C%20Rice%2C%20Noodles%20%26%20Cous%20Cous&viewAll=department&page=,£0.80,£9.88/kg,,,/groceries/en-GB/products/303646521,https://digitalcontent.api.tesco.com/v2/media/ghs/81c9da10-9c98-48c0-9c1f-fa9d699f21a7/43111661-1900-42ef-aa62-8360e54d4caf_1631257111.jpeg?h=225&w=225,
303671882,Batchelors Curry Low Fat Super Noodles 81G,https://www.tesco.com/groceries/en-GB/shop/food-cupboard/all?department=Dried%20Pasta%2C%20Rice%2C%20Noodles%20%26%20Cous%20Cous&viewAll=department&page=,£0.80,£9.88/kg,,,/groceries/en-GB/products/303671882,https://digitalcontent.api.tesco.com/v2/media/ghs/1963d5df-fee3-454a-b9df-42087e19ad9c/f89f3e5a-c841-4021-9844-88a42f6c357f_516635226.jpeg?h=225&w=225,
309178103,Ben's Original Long Grain Rice 1Kg,https://www.tesco.com/groceries/en-GB/shop/food-cupboard/all?department=Dried%20Pasta%2C%20Rice%2C%20Noodles%20%26%20Cous%20Cous&viewAll=department&page=,£4.75,£4.75/kg,,,/groceries/en-GB/products/309178103,https://digitalcontent.api.tesco.com/v2/media/ghs/20e784e9-a5ec-44cf-808e-24cb67fa0f0a/7862ea35-4cf9-4d3c-b740-afe28e467904_1380624256.jpeg?h=225&w=225,
258472736,Tilda Basmati Brown Rice 1Kg,https://www.tesco.com/groceries/en-GB/shop/food-cupboard/all?department=Dried%20Pasta%2C%20Rice%2C%20Noodles%20%26%20Cous%20Cous&viewAll=department&page=,£4.95,£4.95/kg,£4.40 Clubcard Price,,/groceries/en-GB/products/258472736,https://digitalcontent.api.tesco.com/v2/media/ghs/3c41b43c-61ed-42dd-80cc-b140d28733a4/7f6d1a4a-a416-46d1-8863-e7a143fa4057_883629376.jpeg?h=225&w=225,
262191170,De Cecco Gnocchi Di Patate 500G,https://www.tesco.com/groceries/en-GB/shop/food-cupboard/all?department=Dried%20Pasta%2C%20Rice%2C%20Noodles%20%26%20Cous%20Cous&viewAll=department&page=,£2.40,£4.80/kg,,,/groceries/en-GB/products/262191170,https://digitalcontent.api.tesco.com/v2/media/ghs/b6c2a810-1092-47f3-b972-1b1d2b3fcd56/d60466d0-d715-427d-b65b-dcea2f032baa_19995015.jpeg?h=225&w=225,
254199298,Tilda Basmati Brown Rice 500G,https://www.tesco.com/groceries/en-GB/shop/food-cupboard/all?department=Dried%20Pasta%2C%20Rice%2C%20Noodles%20%26%20Cous%20Cous&viewAll=department&page=,£3.00,£6.00/kg,,,/groceries/en-GB/products/254199298,https://digitalcontent.api.tesco.com/v2/media/ghs/4f906c95-39d3-4337-9fa6-0cab348bf289/a6e7b979-a3e6-4578-8af5-c3f58773e9d6_1880169248.jpeg?h=225&w=225,
289864329,Jamie Oliver Tomato & Olive Quinoa 250G,https://www.tesco.com/groceries/en-GB/shop/food-cupboard/all?department=Dried%20Pasta%2C%20Rice%2C%20Noodles%20%26%20Cous%20Cous&viewAll=department&page=,£2.30,£9.20/kg,,,/groceries/en-GB/products/289864329,https://digitalcontent.api.tesco.com/v2/media/ghs/c7795663-4d45-47da-879a-b6f4bb0dae4f/6458eff3-8871-4f68-b836-342f90c3b43b_2142228680.jpeg?h=225&w=225,
301413731,Barenaked Noodles Original 380G,https://www.tesco.com/groceries/en-GB/shop/food-cupboard/all?department=Dried%20Pasta%2C%20Rice%2C%20Noodles%20%26%20Cous%20Cous&viewAll=department&page=,£2.00,£8.00/kg DR.WT,,,/groceries/en-GB/products/301413731,https://digitalcontent.api.tesco.com/v2/media/ghs/d862d4a2-207c-4222-9567-5ab115e8a22d/24ff1be3-ccc5-4436-87a6-e13a7db2883b_2042744499.jpeg?h=225&w=225,
267030307,Risotto Gallo Risotto Pronto Mushroom 175G,https://www.tesco.com/groceries/en-GB/shop/food-cupboard/all?department=Dried%20Pasta%2C%20Rice%2C%20Noodles%20%26%20Cous%20Cous&viewAll=department&page=,£2.65,£15.15/kg,,,/groceries/en-GB/products/267030307,https://digitalcontent.api.tesco.com/v2/media/ghs/f5dbfa25-b13a-4d83-bc94-d7a26598ba79/dddb7a6f-63b1-46fe-854e-18b36b4130ef_1641998053.jpeg?h=225&w=225,
276416057,Tesco Bulgur Wheat & Quinoa Mix 300G,https://www.tesco.com/groceries/en-GB/shop/food-cupboard/all?department=Dried%20Pasta%2C%20Rice%2C%20Noodles%20%26%20Cous%20Cous&viewAll=department&page=,£1.70,£5.67/kg,,,/groceries/en-GB/products/276416057,https://digitalcontent.api.tesco.com/v2/media/ghs/3e1d1a14-eb90-4e5e-a3e7-241acf518901/f1cb0b76-9cc6-49a2-bc27-f9957ffb8614_357467376.jpeg?h=225&w=225,
250646832,De Cecco Spaghetti 500G,https://www.tesco.com/groceries/en-GB/shop/food-cupboard/all?department=Dried%20Pasta%2C%20Rice%2C%20Noodles%20%26%20Cous%20Cous&viewAll=department&page=,£2.00,£4.00/kg,,,/groceries/en-GB/products/250646832,https://digitalcontent.api.tesco.com/v2/media/ghs/743b86f3-71bd-4045-962f-15e8d0d98013/3ffb54b2-05a4-48c8-8c24-883bfdf38f45_201802331.jpeg?h=225&w=225,
309192932,Ben's Original Long Grain Rice 500G,https://www.tesco.com/groceries/en-GB/shop/food-cupboard/all?department=Dried%20Pasta%2C%20Rice%2C%20Noodles%20%26%20Cous%20Cous&viewAll=department&page=,£2.20,£4.40/kg,,,/groceries/en-GB/products/309192932,https://digitalcontent.api.tesco.com/v2/media/ghs/7e33c020-e90b-4c87-a2c8-2bcf74c98c10/c5493ef7-c136-41b7-9f0e-9af93722203c_1175487714.jpeg?h=225&w=225,
254239488,Tesco Penne Pasta Quills 3Kg,https://www.tesco.com/groceries/en-GB/shop/food-cupboard/all?department=Dried%20Pasta%2C%20Rice%2C%20Noodles%20%26%20Cous%20Cous&viewAll=department&page=,£4.00,£1.34/kg,,,/groceries/en-GB/products/254239488,https://digitalcontent.api.tesco.com/v2/media/ghs/fb8cf0a0-716f-490b-8e10-6176221a3307/f2ab6503-1aad-4ed3-8ca2-e28f6e3a8904_1294782266.jpeg?h=225&w=225,
250646417,De Cecco Linguine 500G,https://www.tesco.com/groceries/en-GB/shop/food-cupboard/all?department=Dried%20Pasta%2C%20Rice%2C%20Noodles%20%26%20Cous%20Cous&viewAll=department&page=,£2.00,£4.00/kg,,,/groceries/en-GB/products/250646417,https://digitalcontent.api.tesco.com/v2/media/ghs/1739ac6b-f0d6-408a-8299-71ec9aafad1a/796e9ce2-bde1-4683-add7-d911544d2bc7_1394996442.jpeg?h=225&w=225,
251966083,De Cecco Fusilli 500G,https://www.tesco.com/groceries/en-GB/shop/food-cupboard/all?department=Dried%20Pasta%2C%20Rice%2C%20Noodles%20%26%20Cous%20Cous&viewAll=department&page=,£2.00,£4.00/kg,,,/groceries/en-GB/products/251966083,https://digitalcontent.api.tesco.com/v2/media/ghs/a9e88e2c-02b8-45f8-8760-0b40b176f6e0/de2a428f-b0a3-463e-b4ae-4cea59ee4237_1166864817.jpeg?h=225&w=225,
301373079,De Cecco Pasta Conchiglie Rigate 500G,https://www.tesco.com/groceries/en-GB/shop/food-cupboard/all?department=Dried%20Pasta%2C%20Rice%2C%20Noodles%20%26%20Cous%20Cous&viewAll=department&page=,£2.00,£4.00/kg,,,/groceries/en-GB/products/301373079,https://digitalcontent.api.tesco.com/v2/media/ghs/44f510a8-3425-4294-9eed-f9aaaad0b1ec/a80cc022-75cf-4243-ac4c-4626be2767e7_1776812183.jpeg?h=225&w=225,
293045988,Merchant Gourmet Spanish-Style Grains/Rice 250G,https://www.tesco.com/groceries/en-GB/shop/food-cupboard/all?department=Dried%20Pasta%2C%20Rice%2C%20Noodles%20%26%20Cous%20Cous&viewAll=department&page=,£2.00,£8.00/kg,,,/groceries/en-GB/products/293045988,https://digitalcontent.api.tesco.com/v2/media/ghs/a96ea457-29d7-49e2-82cf-eed137013b13/43d72e68-8939-4007-ba57-3368a5c5ae6e_1465252389.jpeg?h=225&w=225,
266385787,Merchant Gourmet Tomatoey French 250G,https://www.tesco.com/groceries/en-GB/shop/food-cupboard/all?department=Dried%20Pasta%2C%20Rice%2C%20Noodles%20%26%20Cous%20Cous&viewAll=department&page=,£2.00,£8.00/kg,,,/groceries/en-GB/products/266385787,https://digitalcontent.api.tesco.com/v2/media/ghs/46a2ec88-2f85-4426-a4ac-aa4c5bd74805/37b9767d-36a5-48a4-ae20-1f001b4e2c77_1781816565.jpeg?h=225&w=225,
309202801,Ben's Original Thai Sweet Chilli Microwave Rice 250G,https://www.tesco.com/groceries/en-GB/shop/food-cupboard/all?department=Dried%20Pasta%2C%20Rice%2C%20Noodles%20%26%20Cous%20Cous&viewAll=department&page=,£1.40,£5.60/kg,,,/groceries/en-GB/products/309202801,https://digitalcontent.api.tesco.com/v2/media/ghs/e50ad2c2-3d65-47a8-857c-8f3f36295878/e63d89c6-70b8-4226-8da6-eeb5c55dec62_525471711.jpeg?h=225&w=225,
295638854,Gallo Risotto Rice 500G,https://www.tesco.com/groceries/en-GB/shop/food-cupboard/all?department=Dried%20Pasta%2C%20Rice%2C%20Noodles%20%26%20Cous%20Cous&viewAll=department&page=,£2.40,£4.80/kg,£1.80 Clubcard Price,,/groceries/en-GB/products/295638854,https://digitalcontent.api.tesco.com/v2/media/ghs/37f8875d-06c8-468a-9c7e-6c27a36610a3/610c241e-e928-4685-9549-9990e018480d_311411883.jpeg?h=225&w=225,
309162801,Ben's Original Special Fried Microwave Rice 250G,https://www.tesco.com/groceries/en-GB/shop/food-cupboard/all?department=Dried%20Pasta%2C%20Rice%2C%20Noodles%20%26%20Cous%20Cous&viewAll=department&page=,£1.40,£5.60/kg,,,/groceries/en-GB/products/309162801,https://digitalcontent.api.tesco.com/v2/media/ghs/d50341b8-4737-4199-9689-072568e2e0c5/2866f5bb-9c66-47df-ab8d-6d557a78fcf6_1578429343.jpeg?h=225&w=225,
309164010,Ben's Original Mushroom Microwave Rice 250G,https://www.tesco.com/groceries/en-GB/shop/food-cupboard/all?department=Dried%20Pasta%2C%20Rice%2C%20Noodles%20%26%20Cous%20Cous&viewAll=department&page=,£1.40,£5.60/kg,,,/groceries/en-GB/products/309164010,https://digitalcontent.api.tesco.com/v2/media/ghs/d1b1d92b-1770-4b9a-a940-d9552fbbca27/cbfac97c-7eb1-47c2-ad1b-68f91cbb00a7_1698765595.jpeg?h=225&w=225,
301412450,Sharwoods Fine Egg Noodles 340G,https://www.tesco.com/groceries/en-GB/shop/food-cupboard/all?department=Dried%20Pasta%2C%20Rice%2C%20Noodles%20%26%20Cous%20Cous&viewAll=department&page=,£2.10,£6.18/kg,,,/groceries/en-GB/products/301412450,https://digitalcontent.api.tesco.com/v2/media/ghs/e7ac5043-c25b-4480-8cb7-ce0fcbeb0403/bdf149f2-d408-4921-b1c6-0e4a10f0ac64_190572188.jpeg?h=225&w=225,
262189968,Napolina Wholwheat Fusilli 500G,https://www.tesco.com/groceries/en-GB/shop/food-cupboard/all?department=Dried%20Pasta%2C%20Rice%2C%20Noodles%20%26%20Cous%20Cous&viewAll=department&page=,£1.50,£3.00/kg,,,/groceries/en-GB/products/262189968,https://digitalcontent.api.tesco.com/v2/media/ghs/961b7738-6bf9-4373-a491-f1374366c567/8758e44f-f8b2-470d-b394-df6174466f1a_204956488.jpeg?h=225&w=225,
250322766,Amoy Thread Fine Noodles 2X150g,https://www.tesco.com/groceries/en-GB/shop/food-cupboard/all?department=Dried%20Pasta%2C%20Rice%2C%20Noodles%20%26%20Cous%20Cous&viewAll=department&page=,£2.10,£7.00/kg,£1.50 Clubcard Price,,/groceries/en-GB/products/250322766,https://digitalcontent.api.tesco.com/v2/media/ghs/469c3e84-c376-46dc-a0e1-2c2a74f94a04/b8349fdd-3080-40af-b7a5-15334bf7ed01_208228981.jpeg?h=225&w=225,
277006852,Al'fez Moroccan Spiced Couscous 200G,https://www.tesco.com/groceries/en-GB/shop/food-cupboard/all?department=Dried%20Pasta%2C%20Rice%2C%20Noodles%20%26%20Cous%20Cous&viewAll=department&page=,£1.60,£0.80/100g,£1.25 Clubcard Price,,/groceries/en-GB/products/277006852,https://digitalcontent.api.tesco.com/v2/media/ghs/4591a063-7756-4418-a2c6-68a82512717e/3f207c4b-6fce-4441-91ad-8ba66f07dec0_2126746404.jpeg?h=225&w=225,
305735050,Di Martino Pappardelle Pasta 250G,https://www.tesco.com/groceries/en-GB/shop/food-cupboard/all?department=Dried%20Pasta%2C%20Rice%2C%20Noodles%20%26%20Cous%20Cous&viewAll=department&page=,£1.20,£4.80/kg,,,/groceries/en-GB/products/305735050,https://digitalcontent.api.tesco.com/v2/media/ghs/c267afd1-aa35-4b88-88b3-dc1c2f26d08e/df12adbd-82ae-4197-89a3-5397986d5c78_1179409040.jpeg?h=225&w=225,
309181093,Ben's Original Chinese Style Microwave Rice 250G,https://www.tesco.com/groceries/en-GB/shop/food-cupboard/all?department=Dried%20Pasta%2C%20Rice%2C%20Noodles%20%26%20Cous%20Cous&viewAll=department&page=,£1.40,£5.60/kg,,,/groceries/en-GB/products/309181093,https://digitalcontent.api.tesco.com/v2/media/ghs/9b5b4d7c-af33-47f9-8617-fc28dc495b72/d420ea1b-56df-484f-8def-ea443d4b55c4_751494915.jpeg?h=225&w=225,
256538611,Tesco Wholefood Chick Peas 500G,https://www.tesco.com/groceries/en-GB/shop/food-cupboard/all?department=Dried%20Pasta%2C%20Rice%2C%20Noodles%20%26%20Cous%20Cous&viewAll=department&page=,£1.35,£2.70/kg,,,/groceries/en-GB/products/256538611,https://digitalcontent.api.tesco.com/v2/media/ghs/a071d01d-be61-4e34-97c2-c12262a4bfa6/38328dcf-2234-4164-af9c-c150adbe6d1b_1104459057.jpeg?h=225&w=225,
256532750,Tesco Cannellini Beans 500G,https://www.tesco.com/groceries/en-GB/shop/food-cupboard/all?department=Dried%20Pasta%2C%20Rice%2C%20Noodles%20%26%20Cous%20Cous&viewAll=department&page=,£1.35,£2.70/kg,,,/groceries/en-GB/products/256532750,https://digitalcontent.api.tesco.com/v2/media/ghs/3a336917-024c-4777-900e-52a3c55a336a/c69ecdd5-b27c-4a19-9a51-f189f6d8c1fc_320767678.jpeg?h=225&w=225,
309164724,Ben's Original Roasted Garlic Microwave Rice 250G,https://www.tesco.com/groceries/en-GB/shop/food-cupboard/all?department=Dried%20Pasta%2C%20Rice%2C%20Noodles%20%26%20Cous%20Cous&viewAll=department&page=,£1.40,£5.60/kg,,,/groceries/en-GB/products/309164724,https://digitalcontent.api.tesco.com/v2/media/ghs/a9b3d3a5-f980-4af1-878e-75b2743dfda9/543459d0-c411-422e-997a-05fff7b60dd1_479890260.jpeg?h=225&w=225,
309187484,Ben's Original Limited Edition Cajun Spiced Rice 250G,https://www.tesco.com/groceries/en-GB/shop/food-cupboard/all?department=Dried%20Pasta%2C%20Rice%2C%20Noodles%20%26%20Cous%20Cous&viewAll=department&page=,£1.40,£5.60/kg,,,/groceries/en-GB/products/309187484,https://digitalcontent.api.tesco.com/v2/media/ghs/da71da81-be9d-4358-bfc8-66603d361ec3/e87d5118-451c-4bd0-b253-610fe7d4cd63_1674278484.jpeg?h=225&w=225,
278086224,Tesco Easy Cook Brown Rice Boil In Bag 4 Pack 500G,https://www.tesco.com/groceries/en-GB/shop/food-cupboard/all?department=Dried%20Pasta%2C%20Rice%2C%20Noodles%20%26%20Cous%20Cous&viewAll=department&page=,£1.05,£2.10/kg,,,/groceries/en-GB/products/278086224,https://digitalcontent.api.tesco.com/v2/media/ghs/774b0f78-418d-42d0-a69e-c27294acfa84/snapshotimagehandler_1657952441.jpeg?h=225&w=225,
259758829,Tilda Boil In Bag Basmati Rice 4 X 62.5G,https://www.tesco.com/groceries/en-GB/shop/food-cupboard/all?department=Dried%20Pasta%2C%20Rice%2C%20Noodles%20%26%20Cous%20Cous&viewAll=department&page=,£1.50,£6.00/kg,£1.00 Clubcard Price,,/groceries/en-GB/products/259758829,https://digitalcontent.api.tesco.com/v2/media/ghs/baa1986c-2c75-42ca-96a0-a39137f3c99b/f748ebd2-24b6-45c2-beed-4a4e07617739_2054395800.jpeg?h=225&w=225,
260261321,Tesco Pinto Beans 500G,https://www.tesco.com/groceries/en-GB/shop/food-cupboard/all?department=Dried%20Pasta%2C%20Rice%2C%20Noodles%20%26%20Cous%20Cous&viewAll=department&page=,£1.35,£2.70/kg,,,/groceries/en-GB/products/260261321,https://digitalcontent.api.tesco.com/v2/media/ghs/8ecc19dd-8487-4ba3-aadb-6f5fa46a2b8c/e6cddea5-ffcc-405f-9cd4-2260ee1a5889_549774923.jpeg?h=225&w=225,
305732099,Di Martino Fusilli Corti Col. Buco 500G,https://www.tesco.com/groceries/en-GB/shop/food-cupboard/all?department=Dried%20Pasta%2C%20Rice%2C%20Noodles%20%26%20Cous%20Cous&viewAll=department&page=,£1.20,£2.40/kg,,,/groceries/en-GB/products/305732099,https://digitalcontent.api.tesco.com/v2/media/ghs/923195e3-bc6c-48cd-872c-4433c3eb5387/f65dd725-ae55-4de3-be86-acba81fdc1e1_1816035678.jpeg?h=225&w=225,
305731912,Di Martino Fusillata Casareccia 500G,https://www.tesco.com/groceries/en-GB/shop/food-cupboard/all?department=Dried%20Pasta%2C%20Rice%2C%20Noodles%20%26%20Cous%20Cous&viewAll=department&page=,£1.20,£2.40/kg,,,/groceries/en-GB/products/305731912,https://digitalcontent.api.tesco.com/v2/media/ghs/c43777a2-763e-4caf-a770-8fa1bd223ac5/9b47b648-2ce1-4ca9-9956-7972be54bc91_1108159396.jpeg?h=225&w=225,
305736383,Di Martino Bucatini Pasta 500G,https://www.tesco.com/groceries/en-GB/shop/food-cupboard/all?department=Dried%20Pasta%2C%20Rice%2C%20Noodles%20%26%20Cous%20Cous&viewAll=department&page=,£1.20,£2.40/kg,,,/groceries/en-GB/products/305736383,https://digitalcontent.api.tesco.com/v2/media/ghs/e296cd84-8366-4324-b59a-c7986471cea1/9c94cfbf-2391-4e7b-a018-d50ebab88211_791533936.jpeg?h=225&w=225,
311807348,Tilda Microwave Indonesian Fried Rice 250G,https://www.tesco.com/groceries/en-GB/shop/food-cupboard/all?department=Dried%20Pasta%2C%20Rice%2C%20Noodles%20%26%20Cous%20Cous&viewAll=department&page=,£1.00,£4.00/kg,,,/groceries/en-GB/products/311807348,https://digitalcontent.api.tesco.com/v2/media/ghs/476d8540-421d-4800-b67e-ddd17c30edb9/90232f55-8d18-4ad3-a9f7-7ef338b36b00_24507923.jpeg?h=225&w=225,
311788202,Tilda Masala Rice 250G,https://www.tesco.com/groceries/en-GB/shop/food-cupboard/all?department=Dried%20Pasta%2C%20Rice%2C%20Noodles%20%26%20Cous%20Cous&viewAll=department&page=,£1.00,£4.00/kg,,,/groceries/en-GB/products/311788202,https://digitalcontent.api.tesco.com/v2/media/ghs/6efb24fa-b98a-456c-b135-adb162084f61/e5636650-a48e-4aaf-9365-704344a01e26_2113948250.jpeg?h=225&w=225,
254878142,Great Scot Red Split Lentils 500G,https://www.tesco.com/groceries/en-GB/shop/food-cupboard/all?department=Dried%20Pasta%2C%20Rice%2C%20Noodles%20%26%20Cous%20Cous&viewAll=department&page=,£1.50,£3.00/kg,£1.20 Clubcard Price,,/groceries/en-GB/products/254878142,https://digitalcontent.api.tesco.com/v2/media/ghs/8b5cc533-5e64-4a35-915e-a07bf715e3c3/7d914458-f8bf-4bab-aa3e-1bab5ada8bc5_1523807632.jpeg?h=225&w=225,
255874968,Tesco Organic Spaghetti Pasta 500G,https://www.tesco.com/groceries/en-GB/shop/food-cupboard/all?department=Dried%20Pasta%2C%20Rice%2C%20Noodles%20%26%20Cous%20Cous&viewAll=department&page=,£1.25,£2.50/kg,,,/groceries/en-GB/products/255874968,https://digitalcontent.api.tesco.com/v2/media/ghs/f50eb77f-f0b4-4cdb-bc2e-9a5afecfac11/a03074c7-8478-432b-b390-2d981e60f19c_1245594506.jpeg?h=225&w=225,
262043041,Tesco Organic Whole Wheat Spaghetti Pasta 500G,https://www.tesco.com/groceries/en-GB/shop/food-cupboard/all?department=Dried%20Pasta%2C%20Rice%2C%20Noodles%20%26%20Cous%20Cous&viewAll=department&page=,£1.25,£2.50/kg,,,/groceries/en-GB/products/262043041,https://digitalcontent.api.tesco.com/v2/media/ghs/e31c8698-2cfd-4b33-ad03-3e8ebe6ab491/6089930d-45b3-41d0-b2f1-cc0d1d83a44e_1246226828.jpeg?h=225&w=225,
305037299,Tesco Spinach Farfalle 500G,https://www.tesco.com/groceries/en-GB/shop/food-cupboard/all?department=Dried%20Pasta%2C%20Rice%2C%20Noodles%20%26%20Cous%20Cous&viewAll=department&page=,£0.95,£1.90/kg,Buy Dolmio Sauce 470g/500g and Save 95p on Tesco Core Pasta 500g Clubcard Price,,/groceries/en-GB/products/305037299,https://digitalcontent.api.tesco.com/v2/media/ghs/1c365501-aaad-44c1-9174-96e6489e4259/c8d78e7e-1d57-466a-b7f2-bceb3cea73f0_1292330048.jpeg?h=225&w=225,
260526631,Tesco Organic Whole Wheat Fusilli 500G,https://www.tesco.com/groceries/en-GB/shop/food-cupboard/all?department=Dried%20Pasta%2C%20Rice%2C%20Noodles%20%26%20Cous%20Cous&viewAll=department&page=,£1.25,£2.50/kg,,,/groceries/en-GB/products/260526631,https://digitalcontent.api.tesco.com/v2/media/ghs/d839a784-64b0-4e5b-8009-edcb9dacfd01/9272c160-2ee8-4483-b2af-acc2157f13b7_1251426171.jpeg?h=225&w=225,
293247162,Tilda Pure Original Basmati Rice 10Kg,https://www.tesco.com/groceries/en-GB/shop/food-cupboard/all?department=Dried%20Pasta%2C%20Rice%2C%20Noodles%20%26%20Cous%20Cous&viewAll=department&page=,£26.00,£2.60/kg,,,/groceries/en-GB/products/293247162,https://digitalcontent.api.tesco.com/v2/media/ghs/48649fde-1554-4ad9-90b1-3a58b3f9928c/a65b5774-3055-4fc5-b64d-8e59bee94e78_1980954499.jpeg?h=225&w=225,
293258638,Kohinoor Extra Flavour Basmati Rice 10Kg,https://www.tesco.com/groceries/en-GB/shop/food-cupboard/all?department=Dried%20Pasta%2C%20Rice%2C%20Noodles%20%26%20Cous%20Cous&viewAll=department&page=,£19.00,£1.90/kg,,,/groceries/en-GB/products/293258638,https://digitalcontent.api.tesco.com/v2/media/ghs/595ae6c0-ab44-4323-9903-a5007ad3bfb4/3a452ee1-cc51-4607-be25-52c91bbf7805_807694292.jpeg?h=225&w=225,
309189793,Ben's Original Boil In Bag Wholegrain Rice 4 Pack 500G,https://www.tesco.com/groceries/en-GB/shop/food-cupboard/all?department=Dried%20Pasta%2C%20Rice%2C%20Noodles%20%26%20Cous%20Cous&viewAll=department&page=,£3.15,£6.30/kg,,,/groceries/en-GB/products/309189793,https://digitalcontent.api.tesco.com/v2/media/ghs/653315c3-412c-4fd5-b7eb-422513a023f9/bc323058-4260-4842-848a-f798d18e303b_58024676.jpeg?h=225&w=225,
258204208,Tilda Thai Jasmine Rice 500G,https://www.tesco.com/groceries/en-GB/shop/food-cupboard/all?department=Dried%20Pasta%2C%20Rice%2C%20Noodles%20%26%20Cous%20Cous&viewAll=department&page=,£3.00,£6.00/kg,,,/groceries/en-GB/products/258204208,https://digitalcontent.api.tesco.com/v2/media/ghs/b7507a7b-25ba-4b5f-ac27-85c37b4c041d/da712b15-fdac-4f6d-94f1-85015bae1f92_1159644226.jpeg?h=225&w=225,
252380946,Tesco Organic Basmati Rice 500G,https://www.tesco.com/groceries/en-GB/shop/food-cupboard/all?department=Dried%20Pasta%2C%20Rice%2C%20Noodles%20%26%20Cous%20Cous&viewAll=department&page=,£2.40,£4.80/kg,,,/groceries/en-GB/products/252380946,https://digitalcontent.api.tesco.com/v2/media/ghs/8e88d229-24dc-4d23-a8ee-6a8039dd7211/snapshotimagehandler_2083582472.jpeg?h=225&w=225,
273988553,Merchant Gourmet Whole Wheat Giant Couscous 300G,https://www.tesco.com/groceries/en-GB/shop/food-cupboard/all?department=Dried%20Pasta%2C%20Rice%2C%20Noodles%20%26%20Cous%20Cous&viewAll=department&page=,£2.40,£8.00/kg,,,/groceries/en-GB/products/273988553,https://digitalcontent.api.tesco.com/v2/media/ghs/a02bc18c-9305-44ef-b18c-7fa33f03016a/3c3694c3-82f9-4302-8403-636aa0090930_1417385497.jpeg?h=225&w=225,
311435396,Riso. Scotti Buona Idea Risotto Mushroom 210G,https://www.tesco.com/groceries/en-GB/shop/food-cupboard/all?department=Dried%20Pasta%2C%20Rice%2C%20Noodles%20%26%20Cous%20Cous&viewAll=department&page=,£2.35,£11.20/kg,,,/groceries/en-GB/products/311435396,https://digitalcontent.api.tesco.com/v2/media/ghs/dd1ecd5c-1a69-4987-8259-37704d435502/614d33f4-2989-42b1-922c-680da29856d2_865089669.jpeg?h=225&w=225,
312361279,Riso. Scotti Cremoso Risotto Formaggio 210G,https://www.tesco.com/groceries/en-GB/shop/food-cupboard/all?department=Dried%20Pasta%2C%20Rice%2C%20Noodles%20%26%20Cous%20Cous&viewAll=department&page=,£2.35,£11.20/kg,,,/groceries/en-GB/products/312361279,https://digitalcontent.api.tesco.com/v2/media/ghs/af6b8cba-9b22-47f6-bc61-b43b25e15cca/2238266c-d4e3-4070-b8a1-ecaf29fccd58_1720169063.jpeg?h=225&w=225,
255111674,De Cecco Penne Rigate .41 500G,https://www.tesco.com/groceries/en-GB/shop/food-cupboard/all?department=Dried%20Pasta%2C%20Rice%2C%20Noodles%20%26%20Cous%20Cous&viewAll=department&page=,£2.00,£4.00/kg,,,/groceries/en-GB/products/255111674,https://digitalcontent.api.tesco.com/v2/media/ghs/1afaf1b8-3f6d-43a2-8b72-33b36164d33b/snapshotimagehandler_2059629393.jpeg?h=225&w=225,
280965846,Jamie Oliver Curried Chickpeas 250G,https://www.tesco.com/groceries/en-GB/shop/food-cupboard/all?department=Dried%20Pasta%2C%20Rice%2C%20Noodles%20%26%20Cous%20Cous&viewAll=department&page=,£2.30,£9.20/kg,,,/groceries/en-GB/products/280965846,https://digitalcontent.api.tesco.com/v2/media/ghs/97997889-9132-4ae8-9429-4b0488a93977/cac829d1-ef5d-4e6f-9c95-d02d993cd209_1817344374.jpeg?h=225&w=225,
293229610,Jamie Oliver Lovely Lentils 250,https://www.tesco.com/groceries/en-GB/shop/food-cupboard/all?department=Dried%20Pasta%2C%20Rice%2C%20Noodles%20%26%20Cous%20Cous&viewAll=department&page=,£2.30,£9.20/kg,,,/groceries/en-GB/products/293229610,https://digitalcontent.api.tesco.com/v2/media/ghs/49df677d-3e78-466f-9d69-b0a377a118ac/8c33a949-98be-454f-9316-290eac4ecefc_1700201175.jpeg?h=225&w=225,
256320223,Seeds Of Change Organic Spinach Trottole 500G,https://www.tesco.com/groceries/en-GB/shop/food-cupboard/all?department=Dried%20Pasta%2C%20Rice%2C%20Noodles%20%26%20Cous%20Cous&viewAll=department&page=,£2.30,£4.60/kg,,,/groceries/en-GB/products/256320223,https://digitalcontent.api.tesco.com/v2/media/ghs/57c0770b-d224-4e22-8a0b-e6328e029dd0/ccfeb619-8daa-4f22-9d2d-a5a72c880fa9_2071507777.jpeg?h=225&w=225,
308866811,Tesco Finest Fusilli Corti Col. Buco 500G,https://www.tesco.com/groceries/en-GB/shop/food-cupboard/all?department=Dried%20Pasta%2C%20Rice%2C%20Noodles%20%26%20Cous%20Cous&viewAll=department&page=,£1.90,£3.80/kg,,,/groceries/en-GB/products/308866811,https://digitalcontent.api.tesco.com/v2/media/ghs/f8e40079-c0d2-4bcc-b9ed-4b9a75096693/23bda92d-5d95-41e0-bcc5-5742cedf5b8b_695571227.jpeg?h=225&w=225,
256530942,Tesco Black Turtle Beans 500G,https://www.tesco.com/groceries/en-GB/shop/food-cupboard/all?department=Dried%20Pasta%2C%20Rice%2C%20Noodles%20%26%20Cous%20Cous&viewAll=department&page=,£1.80,£3.60/kg,,,/groceries/en-GB/products/256530942,https://digitalcontent.api.tesco.com/v2/media/ghs/211c1d8a-6d96-491f-a77f-bf57babbb602/62458bca-49f1-47a0-82d1-e9de35ab45ba_15852517.jpeg?h=225&w=225,
308864652,Tesco Finest Casarecce 500G,https://www.tesco.com/groceries/en-GB/shop/food-cupboard/all?department=Dried%20Pasta%2C%20Rice%2C%20Noodles%20%26%20Cous%20Cous&viewAll=department&page=,£1.90,£3.80/kg,,,/groceries/en-GB/products/308864652,https://digitalcontent.api.tesco.com/v2/media/ghs/88ecb7e0-99f7-4c59-a54d-b8928bb55cb1/06f0f94e-ca03-4178-9dfd-4e1849811ae3_607824772.jpeg?h=225&w=225,
308114969,Tesco Finest Orecchiette 500G,https://www.tesco.com/groceries/en-GB/shop/food-cupboard/all?department=Dried%20Pasta%2C%20Rice%2C%20Noodles%20%26%20Cous%20Cous&viewAll=department&page=,£1.90,£3.80/kg,,,/groceries/en-GB/products/308114969,https://digitalcontent.api.tesco.com/v2/media/ghs/9fdfb97a-78e9-4f8c-8e09-5af227bee3a1/c1941af5-47e9-4601-ba35-b76f91483db1_1772418059.jpeg?h=225&w=225,
284744278,Tesco Ingredients Red Rice 500G,https://www.tesco.com/groceries/en-GB/shop/food-cupboard/all?department=Dried%20Pasta%2C%20Rice%2C%20Noodles%20%26%20Cous%20Cous&viewAll=department&page=,£1.70,£3.40/kg,,,/groceries/en-GB/products/284744278,https://digitalcontent.api.tesco.com/v2/media/ghs/e28ef512-64d9-45cf-9451-da8db700750f/55e93212-49d0-48da-b2f1-67b76d987ed6_830840271.jpeg?h=225&w=225,
267030100,Risotto Gallo Risotto Pronto 4 Cheese 175G,https://www.tesco.com/groceries/en-GB/shop/food-cupboard/all?department=Dried%20Pasta%2C%20Rice%2C%20Noodles%20%26%20Cous%20Cous&viewAll=department&page=,£2.65,£1.52/100g,,,/groceries/en-GB/products/267030100,https://digitalcontent.api.tesco.com/v2/media/ghs/fece5297-89f7-448d-a4ee-568120677534/snapshotimagehandler_1700457429.jpeg?h=225&w=225,
297862544,Tilda Super Grains Coconut 220G,https://www.tesco.com/groceries/en-GB/shop/food-cupboard/all?department=Dried%20Pasta%2C%20Rice%2C%20Noodles%20%26%20Cous%20Cous&viewAll=department&page=,£2.00,£9.10/kg,,,/groceries/en-GB/products/297862544,https://digitalcontent.api.tesco.com/v2/media/ghs/6527b1a3-e61b-4831-861c-dc41bdaec483/7af729da-4ac3-4c52-9fba-ee6f91f6bf0b_996732262.jpeg?h=225&w=225,
301419638,Barenaked Protein Noodles 380G,https://www.tesco.com/groceries/en-GB/shop/food-cupboard/all?department=Dried%20Pasta%2C%20Rice%2C%20Noodles%20%26%20Cous%20Cous&viewAll=department&page=,£2.00,£8.00/kg DR.WT,,,/groceries/en-GB/products/301419638,https://digitalcontent.api.tesco.com/v2/media/ghs/e37e9377-13d4-4ee8-8691-a792dd71a007/917a26ce-5b54-4fc4-8024-290ca3eab141_1465977947.jpeg?h=225&w=225,
303272093,Barenaked Rice 380G,https://www.tesco.com/groceries/en-GB/shop/food-cupboard/all?department=Dried%20Pasta%2C%20Rice%2C%20Noodles%20%26%20Cous%20Cous&viewAll=department&page=,£2.00,£8.00/kg DR.WT,,,/groceries/en-GB/products/303272093,https://digitalcontent.api.tesco.com/v2/media/ghs/e22bcb94-0175-4dc2-af87-e38edd5296fd/719170f6-7b65-4c8c-8fc6-8513b9a0c899_1845354131.jpeg?h=225&w=225,
309173919,Blue Dragon Spinach Noodles Plant Based 125G,https://www.tesco.com/groceries/en-GB/shop/food-cupboard/all?department=Dried%20Pasta%2C%20Rice%2C%20Noodles%20%26%20Cous%20Cous&viewAll=department&page=,£1.75,£14.00/kg,,,/groceries/en-GB/products/309173919,https://digitalcontent.api.tesco.com/v2/media/ghs/fc0723ad-6d34-43b9-9a9c-b8ce2431fb8f/1c5b4e5a-7351-4df7-bb78-8ab95917794e_1438331054.jpeg?h=225&w=225,
309176324,Blue Dragon Plant-Based Beetroot Noodles 125G,https://www.tesco.com/groceries/en-GB/shop/food-cupboard/all?department=Dried%20Pasta%2C%20Rice%2C%20Noodles%20%26%20Cous%20Cous&viewAll=department&page=,£1.75,£14.00/kg,,,/groceries/en-GB/products/309176324,https://digitalcontent.api.tesco.com/v2/media/ghs/995b4389-8919-4032-8884-ad221b675548/a248bdeb-b014-4b80-9186-7950fcc4c387_632941924.jpeg?h=225&w=225,
311268910,Veetee Plants & Rice Spiced Chickpea & Sweet Potato 280G,https://www.tesco.com/groceries/en-GB/shop/food-cupboard/all?department=Dried%20Pasta%2C%20Rice%2C%20Noodles%20%26%20Cous%20Cous&viewAll=department&page=,£2.00,£7.15/kg,,,/groceries/en-GB/products/311268910,https://digitalcontent.api.tesco.com/v2/media/ghs/40aeb593-6566-4107-a0dc-8451e4a45087/8e7aa568-0121-4433-b96c-fcdb677190b1_1806881290.jpeg?h=225&w=225,
262190107,Napolina Whole Wheat Spaghetti 500G,https://www.tesco.com/groceries/en-GB/shop/food-cupboard/all?department=Dried%20Pasta%2C%20Rice%2C%20Noodles%20%26%20Cous%20Cous&viewAll=department&page=,£1.50,£3.00/kg,,,/groceries/en-GB/products/262190107,https://digitalcontent.api.tesco.com/v2/media/ghs/cd04d706-c3c9-4278-a404-ed9e0a8a769e/844f85ef-fb46-460a-a3e6-a70d96746713_158338783.jpeg?h=225&w=225,
311942918,Merchant Gourmet Jamaican Grains & Pulses 250G,https://www.tesco.com/groceries/en-GB/shop/food-cupboard/all?department=Dried%20Pasta%2C%20Rice%2C%20Noodles%20%26%20Cous%20Cous&viewAll=department&page=,£2.00,£8.00/kg,,,/groceries/en-GB/products/311942918,https://digitalcontent.api.tesco.com/v2/media/ghs/c3e441b5-ad69-4190-810f-584f073aaec6/343bb85d-88d0-4a6e-a57e-76fbf10dd0c0_309035223.jpeg?h=225&w=225,
311958629,Merchant Gourmet Herby Italian Style Grain 250G,https://www.tesco.com/groceries/en-GB/shop/food-cupboard/all?department=Dried%20Pasta%2C%20Rice%2C%20Noodles%20%26%20Cous%20Cous&viewAll=department&page=,£2.00,£8.00/kg,,,/groceries/en-GB/products/311958629,https://digitalcontent.api.tesco.com/v2/media/ghs/c54d003f-f6ed-4383-b340-e59c18e7066d/ee6da8bb-fc20-428d-8537-c650c6077a81_1290937615.jpeg?h=225&w=225,
262200986,Tesco Buckwheat 500G,https://www.tesco.com/groceries/en-GB/shop/food-cupboard/all?department=Dried%20Pasta%2C%20Rice%2C%20Noodles%20%26%20Cous%20Cous&viewAll=department&page=,£2.00,£4.00/kg,,,/groceries/en-GB/products/262200986,https://digitalcontent.api.tesco.com/v2/media/ghs/7a3de620-896f-48de-bc8e-db28c764f666/f9423b6e-9c9d-48bd-ad93-8b2577aecae9_1480424978.jpeg?h=225&w=225,
251279936,Italfresco Ready Made Polenta 500G,https://www.tesco.com/groceries/en-GB/shop/food-cupboard/all?department=Dried%20Pasta%2C%20Rice%2C%20Noodles%20%26%20Cous%20Cous&viewAll=department&page=,£1.10,£2.20/kg,,,/groceries/en-GB/products/251279936,https://digitalcontent.api.tesco.com/v2/media/ghs/f0ed28a2-b10e-43e3-a3df-b467c38e6b3f/d4a7aec8-3eb1-4951-b067-8bc73594e194_1055895952.jpeg?h=225&w=225,
258112599,Amoy Singapore Curry Noodles 2X150g,https://www.tesco.com/groceries/en-GB/shop/food-cupboard/all?department=Dried%20Pasta%2C%20Rice%2C%20Noodles%20%26%20Cous%20Cous&viewAll=department&page=,£2.10,£7.00/kg,£1.50 Clubcard Price,,/groceries/en-GB/products/258112599,https://digitalcontent.api.tesco.com/v2/media/ghs/70769c70-9432-406f-a8dc-9c5c43182578/2ca34cc0-0f20-4740-9a84-3407e7db8b9f_41989653.jpeg?h=225&w=225,
307745265,Whitworths Protein By Nature Indian Lentil Dhal 250G,https://www.tesco.com/groceries/en-GB/shop/food-cupboard/all?department=Dried%20Pasta%2C%20Rice%2C%20Noodles%20%26%20Cous%20Cous&viewAll=department&page=,£2.00,£8.00/kg,£1.50 Clubcard Price,,/groceries/en-GB/products/307745265,https://digitalcontent.api.tesco.com/v2/media/ghs/ed40b49a-4dd8-4769-bb8c-eb2f9f2b6e05/e41b0f45-b5ff-4b2d-9eba-9547d5e37c2e_1908250831.jpeg?h=225&w=225,
307757527,Whitworths Protein Mexican Spicy Grains 250G,https://www.tesco.com/groceries/en-GB/shop/food-cupboard/all?department=Dried%20Pasta%2C%20Rice%2C%20Noodles%20%26%20Cous%20Cous&viewAll=department&page=,£2.00,£8.00/kg,£1.50 Clubcard Price,,/groceries/en-GB/products/307757527,https://digitalcontent.api.tesco.com/v2/media/ghs/c5c2eb20-ce4c-40e9-a463-6e468ed48666/4e1e9d57-25ac-43d1-bc67-c1bcc3c7efbc_2007246295.jpeg?h=225&w=225,
307741344,Whitworths Protein Brazilian Smoky Beans 250G,https://www.tesco.com/groceries/en-GB/shop/food-cupboard/all?department=Dried%20Pasta%2C%20Rice%2C%20Noodles%20%26%20Cous%20Cous&viewAll=department&page=,£2.00,£8.00/kg,£1.50 Clubcard Price,,/groceries/en-GB/products/307741344,https://digitalcontent.api.tesco.com/v2/media/ghs/671aae45-c8c9-486a-beee-76b76e4cde93/10ee316c-c14e-4c75-9d2e-d4addbd5efa1_157726486.jpeg?h=225&w=225,
311806960,Bens Original Korean Bbq Inspired Microwave Rice 250G,https://www.tesco.com/groceries/en-GB/shop/food-cupboard/all?department=Dried%20Pasta%2C%20Rice%2C%20Noodles%20%26%20Cous%20Cous&viewAll=department&page=,£1.40,£5.60/kg,,,/groceries/en-GB/products/311806960,https://digitalcontent.api.tesco.com/v2/media/ghs/7aac0bde-9d5f-45e0-bcaa-39fd913c5755/38741c10-6e3f-43c3-a353-270f068af175_1034268286.jpeg?h=225&w=225,
307149493,Naked Singapore Style Curry Noodles 100G,https://www.tesco.com/groceries/en-GB/shop/food-cupboard/all?department=Dried%20Pasta%2C%20Rice%2C%20Noodles%20%26%20Cous%20Cous&viewAll=department&page=,£1.10,£11.00/kg,,,/groceries/en-GB/products/307149493,https://digitalcontent.api.tesco.com/v2/media/ghs/98b9722a-af8e-41f9-9fa0-8936e33045bb/4b7ade12-399b-41ca-bc3d-37122e18b8e2_1575973611.jpeg?h=225&w=225,
250719194,Tesco Organic Easy Cook Long Grain Rice 500G,https://www.tesco.com/groceries/en-GB/shop/food-cupboard/all?department=Dried%20Pasta%2C%20Rice%2C%20Noodles%20%26%20Cous%20Cous&viewAll=department&page=,£1.45,£2.90/kg,,,/groceries/en-GB/products/250719194,https://digitalcontent.api.tesco.com/v2/media/ghs/f327c5a2-34b2-4569-92d9-32216080924a/978b616f-4141-418b-be15-6c756e65360b_1241325705.jpeg?h=225&w=225,
311689383,Bens Original Katsu Curry Inspired Microwave Rice 250G,https://www.tesco.com/groceries/en-GB/shop/food-cupboard/all?department=Dried%20Pasta%2C%20Rice%2C%20Noodles%20%26%20Cous%20Cous&viewAll=department&page=,£1.40,£5.60/kg,,,/groceries/en-GB/products/311689383,https://digitalcontent.api.tesco.com/v2/media/ghs/f82fd46e-3aaf-4798-b091-a8b76d49b37f/45935b78-36f5-4abb-9d3a-4d6ecfce2a2f_844408276.jpeg?h=225&w=225,
307151437,Naked Chicken Yakisoba Noodles 100G,https://www.tesco.com/groceries/en-GB/shop/food-cupboard/all?department=Dried%20Pasta%2C%20Rice%2C%20Noodles%20%26%20Cous%20Cous&viewAll=department&page=,£1.10,£11.00/kg,,,/groceries/en-GB/products/307151437,https://digitalcontent.api.tesco.com/v2/media/ghs/3b2a2651-476c-4ac4-84a5-3b06eb00761f/62c3a418-99f3-48f1-9f71-c193f7e48e27_2117216770.jpeg?h=225&w=225,
262365915,Tesco Whole Wheat Cous Cous 500G,https://www.tesco.com/groceries/en-GB/shop/food-cupboard/all?department=Dried%20Pasta%2C%20Rice%2C%20Noodles%20%26%20Cous%20Cous&viewAll=department&page=,£0.90,£1.80/kg,,,/groceries/en-GB/products/262365915,https://digitalcontent.api.tesco.com/v2/media/ghs/22780919-eb70-4210-bb22-cb86b47e11a4/b4fb4555-5d14-4d87-b02e-ee89d6183594_1943051787.jpeg?h=225&w=225,
307135532,Naked Korean Style Bbq Beef Noodles 100G,https://www.tesco.com/groceries/en-GB/shop/food-cupboard/all?department=Dried%20Pasta%2C%20Rice%2C%20Noodles%20%26%20Cous%20Cous&viewAll=department&page=,£1.10,£11.00/kg,,,/groceries/en-GB/products/307135532,https://digitalcontent.api.tesco.com/v2/media/ghs/e52a92ec-fc8c-4fc9-9424-0fd8a1e3f9a8/2588c16e-8737-4a3b-85f6-eba956a3e9fa_694151943.jpeg?h=225&w=225,
312346436,Riso. Scotti Buona Idea Risotto With Truffle 210G,https://www.tesco.com/groceries/en-GB/shop/food-cupboard/all?department=Dried%20Pasta%2C%20Rice%2C%20Noodles%20%26%20Cous%20Cous&viewAll=department&page=,£2.35,£11.20/kg,,,/groceries/en-GB/products/312346436,https://digitalcontent.api.tesco.com/v2/media/ghs/d7cf07fe-1f5c-4f4d-8213-5be6b8dcdf98/3c3ad4b4-ffd2-4a7e-a616-37e8de6caa1e_1187430411.jpeg?h=225&w=225,
282719782,Risotto Gallo Pronto Milanese 175G,https://www.tesco.com/groceries/en-GB/shop/food-cupboard/all?department=Dried%20Pasta%2C%20Rice%2C%20Noodles%20%26%20Cous%20Cous&viewAll=department&page=,£2.65,£15.15/kg,,,/groceries/en-GB/products/282719782,https://digitalcontent.api.tesco.com/v2/media/ghs/c01dcad9-7879-4292-9975-a58455848e92/08dc37ef-3cc9-4718-b382-d02249f448b2_862334619.jpeg?h=225&w=225,
311217847,Veetee Plants & Rice Smokey Chipotle Non Carne 280G,https://www.tesco.com/groceries/en-GB/shop/food-cupboard/all?department=Dried%20Pasta%2C%20Rice%2C%20Noodles%20%26%20Cous%20Cous&viewAll=department&page=,£2.00,£7.15/kg,,,/groceries/en-GB/products/311217847,https://digitalcontent.api.tesco.com/v2/media/ghs/ac93ac29-07af-4ddb-aab1-1df8dca49f48/cbcc3020-aa0d-4f0c-a7ad-55da82b62866_1693133873.jpeg?h=225&w=225,
308468292,Tesco Finest Fresine 500G,https://www.tesco.com/groceries/en-GB/shop/food-cupboard/all?department=Dried%20Pasta%2C%20Rice%2C%20Noodles%20%26%20Cous%20Cous&viewAll=department&page=,£1.90,£3.80/kg,,,/groceries/en-GB/products/308468292,https://digitalcontent.api.tesco.com/v2/media/ghs/edaa933b-bce5-4a9a-89f2-58c6d9763051/7c33e02a-9f69-4edd-953d-503e8d194538_610498430.jpeg?h=225&w=225,
311276140,Veetee Plants & Rice Beetroot Risotto 280G,https://www.tesco.com/groceries/en-GB/shop/food-cupboard/all?department=Dried%20Pasta%2C%20Rice%2C%20Noodles%20%26%20Cous%20Cous&viewAll=department&page=,£2.00,£7.15/kg,,,/groceries/en-GB/products/311276140,https://digitalcontent.api.tesco.com/v2/media/ghs/bd617300-5b4f-4c2a-95d5-55ebbfb5da5e/47c09900-4584-4f5a-ac65-1b3f5093824b_1391998767.jpeg?h=225&w=225,
309456477,Irie Eats Traditional Rice & Peas 250G,https://www.tesco.com/groceries/en-GB/shop/food-cupboard/all?department=Dried%20Pasta%2C%20Rice%2C%20Noodles%20%26%20Cous%20Cous&viewAll=department&page=,£1.85,£0.74/100g,,,/groceries/en-GB/products/309456477,https://digitalcontent.api.tesco.com/v2/media/ghs/1ff6eb44-511f-4a0b-aaa2-380bad9ad728/54d4b0b5-f957-407f-bda5-bb6208eb1d6c_638626259.jpeg?h=225&w=225,
266573328,Hellmann's Light Squeezy Mayonnaise 750Ml,https://www.tesco.com/groceries/en-GB/shop/food-cupboard/all?department=Table%20Sauces%2C%20Olives%2C%20Pickles%20%26%20Chutney&viewAll=department&page=,£3.40,£0.45/100ml,,,/groceries/en-GB/products/266573328,https://digitalcontent.api.tesco.com/v2/media/ghs/9f611cab-016a-4c51-ac2b-0c65b4c31d5d/da247c91-ff28-441e-96c9-475f901c8477_492708384.jpeg?h=225&w=225,
266573311,Hellmann's Real Squeezy Mayonnaise 750Ml,https://www.tesco.com/groceries/en-GB/shop/food-cupboard/all?department=Table%20Sauces%2C%20Olives%2C%20Pickles%20%26%20Chutney&viewAll=department&page=,£3.40,£0.45/100ml,,,/groceries/en-GB/products/266573311,https://digitalcontent.api.tesco.com/v2/media/ghs/11535590-f3b4-4a0c-a1e1-06406f6d862d/f258e8ec-8bc4-4667-94e1-55345a563d14_869991663.jpeg?h=225&w=225,
250167878,Heinz Top Down Squeezy Tomato Ketchup Sauce 460G,https://www.tesco.com/groceries/en-GB/shop/food-cupboard/all?department=Table%20Sauces%2C%20Olives%2C%20Pickles%20%26%20Chutney&viewAll=department&page=,£2.80,£0.61/100g,,,/groceries/en-GB/products/250167878,https://digitalcontent.api.tesco.com/v2/media/ghs/929a8f91-ac84-42f5-861a-32f1d725e5d9/37227453-618c-4633-b526-a490a1d0b72b_398219827.jpeg?h=225&w=225,
288514602,Heinz Salad Cream 425G,https://www.tesco.com/groceries/en-GB/shop/food-cupboard/all?department=Table%20Sauces%2C%20Olives%2C%20Pickles%20%26%20Chutney&viewAll=department&page=,£2.80,£0.66/100g,,,/groceries/en-GB/products/288514602,https://digitalcontent.api.tesco.com/v2/media/ghs/b744d19c-5bc9-4369-b06f-1c6a46c08543/4bf3a870-d192-4139-ab4f-572f5821b8c2_1941042830.jpeg?h=225&w=225,
260489173,Blue Dragon Sweet Chilli Dipping Sauce 380G,https://www.tesco.com/groceries/en-GB/shop/food-cupboard/all?department=Table%20Sauces%2C%20Olives%2C%20Pickles%20%26%20Chutney&viewAll=department&page=,£2.50,£0.66/100g,,,/groceries/en-GB/products/260489173,https://digitalcontent.api.tesco.com/v2/media/ghs/2d3d5b95-8d95-43d4-b655-051b7afdade5/c76c0114-e75a-4799-959e-70e51798cb2e_1963059526.jpeg?h=225&w=225,
259058195,Hellmann's Light Mayonnaise 800G,https://www.tesco.com/groceries/en-GB/shop/food-cupboard/all?department=Table%20Sauces%2C%20Olives%2C%20Pickles%20%26%20Chutney&viewAll=department&page=,£3.30,£0.41/100g,£2.95 Clubcard Price,,/groceries/en-GB/products/259058195,https://digitalcontent.api.tesco.com/v2/media/ghs/6e1b5be7-3e7d-423b-af20-5248b44af8c1/37e1f8ee-fbbf-4e0c-9106-0ce3467418d6_426831889.jpeg?h=225&w=225,
259058235,Hellmans Real Mayonnaise 800G,https://www.tesco.com/groceries/en-GB/shop/food-cupboard/all?department=Table%20Sauces%2C%20Olives%2C%20Pickles%20%26%20Chutney&viewAll=department&page=,£3.30,£0.41/100g,£2.95 Clubcard Price,,/groceries/en-GB/products/259058235,https://digitalcontent.api.tesco.com/v2/media/ghs/56265f3b-9205-4429-aa8b-d85d69a5c45f/1b0755a5-5ef6-4741-9a06-710aa3315192_25407460.jpeg?h=225&w=225,
280068606,Tesco Whole Pickled Gherkins 680G,https://www.tesco.com/groceries/en-GB/shop/food-cupboard/all?department=Table%20Sauces%2C%20Olives%2C%20Pickles%20%26%20Chutney&viewAll=department&page=,£2.10,£0.57/100g DR.WT,,,/groceries/en-GB/products/280068606,https://digitalcontent.api.tesco.com/v2/media/ghs/d927b1f1-a2b7-43fc-aa29-8317ba129ab0/f742fd42-fb00-45aa-8378-d1549ccf5cbc_720003686.jpeg?h=225&w=225,
254722768,Heinz Top Down Tomato Ketchup 910G,https://www.tesco.com/groceries/en-GB/shop/food-cupboard/all?department=Table%20Sauces%2C%20Olives%2C%20Pickles%20%26%20Chutney&viewAll=department&page=,£3.49,£0.38/100g,Aldi Price Match,,/groceries/en-GB/products/254722768,https://digitalcontent.api.tesco.com/v2/media/ghs/befb87aa-023a-42bc-b25b-1831847d36b6/85877149-6176-427c-b627-b4732ee2dcf4_2030673689.jpeg?h=225&w=225,
298011813,Heinz Tomato Ketchup 50% Less Salt & Sugar 880G,https://www.tesco.com/groceries/en-GB/shop/food-cupboard/all?department=Table%20Sauces%2C%20Olives%2C%20Pickles%20%26%20Chutney&viewAll=department&page=,£3.49,£0.40/100g,,,/groceries/en-GB/products/298011813,https://digitalcontent.api.tesco.com/v2/media/ghs/636f93a9-35c2-4150-aa1e-93f05fa1f865/0b7daf78-3e8c-4d4f-93dc-5c56a9bd1cfd_1939005523.jpeg?h=225&w=225,
300793097,Heinz Salad Cream 605G,https://www.tesco.com/groceries/en-GB/shop/food-cupboard/all?department=Table%20Sauces%2C%20Olives%2C%20Pickles%20%26%20Chutney&viewAll=department&page=,£3.30,£0.55/100g,,,/groceries/en-GB/products/300793097,https://digitalcontent.api.tesco.com/v2/media/ghs/511c1c3b-80e9-4d15-bc3b-b00eaf0dede7/123435e5-0acb-4b42-b1f0-e5c73d0c09f8_1387588937.jpeg?h=225&w=225,
250179532,Lea & Perrins Worcestershire Sauce 150Ml,https://www.tesco.com/groceries/en-GB/shop/food-cupboard/all?department=Table%20Sauces%2C%20Olives%2C%20Pickles%20%26%20Chutney&viewAll=department&page=,£1.70,£1.14/100ml,,,/groceries/en-GB/products/250179532,https://digitalcontent.api.tesco.com/v2/media/ghs/6781a2d3-bf9f-4375-9de2-c423c4e43407/4e48ab90-c5c8-4352-9e50-6b7626fafe44_300445052.jpeg?h=225&w=225,
254887033,Colman's Original English Mustard 170G,https://www.tesco.com/groceries/en-GB/shop/food-cupboard/all?department=Table%20Sauces%2C%20Olives%2C%20Pickles%20%26%20Chutney&viewAll=department&page=,£1.75,£1.03/100g,,,/groceries/en-GB/products/254887033,https://digitalcontent.api.tesco.com/v2/media/ghs/b4451ef2-7938-4ba0-b839-0ab275170b53/ed51caae-e80f-4490-b182-1c9e5d3ac901_1450186452.jpeg?h=225&w=225,
261507134,Hp Top Down Brown Sauce 450G,https://www.tesco.com/groceries/en-GB/shop/food-cupboard/all?department=Table%20Sauces%2C%20Olives%2C%20Pickles%20%26%20Chutney&viewAll=department&page=,£2.80,£0.62/100g,,,/groceries/en-GB/products/261507134,https://digitalcontent.api.tesco.com/v2/media/ghs/04f60ae9-aacf-43c3-8074-251b079ce927/a12ab418-8797-4c55-ba6f-4d9392c8a519_1792024022.jpeg?h=225&w=225,
250181618,Heinz Top Down Squeezy Tomato Ketchup Sauce 700G,https://www.tesco.com/groceries/en-GB/shop/food-cupboard/all?department=Table%20Sauces%2C%20Olives%2C%20Pickles%20%26%20Chutney&viewAll=department&page=,£3.30,£0.47/100g,£2.95 Clubcard Price,,/groceries/en-GB/products/250181618,https://digitalcontent.api.tesco.com/v2/media/ghs/650a2c23-d1c3-405f-827f-6f8dd8f08534/041d5ff6-ec7e-45c7-93c1-16e56fd7cc13_1512849191.jpeg?h=225&w=225,
289013681,Tesco Finest Red Onion Chutney 230G,https://www.tesco.com/groceries/en-GB/shop/food-cupboard/all?department=Table%20Sauces%2C%20Olives%2C%20Pickles%20%26%20Chutney&viewAll=department&page=,£1.50,£0.65/100g,,,/groceries/en-GB/products/289013681,https://digitalcontent.api.tesco.com/v2/media/ghs/f72817a1-f1b2-43bf-b1a9-a736b9bb4a9e/9f0297fa-1093-48d6-a481-ac65836f1a4b_909247106.jpeg?h=225&w=225,
264364700,Hellmann's Light Squeezy Mayonnaise 430Ml,https://www.tesco.com/groceries/en-GB/shop/food-cupboard/all?department=Table%20Sauces%2C%20Olives%2C%20Pickles%20%26%20Chutney&viewAll=department&page=,£1.99,£0.46/100ml,Aldi Price Match,,/groceries/en-GB/products/264364700,https://digitalcontent.api.tesco.com/v2/media/ghs/05912b0d-edb2-410f-b150-335de17d1992/93a60de5-bd6c-499c-9b9f-87a1541121af_1876025604.jpeg?h=225&w=225,
264365273,Hellmann's Real Squeezy Mayonnaise 430Ml,https://www.tesco.com/groceries/en-GB/shop/food-cupboard/all?department=Table%20Sauces%2C%20Olives%2C%20Pickles%20%26%20Chutney&viewAll=department&page=,£1.99,£0.46/100ml,Aldi Price Match,,/groceries/en-GB/products/264365273,https://digitalcontent.api.tesco.com/v2/media/ghs/22dd9a9d-ff54-4e11-8168-6abcf6620d7f/15fb3dc2-7818-4fba-b992-71bf7eca7260_2016961309.jpeg?h=225&w=225,
263625653,Tesco Mango Chutney 230G,https://www.tesco.com/groceries/en-GB/shop/food-cupboard/all?department=Table%20Sauces%2C%20Olives%2C%20Pickles%20%26%20Chutney&viewAll=department&page=,£1.20,£0.52/100g,,,/groceries/en-GB/products/263625653,https://digitalcontent.api.tesco.com/v2/media/ghs/457b233d-b48d-4edb-9ba4-99371b848d69/0e4779fb-d0ab-4b06-ab48-110f2bcb10de_2103024125.jpeg?h=225&w=225,
296186885,Colman's Tartare Sauce 144G,https://www.tesco.com/groceries/en-GB/shop/food-cupboard/all?department=Table%20Sauces%2C%20Olives%2C%20Pickles%20%26%20Chutney&viewAll=department&page=,£1.50,£1.05/100g,£1.00 Clubcard Price,,/groceries/en-GB/products/296186885,https://digitalcontent.api.tesco.com/v2/media/ghs/61b7b388-5b8e-4632-81b4-a04410e306e1/7e5058ad-ce4e-41e1-8e11-4c0fe8fd75ea_670533477.jpeg?h=225&w=225,
264231593,Daddies Brown Sauce 400G,https://www.tesco.com/groceries/en-GB/shop/food-cupboard/all?department=Table%20Sauces%2C%20Olives%2C%20Pickles%20%26%20Chutney&viewAll=department&page=,£1.45,£0.36/100g,,,/groceries/en-GB/products/264231593,https://digitalcontent.api.tesco.com/v2/media/ghs/77c9b161-b8d7-4615-ae7c-a8a44e741198/61563214-3fbf-4ee9-913d-4a1d2a7023e9_432317933.jpeg?h=225&w=225,
253375738,Tesco Pitted Black Olives 330G,https://www.tesco.com/groceries/en-GB/shop/food-cupboard/all?department=Table%20Sauces%2C%20Olives%2C%20Pickles%20%26%20Chutney&viewAll=department&page=,£1.00,£0.61/100g DR.WT,,,/groceries/en-GB/products/253375738,https://digitalcontent.api.tesco.com/v2/media/ghs/af5dbea3-d7e7-4c20-8a8d-5c319cedc0d9/c714e15b-40cc-4636-bf55-b446950875ec_660960466.jpeg?h=225&w=225,
312698727,Hellmann's Tomato Ketchup 430Ml,https://www.tesco.com/groceries/en-GB/shop/food-cupboard/all?department=Table%20Sauces%2C%20Olives%2C%20Pickles%20%26%20Chutney&viewAll=department&page=,£1.25,£2.91/litre,,New,/groceries/en-GB/products/312698727,https://digitalcontent.api.tesco.com/v2/media/ghs/098b9d5d-ff34-47ff-80e6-aaeb08c268f2/1ed9193f-c182-46f0-aa20-3423f63887e0_347138579.jpeg?h=225&w=225,
253778008,Amoy Dark Soy Sauce 150Ml,https://www.tesco.com/groceries/en-GB/shop/food-cupboard/all?department=Table%20Sauces%2C%20Olives%2C%20Pickles%20%26%20Chutney&viewAll=department&page=,£1.50,£1.00/100ml,£1.00 Clubcard Price,,/groceries/en-GB/products/253778008,https://digitalcontent.api.tesco.com/v2/media/ghs/e21b492e-5508-4f2e-af19-816de0477af3/b54ae8e2-112c-4fc6-9726-f1835ee30aa3_637393604.jpeg?h=225&w=225,
296186804,Colman's Horseradish Sauce 136G,https://www.tesco.com/groceries/en-GB/shop/food-cupboard/all?department=Table%20Sauces%2C%20Olives%2C%20Pickles%20%26%20Chutney&viewAll=department&page=,£1.50,£1.11/100g,£1.00 Clubcard Price,,/groceries/en-GB/products/296186804,https://digitalcontent.api.tesco.com/v2/media/ghs/6b1c5e28-fad8-4be5-95d5-c9af53ccf8b8/7173e9c5-b1b8-4caf-a927-6ebc8ca8054d_936650632.jpeg?h=225&w=225,
296186862,Colman's Mint Sauce 165G,https://www.tesco.com/groceries/en-GB/shop/food-cupboard/all?department=Table%20Sauces%2C%20Olives%2C%20Pickles%20%26%20Chutney&viewAll=department&page=,£1.50,£0.91/100g,£1.00 Clubcard Price,,/groceries/en-GB/products/296186862,https://digitalcontent.api.tesco.com/v2/media/ghs/76668743-f261-4295-8365-8364f97dd5e4/395382d2-b545-416c-bbb4-e6c4a8fe15ec_475560144.jpeg?h=225&w=225,
256633210,Branston Small Chunk Pickle 360G,https://www.tesco.com/groceries/en-GB/shop/food-cupboard/all?department=Table%20Sauces%2C%20Olives%2C%20Pickles%20%26%20Chutney&viewAll=department&page=,£1.60,£0.44/100g,,,/groceries/en-GB/products/256633210,https://digitalcontent.api.tesco.com/v2/media/ghs/6706df23-9f01-4d4f-9157-71a2278e0944/e9b56148-18d3-4de6-9d16-91ba25d93137_920672077.jpeg?h=225&w=225,
258251520,Tesco Pitted Green Olives In Brine 340G,https://www.tesco.com/groceries/en-GB/shop/food-cupboard/all?department=Table%20Sauces%2C%20Olives%2C%20Pickles%20%26%20Chutney&viewAll=department&page=,£1.00,£0.61/100g DR.WT,,,/groceries/en-GB/products/258251520,https://digitalcontent.api.tesco.com/v2/media/ghs/0680bc74-57dc-4698-a034-3191834c401a/c1f551f3-4bc0-4cd9-a596-289a8aaf44a0_1129981970.jpeg?h=225&w=225,
305833629,Tesco Bbq Sauce 440G,https://www.tesco.com/groceries/en-GB/shop/food-cupboard/all?department=Table%20Sauces%2C%20Olives%2C%20Pickles%20%26%20Chutney&viewAll=department&page=,£1.00,£0.23/100g,,,/groceries/en-GB/products/305833629,https://digitalcontent.api.tesco.com/v2/media/ghs/51f38228-139b-48cd-9be4-6554b31854b0/d787aa18-d709-4823-86bb-a4d8f39c0645_921556276.jpeg?h=225&w=225,
278831443,Aleyna Sliced Green Jalapeno Peppers 480G,https://www.tesco.com/groceries/en-GB/shop/food-cupboard/all?department=Table%20Sauces%2C%20Olives%2C%20Pickles%20%26%20Chutney&viewAll=department&page=,£1.15,£0.48/100g DR.WT,,,/groceries/en-GB/products/278831443,https://digitalcontent.api.tesco.com/v2/media/ghs/9afc2d07-698a-4bd7-9c35-1769f9617264/f39401c8-d6a5-4259-ab35-5081f6a823b2_2101133132.jpeg?h=225&w=225,
271266005,Ocean Spray Whole Berry Cranberry Sauce 250G,https://www.tesco.com/groceries/en-GB/shop/food-cupboard/all?department=Table%20Sauces%2C%20Olives%2C%20Pickles%20%26%20Chutney&viewAll=department&page=,£1.55,£0.62/100g,£1.00 Clubcard Price,,/groceries/en-GB/products/271266005,https://digitalcontent.api.tesco.com/v2/media/ghs/8e4a3674-9add-4a28-9695-df6c4669b96c/82ca5543-c63e-4453-a9d7-8affe3f39abf_1151478919.jpeg?h=225&w=225,
254885346,Tesco Pickled Sliced Beetroot 340G,https://www.tesco.com/groceries/en-GB/shop/food-cupboard/all?department=Table%20Sauces%2C%20Olives%2C%20Pickles%20%26%20Chutney&viewAll=department&page=,£0.80,£0.37/100g DR.WT,,,/groceries/en-GB/products/254885346,https://digitalcontent.api.tesco.com/v2/media/ghs/29017236-ad99-445b-9c50-3f2c41b64fc9/d523eb9e-82c1-4770-8da8-f4c84192f082_877013797.jpeg?h=225&w=225,
305249769,Tesco Light Mayonnaise 500Ml,https://www.tesco.com/groceries/en-GB/shop/food-cupboard/all?department=Table%20Sauces%2C%20Olives%2C%20Pickles%20%26%20Chutney&viewAll=department&page=,£1.00,£0.20/100ml,,,/groceries/en-GB/products/305249769,https://digitalcontent.api.tesco.com/v2/media/ghs/3de79a45-3b5b-450c-aa6a-e399d3d43849/e8eff579-8961-45f3-9540-5ea33f779846_1000961673.jpeg?h=225&w=225,
294781229,Tesco Light Soy Sauce 150Ml,https://www.tesco.com/groceries/en-GB/shop/food-cupboard/all?department=Table%20Sauces%2C%20Olives%2C%20Pickles%20%26%20Chutney&viewAll=department&page=,£0.65,£0.43/100ml,,,/groceries/en-GB/products/294781229,https://digitalcontent.api.tesco.com/v2/media/ghs/e45a7934-10cd-482e-80fa-f7ca16364f1c/41560168-c9e0-4a6a-8138-b22edc89f66f_1950757995.jpeg?h=225&w=225,
305730412,Tesco Sandwich Pickle 295G,https://www.tesco.com/groceries/en-GB/shop/food-cupboard/all?department=Table%20Sauces%2C%20Olives%2C%20Pickles%20%26%20Chutney&viewAll=department&page=,£1.00,£0.34/100g,,,/groceries/en-GB/products/305730412,https://digitalcontent.api.tesco.com/v2/media/ghs/65e35628-27ad-4d6b-a556-ce4e5cb8e210/59e6dbc9-2cff-4779-9b8e-c3643929c14e_17663540.jpeg?h=225&w=225,
294781206,Tesco Dark Soy Sauce 150Ml,https://www.tesco.com/groceries/en-GB/shop/food-cupboard/all?department=Table%20Sauces%2C%20Olives%2C%20Pickles%20%26%20Chutney&viewAll=department&page=,£0.65,£0.43/100ml,,,/groceries/en-GB/products/294781206,https://digitalcontent.api.tesco.com/v2/media/ghs/eae107f9-e323-4617-b0b2-a323392f9e27/723736f7-739c-4a38-af40-e2bb1d7f2640_2008743957.jpeg?h=225&w=225,
255664065,Tesco English Mustard 190G,https://www.tesco.com/groceries/en-GB/shop/food-cupboard/all?department=Table%20Sauces%2C%20Olives%2C%20Pickles%20%26%20Chutney&viewAll=department&page=,£0.65,£0.34/100g,,,/groceries/en-GB/products/255664065,https://digitalcontent.api.tesco.com/v2/media/ghs/5fff646e-2a6f-412c-808c-ef9df787ad04/e94af5c6-fec4-4e8c-a53d-b786530eb4a8_720020069.jpeg?h=225&w=225,
256993290,Tesco Mint Sauce 185G,https://www.tesco.com/groceries/en-GB/shop/food-cupboard/all?department=Table%20Sauces%2C%20Olives%2C%20Pickles%20%26%20Chutney&viewAll=department&page=,£0.65,£0.35/100g,,,/groceries/en-GB/products/256993290,https://digitalcontent.api.tesco.com/v2/media/ghs/8f9d0a24-da84-41c4-be3b-041075577f28/50fdc9fc-09f2-4b67-8d51-75f9872040fb_637153682.jpeg?h=225&w=225,
305834749,Tesco Tomato Ketchup 555G,https://www.tesco.com/groceries/en-GB/shop/food-cupboard/all?department=Table%20Sauces%2C%20Olives%2C%20Pickles%20%26%20Chutney&viewAll=department&page=,£1.00,£0.18/100g,,,/groceries/en-GB/products/305834749,https://digitalcontent.api.tesco.com/v2/media/ghs/98d154ca-0248-46cf-84b8-ea47d2a495ab/a84d7b53-126a-43d7-8f8f-03826865c8ee_595465236.jpeg?h=225&w=225,
264876866,Tesco Tartare Sauce 175G,https://www.tesco.com/groceries/en-GB/shop/food-cupboard/all?department=Table%20Sauces%2C%20Olives%2C%20Pickles%20%26%20Chutney&viewAll=department&page=,£0.65,£0.37/100g,,,/groceries/en-GB/products/264876866,https://digitalcontent.api.tesco.com/v2/media/ghs/856fc926-b3c5-4ae0-af4e-cc2fcd7458e6/585e67fa-72c2-48d2-b891-bc39ae442282_1794878851.jpeg?h=225&w=225,
289707952,Tesco Cranberry Sauce 200G,https://www.tesco.com/groceries/en-GB/shop/food-cupboard/all?department=Table%20Sauces%2C%20Olives%2C%20Pickles%20%26%20Chutney&viewAll=department&page=,£0.80,£0.40/100g,,,/groceries/en-GB/products/289707952,https://digitalcontent.api.tesco.com/v2/media/ghs/2b3f95d4-e63c-44e2-88c1-0b3b4046e88c/30b68d0f-7ddb-4830-a67a-d2dd5b33aeb0_2019145833.jpeg?h=225&w=225,
305438880,Tesco Mayonnaise 450Ml,https://www.tesco.com/groceries/en-GB/shop/food-cupboard/all?department=Table%20Sauces%2C%20Olives%2C%20Pickles%20%26%20Chutney&viewAll=department&page=,£0.85,£0.19/100ml,,,/groceries/en-GB/products/305438880,https://digitalcontent.api.tesco.com/v2/media/ghs/94f55ed9-989c-409a-948e-6e5e9978b1fa/1b930be3-25da-4ae7-87b3-c0e3f94117a5_264662057.jpeg?h=225&w=225,
260691710,Tesco Dijon Mustard 185G,https://www.tesco.com/groceries/en-GB/shop/food-cupboard/all?department=Table%20Sauces%2C%20Olives%2C%20Pickles%20%26%20Chutney&viewAll=department&page=,£0.65,£0.35/100g,,,/groceries/en-GB/products/260691710,https://digitalcontent.api.tesco.com/v2/media/ghs/2f40e46b-e9f7-45cb-b632-61994e01bc28/a4cd1ab1-8338-4a37-9ecc-a81cd0795277_284196255.jpeg?h=225&w=225,
305835398,Stockwell & Co Tomato Ketchup 540G,https://www.tesco.com/groceries/en-GB/shop/food-cupboard/all?department=Table%20Sauces%2C%20Olives%2C%20Pickles%20%26%20Chutney&viewAll=department&page=,£0.63,£0.12/100g,Aldi Price Match,,/groceries/en-GB/products/305835398,https://digitalcontent.api.tesco.com/v2/media/ghs/b04311b5-e6b9-45b7-99e5-9d7a33720988/d746e665-0325-4d3f-8954-fce49915d3c2_1019746797.jpeg?h=225&w=225,
257471969,Tesco Bramley Apple Sauce 270G,https://www.tesco.com/groceries/en-GB/shop/food-cupboard/all?department=Table%20Sauces%2C%20Olives%2C%20Pickles%20%26%20Chutney&viewAll=department&page=,£0.65,£0.24/100g,,,/groceries/en-GB/products/257471969,https://digitalcontent.api.tesco.com/v2/media/ghs/de7cde03-82eb-4a6d-b840-8b15490bec74/e3003162-9062-44c3-9335-a7d8cdb35499_1684623745.jpeg?h=225&w=225,
309197604,Tesco Mayonnaise 500Ml,https://www.tesco.com/groceries/en-GB/shop/food-cupboard/all?department=Table%20Sauces%2C%20Olives%2C%20Pickles%20%26%20Chutney&viewAll=department&page=,£0.85,£0.17/100ml,,,/groceries/en-GB/products/309197604,https://digitalcontent.api.tesco.com/v2/media/ghs/b73ffeff-b3de-47cb-ae76-fe97a38e0218/87ed97fb-5860-4cb5-b494-cd56bf602395_2094160489.jpeg?h=225&w=225,
305431904,Stockwell & Co Mayonnaise 450Ml,https://www.tesco.com/groceries/en-GB/shop/food-cupboard/all?department=Table%20Sauces%2C%20Olives%2C%20Pickles%20%26%20Chutney&viewAll=department&page=,,,,,/groceries/en-GB/products/305431904,https://digitalcontent.api.tesco.com/v2/media/ghs/4af115cd-1b6b-47a1-a1a6-c1cadc1bfc19/d0c9c814-5a95-42d5-8236-1d55743f7e51_114010628.jpeg?h=225&w=225,This product's currently out of stock
268569072,Tesco Sundried Tomato Antipasti 535G,https://www.tesco.com/groceries/en-GB/shop/food-cupboard/all?department=Table%20Sauces%2C%20Olives%2C%20Pickles%20%26%20Chutney&viewAll=department&page=,£3.70,£1.38/100g DR.WT,,,/groceries/en-GB/products/268569072,,
303731541,Heinz Mayonnaise Seriously Good 540G,https://www.tesco.com/groceries/en-GB/shop/food-cupboard/all?department=Table%20Sauces%2C%20Olives%2C%20Pickles%20%26%20Chutney&viewAll=department&page=,£2.50,£0.46/100g,,,/groceries/en-GB/products/303731541,https://digitalcontent.api.tesco.com/v2/media/ghs/e3f0d729-89da-4047-bd5e-47b5154c394b/0728f281-3beb-4ac3-91bf-a00107d65c2c_893383075.jpeg?h=225&w=225,
265335941,Tesco Sun Dried Tomato Antipasti 285G,https://www.tesco.com/groceries/en-GB/shop/food-cupboard/all?department=Table%20Sauces%2C%20Olives%2C%20Pickles%20%26%20Chutney&viewAll=department&page=,£2.50,£1.73/100g DR.WT,,,/groceries/en-GB/products/265335941,https://digitalcontent.api.tesco.com/v2/media/ghs/e5877892-4229-4717-8643-3f93952e5ee4/773ea2f4-7f73-4cf2-8f8a-5eda5491b38e_1619921203.jpeg?h=225&w=225,
285634113,Tesco Capers 190G,https://www.tesco.com/groceries/en-GB/shop/food-cupboard/all?department=Table%20Sauces%2C%20Olives%2C%20Pickles%20%26%20Chutney&viewAll=department&page=,£2.00,£1.67/100g DR.WT,,,/groceries/en-GB/products/285634113,https://digitalcontent.api.tesco.com/v2/media/ghs/8b0eba0d-65a5-4d55-a315-ab95b93dc200/e4ad2c35-ac20-46de-8ced-483c34120a5f_1772544158.jpeg?h=225&w=225,
272781689,Heinz Classic Barbecue Sauce 480G,https://www.tesco.com/groceries/en-GB/shop/food-cupboard/all?department=Table%20Sauces%2C%20Olives%2C%20Pickles%20%26%20Chutney&viewAll=department&page=,£2.80,£0.58/100g,,,/groceries/en-GB/products/272781689,https://digitalcontent.api.tesco.com/v2/media/ghs/d9185a0d-4830-416a-9429-c0bdba77bd25/12ebedba-88c0-4490-9ebd-509ddd23b715_60919260.jpeg?h=225&w=225,
292052785,Heinz Seriously Good Mayonnaise Light 815G,https://www.tesco.com/groceries/en-GB/shop/food-cupboard/all?department=Table%20Sauces%2C%20Olives%2C%20Pickles%20%26%20Chutney&viewAll=department&page=,£3.30,£0.40/100g,,,/groceries/en-GB/products/292052785,https://digitalcontent.api.tesco.com/v2/media/ghs/a727e549-4805-4006-be46-011d163b2afa/9239084c-1075-4d86-b780-68d699361f96_481909813.jpeg?h=225&w=225,
292048088,Heinz Seriously Good Mayonnaise 775G,https://www.tesco.com/groceries/en-GB/shop/food-cupboard/all?department=Table%20Sauces%2C%20Olives%2C%20Pickles%20%26%20Chutney&viewAll=department&page=,£3.30,£0.43/100g,,,/groceries/en-GB/products/292048088,https://digitalcontent.api.tesco.com/v2/media/ghs/51585473-d077-42d6-85fa-967d9bd9648e/545ece0e-feb5-4e92-9023-c3aa593bef2f_780231068.jpeg?h=225&w=225,
301956559,Hellmann's Vegan Mayonnaise 270G,https://www.tesco.com/groceries/en-GB/shop/food-cupboard/all?department=Table%20Sauces%2C%20Olives%2C%20Pickles%20%26%20Chutney&viewAll=department&page=,£2.60,£9.63/kg,,,/groceries/en-GB/products/301956559,https://digitalcontent.api.tesco.com/v2/media/ghs/d537cd61-5383-4920-9f66-2c9a2c8848ee/ecf99132-275e-4c20-a09c-75b425cab7c7_953851540.jpeg?h=225&w=225,
252298658,Sharwoods Green Label Mango Chutney 530G,https://www.tesco.com/groceries/en-GB/shop/food-cupboard/all?department=Table%20Sauces%2C%20Olives%2C%20Pickles%20%26%20Chutney&viewAll=department&page=,£2.50,£0.47/100g,,,/groceries/en-GB/products/252298658,https://digitalcontent.api.tesco.com/v2/media/ghs/7307efd7-8ea5-4945-ab94-2fc54da0652c/6814052b-2fa3-416c-aca1-d30a1286fd34_1897858278.jpeg?h=225&w=225,
254886938,Tesco Redcurrant Jelly 340G,https://www.tesco.com/groceries/en-GB/shop/food-cupboard/all?department=Table%20Sauces%2C%20Olives%2C%20Pickles%20%26%20Chutney&viewAll=department&page=,£1.60,£0.47/100g,,,/groceries/en-GB/products/254886938,https://digitalcontent.api.tesco.com/v2/media/ghs/5089710e-3070-4464-a618-9dba0237a074/a03ca640-0186-408a-9204-53e44cd5a81f_125951762.jpeg?h=225&w=225,
250179584,Lea & Perrins Worcestershire Sauce 290Ml,https://www.tesco.com/groceries/en-GB/shop/food-cupboard/all?department=Table%20Sauces%2C%20Olives%2C%20Pickles%20%26%20Chutney&viewAll=department&page=,£3.00,£1.04/100ml,,,/groceries/en-GB/products/250179584,https://digitalcontent.api.tesco.com/v2/media/ghs/9f410497-45f0-4f5a-aa38-cf0606211e57/f2fbce23-8fed-4cff-8fe9-ba1b6ff7f554_1877181268.jpeg?h=225&w=225,
292270470,Heinz Sandwich Spread 300G,https://www.tesco.com/groceries/en-GB/shop/food-cupboard/all?department=Table%20Sauces%2C%20Olives%2C%20Pickles%20%26%20Chutney&viewAll=department&page=,£1.95,£0.65/100g,,,/groceries/en-GB/products/292270470,https://digitalcontent.api.tesco.com/v2/media/ghs/74d2ae5b-9843-4c6b-a05f-66f75fc91c83/9a090068-7174-4cd1-afd2-e1904927b790_1599234493.jpeg?h=225&w=225,
283354292,Hp Sauce 600G,https://www.tesco.com/groceries/en-GB/shop/food-cupboard/all?department=Table%20Sauces%2C%20Olives%2C%20Pickles%20%26%20Chutney&viewAll=department&page=,£3.00,£0.50/100g,,,/groceries/en-GB/products/283354292,https://digitalcontent.api.tesco.com/v2/media/ghs/8bbeb196-0220-418e-999a-1f4f86f80a0c/a3f94c79-bcd8-4951-b122-3747eeec96a5_2064622856.jpeg?h=225&w=225,
296219773,Heinz Tom Ketchup Less Salt & Sugar 665G,https://www.tesco.com/groceries/en-GB/shop/food-cupboard/all?department=Table%20Sauces%2C%20Olives%2C%20Pickles%20%26%20Chutney&viewAll=department&page=,£3.30,£0.50/100g,£2.95 Clubcard Price,,/groceries/en-GB/products/296219773,https://digitalcontent.api.tesco.com/v2/media/ghs/7d8aff71-64c5-420a-90f5-009a35fad689/d20f8f56-125d-42da-9256-1fbd07f3d4c7_31507469.jpeg?h=225&w=225,
256363765,French's America Classic Yellow Mustard 226G Squeezy,https://www.tesco.com/groceries/en-GB/shop/food-cupboard/all?department=Table%20Sauces%2C%20Olives%2C%20Pickles%20%26%20Chutney&viewAll=department&page=,£1.80,£0.80/100g,,,/groceries/en-GB/products/256363765,https://digitalcontent.api.tesco.com/v2/media/ghs/86767e44-7324-4f8e-b47d-59772aa8eab2/64acb463-418b-43cf-9d88-6619c6880259_611037300.jpeg?h=225&w=225,
250858535,Maille Dijon Original Mustard 215G,https://www.tesco.com/groceries/en-GB/shop/food-cupboard/all?department=Table%20Sauces%2C%20Olives%2C%20Pickles%20%26%20Chutney&viewAll=department&page=,£2.00,£0.93/100g,,,/groceries/en-GB/products/250858535,https://digitalcontent.api.tesco.com/v2/media/ghs/620f5588-9aee-4b99-8a9f-71a2d9c60099/df4dcc06-289d-44a8-b684-a2524e333c63_1430387902.jpeg?h=225&w=225,
254884606,Hellmann's Real Mayonnaise 400G Jar,https://www.tesco.com/groceries/en-GB/shop/food-cupboard/all?department=Table%20Sauces%2C%20Olives%2C%20Pickles%20%26%20Chutney&viewAll=department&page=,£2.40,£0.60/100g,,,/groceries/en-GB/products/254884606,https://digitalcontent.api.tesco.com/v2/media/ghs/c26b7d4d-773f-4ba2-ad61-0077d09d8c0d/ae46ba17-2ba1-414d-a2f2-b644bb07966a_496047837.jpeg?h=225&w=225,
296361856,Rochelle Crispy Onions 100G,https://www.tesco.com/groceries/en-GB/shop/food-cupboard/all?department=Table%20Sauces%2C%20Olives%2C%20Pickles%20%26%20Chutney&viewAll=department&page=,£1.35,£1.35/100g,,,/groceries/en-GB/products/296361856,https://digitalcontent.api.tesco.com/v2/media/ghs/c6db83a8-7c83-4699-8b6f-4e8134473c96/snapshotimagehandler_1068984676.jpeg?h=225&w=225,
288516151,Heinz Salad Cream 70% Less Fat 435G,https://www.tesco.com/groceries/en-GB/shop/food-cupboard/all?department=Table%20Sauces%2C%20Olives%2C%20Pickles%20%26%20Chutney&viewAll=department&page=,£2.80,£0.64/100g,,,/groceries/en-GB/products/288516151,https://digitalcontent.api.tesco.com/v2/media/ghs/149d771f-79da-4eec-b5ad-41f833ad7f49/66909fb7-f9b2-4d0b-91d5-081a8fc20765_857892208.jpeg?h=225&w=225,
300793644,Heinz Tomato Ketchup No Added Sugar & Salt 400Ml,https://www.tesco.com/groceries/en-GB/shop/food-cupboard/all?department=Table%20Sauces%2C%20Olives%2C%20Pickles%20%26%20Chutney&viewAll=department&page=,£2.80,£0.66/100g,,,/groceries/en-GB/products/300793644,https://digitalcontent.api.tesco.com/v2/media/ghs/48c96f25-0787-45a3-8d7e-9bb074cb6d8a/8faef1ca-848b-4ac6-a5fd-bee78acc893b_1818542853.jpeg?h=225&w=225,
264365313,Hellmann's Lighter Than Light Squeezy Mayonnaise 430Ml,https://www.tesco.com/groceries/en-GB/shop/food-cupboard/all?department=Table%20Sauces%2C%20Olives%2C%20Pickles%20%26%20Chutney&viewAll=department&page=,£1.99,£0.46/100ml,,,/groceries/en-GB/products/264365313,https://digitalcontent.api.tesco.com/v2/media/ghs/dd204441-5a82-49b7-8147-dce5960d8a46/dae3690a-50ac-4c4a-bbc7-1894c50d9698_917568540.jpeg?h=225&w=225,
256633636,Branston Small Chunk Pickle 720G,https://www.tesco.com/groceries/en-GB/shop/food-cupboard/all?department=Table%20Sauces%2C%20Olives%2C%20Pickles%20%26%20Chutney&viewAll=department&page=,£2.00,£0.28/100g,,,/groceries/en-GB/products/256633636,https://digitalcontent.api.tesco.com/v2/media/ghs/4cf1a459-d1d0-43f1-9930-a1f85cb29549/1627a0e2-3ebf-43c4-a6aa-caf309f695a3_294504769.jpeg?h=225&w=225,
306818999,Tesco Sweet Chilli & Garlic Sauce 250Ml,https://www.tesco.com/groceries/en-GB/shop/food-cupboard/all?department=Table%20Sauces%2C%20Olives%2C%20Pickles%20%26%20Chutney&viewAll=department&page=,£1.45,£0.58/100ml,,,/groceries/en-GB/products/306818999,https://digitalcontent.api.tesco.com/v2/media/ghs/2ae1378d-0ba3-4503-8f0f-902389db2c6c/73c42009-b9f3-43ff-a862-d09aa507931a_981722730.jpeg?h=225&w=225,
257749377,Hp Brown Sauce Handy Pack 285G,https://www.tesco.com/groceries/en-GB/shop/food-cupboard/all?department=Table%20Sauces%2C%20Olives%2C%20Pickles%20%26%20Chutney&viewAll=department&page=,£1.80,£0.63/100g,,,/groceries/en-GB/products/257749377,https://digitalcontent.api.tesco.com/v2/media/ghs/2e58b9c2-8de3-49b1-b775-40c02f88ea01/7390b040-bef0-4be5-90e8-b1f7261b322e_1815609203.jpeg?h=225&w=225,
296186827,Colman's Bramley Apple Sauce 155G,https://www.tesco.com/groceries/en-GB/shop/food-cupboard/all?department=Table%20Sauces%2C%20Olives%2C%20Pickles%20%26%20Chutney&viewAll=department&page=,£1.50,£0.97/100g,£1.00 Clubcard Price,,/groceries/en-GB/products/296186827,https://digitalcontent.api.tesco.com/v2/media/ghs/f0c12784-4684-444a-a080-c65e96800b94/2c2d1abb-dd3c-4460-b621-8c6cd6842b5b_1518922170.jpeg?h=225&w=225,
278774752,Aleyna Roasted Red Peppers 480G,https://www.tesco.com/groceries/en-GB/shop/food-cupboard/all?department=Table%20Sauces%2C%20Olives%2C%20Pickles%20%26%20Chutney&viewAll=department&page=,£1.65,£0.52/100g DR.WT,,,/groceries/en-GB/products/278774752,https://digitalcontent.api.tesco.com/v2/media/ghs/a0c141cb-2529-4147-b3d1-087963c03900/6716a901-3c9a-4c72-9fb0-bf6c9c791a49_1554267567.jpeg?h=225&w=225,
254887027,Colman's Original English Mustard 100G,https://www.tesco.com/groceries/en-GB/shop/food-cupboard/all?department=Table%20Sauces%2C%20Olives%2C%20Pickles%20%26%20Chutney&viewAll=department&page=,£1.25,£1.25/100g,£1.00 Clubcard Price,,/groceries/en-GB/products/254887027,https://digitalcontent.api.tesco.com/v2/media/ghs/0140a301-0a29-4def-b68b-45f4f47f94c0/a82542fe-c661-49eb-bc02-f71a7c63a6d4_1761481972.jpeg?h=225&w=225,
292269016,Tesco Smoky Bbq Sauce 250Ml,https://www.tesco.com/groceries/en-GB/shop/food-cupboard/all?department=Table%20Sauces%2C%20Olives%2C%20Pickles%20%26%20Chutney&viewAll=department&page=,£1.20,£0.48/100ml,,,/groceries/en-GB/products/292269016,https://digitalcontent.api.tesco.com/v2/media/ghs/7773d53b-ca6d-40e7-9589-0cf7c6c28959/45ab4bae-cc4e-4066-a89c-f0371922bf55_914049990.jpeg?h=225&w=225,
277972093,Nando's Peri Peri Rub Medium 25G,https://www.tesco.com/groceries/en-GB/shop/food-cupboard/all?department=Table%20Sauces%2C%20Olives%2C%20Pickles%20%26%20Chutney&viewAll=department&page=,£1.00,£40.00/kg,,,/groceries/en-GB/products/277972093,https://digitalcontent.api.tesco.com/v2/media/ghs/dfbfbb98-38a9-41e9-b20e-6c090b07b90e/0706da5e-0cf5-4bf1-b838-d35d94df9bd2_2091710273.jpeg?h=225&w=225,
280068422,Tesco Mini Cornichons 340G,https://www.tesco.com/groceries/en-GB/shop/food-cupboard/all?department=Table%20Sauces%2C%20Olives%2C%20Pickles%20%26%20Chutney&viewAll=department&page=,£1.20,£0.63/100g DR.WT,,,/groceries/en-GB/products/280068422,https://digitalcontent.api.tesco.com/v2/media/ghs/96508280-a0d4-41a4-adc7-d24451ae69f3/cd36e6a0-2b90-4f48-adcb-48d6f7461cf5_1401261282.jpeg?h=225&w=225,
253778141,Amoy Light Soy Sauce 150Ml,https://www.tesco.com/groceries/en-GB/shop/food-cupboard/all?department=Table%20Sauces%2C%20Olives%2C%20Pickles%20%26%20Chutney&viewAll=department&page=,£1.50,£1.00/100ml,£1.00 Clubcard Price,,/groceries/en-GB/products/253778141,https://digitalcontent.api.tesco.com/v2/media/ghs/bb9bdb23-6881-434d-8217-2b887c942c9e/0a858444-2660-4f35-88a1-81b54154aa46_958636354.jpeg?h=225&w=225,
256632303,Branston Pickle 360G,https://www.tesco.com/groceries/en-GB/shop/food-cupboard/all?department=Table%20Sauces%2C%20Olives%2C%20Pickles%20%26%20Chutney&viewAll=department&page=,£1.60,£0.44/100g,,,/groceries/en-GB/products/256632303,https://digitalcontent.api.tesco.com/v2/media/ghs/651b225a-c57f-49a8-8c32-409fc0612fe3/e634cca5-e4ea-4acf-9f52-3e12ef83c96c_741446452.jpeg?h=225&w=225,
255055901,Baxters Baby Beetroot 567G,https://www.tesco.com/groceries/en-GB/shop/food-cupboard/all?department=Table%20Sauces%2C%20Olives%2C%20Pickles%20%26%20Chutney&viewAll=department&page=,£2.00,£0.49/100g DR.WT,£1.25 Clubcard Price,,/groceries/en-GB/products/255055901,https://digitalcontent.api.tesco.com/v2/media/ghs/af295784-a05e-4ccb-932d-4f925d74edbb/37390f52-267b-433b-864a-b900e30931d3_1748349684.jpeg?h=225&w=225,
275681244,Tesco Pickled Red Cabbage 340G,https://www.tesco.com/groceries/en-GB/shop/food-cupboard/all?department=Table%20Sauces%2C%20Olives%2C%20Pickles%20%26%20Chutney&viewAll=department&page=,£0.90,£0.26/100g DR.WT,,,/groceries/en-GB/products/275681244,https://digitalcontent.api.tesco.com/v2/media/ghs/e02396a3-74ef-4a04-a6ca-361802eecc71/ce6954fa-f2cd-4bf1-b929-a95248460a70_812288701.jpeg?h=225&w=225,
256039804,Tesco Pickled Silverskin Onions 440G,https://www.tesco.com/groceries/en-GB/shop/food-cupboard/all?department=Table%20Sauces%2C%20Olives%2C%20Pickles%20%26%20Chutney&viewAll=department&page=,£0.90,£0.41/100g DR.WT,,,/groceries/en-GB/products/256039804,https://digitalcontent.api.tesco.com/v2/media/ghs/50030c64-b556-450c-a890-105c427c8bce/95143293-e0e8-4a44-9465-30dfec7f1dfe_1661460655.jpeg?h=225&w=225,
305252505,Thai Dragon Sriracha Hot Chilli Sauce 455Ml,https://www.tesco.com/groceries/en-GB/shop/food-cupboard/all?department=Table%20Sauces%2C%20Olives%2C%20Pickles%20%26%20Chutney&viewAll=department&page=,£2.00,£0.44/100ml,,,/groceries/en-GB/products/305252505,https://digitalcontent.api.tesco.com/v2/media/ghs/ade3e5af-692e-4e9e-8306-b688607611cb/aa4fca83-3aab-4129-8680-fe9d6f17db6e_2124931393.jpeg?h=225&w=225,
271266178,Ocean Spray Smooth Cranberry Sauce 250G,https://www.tesco.com/groceries/en-GB/shop/food-cupboard/all?department=Table%20Sauces%2C%20Olives%2C%20Pickles%20%26%20Chutney&viewAll=department&page=,£1.55,£0.62/100g,£1.00 Clubcard Price,,/groceries/en-GB/products/271266178,https://digitalcontent.api.tesco.com/v2/media/ghs/fdc6be0e-33fd-454b-8cf6-2940684c8b24/0c764e59-f5f5-4604-a212-a13b435032e3_1595312691.jpeg?h=225&w=225,
254885369,Tesco Pickled Sliced Beetroot 710G,https://www.tesco.com/groceries/en-GB/shop/food-cupboard/all?department=Table%20Sauces%2C%20Olives%2C%20Pickles%20%26%20Chutney&viewAll=department&page=,£1.20,£0.26/100g DR.WT,,,/groceries/en-GB/products/254885369,https://digitalcontent.api.tesco.com/v2/media/ghs/2d635d90-5783-409c-95e2-36a915fecff5/855051b9-d9d5-463c-84a1-7ff31abbb416_367725266.jpeg?h=225&w=225,
302903904,Tesco Sweet Piccalilli 350G,https://www.tesco.com/groceries/en-GB/shop/food-cupboard/all?department=Table%20Sauces%2C%20Olives%2C%20Pickles%20%26%20Chutney&viewAll=department&page=,£1.03,£0.30/100g,,,/groceries/en-GB/products/302903904,https://digitalcontent.api.tesco.com/v2/media/ghs/42a8a19d-d2ea-4c82-9d58-e9c679af6e13/17f5d8fa-9fa1-46dd-b36d-bdb39302a82e_1505555617.jpeg?h=225&w=225,
263807542,Tesco Caesar Dressing 250Ml,https://www.tesco.com/groceries/en-GB/shop/food-cupboard/all?department=Table%20Sauces%2C%20Olives%2C%20Pickles%20%26%20Chutney&viewAll=department&page=,£1.00,£0.40/100ml,,,/groceries/en-GB/products/263807542,https://digitalcontent.api.tesco.com/v2/media/ghs/84ed3462-1e1b-4c2f-90e4-394ccd78d520/31d369a5-0aa5-4565-b1f6-0ade363b82bd_459594847.jpeg?h=225&w=225,
294781241,Tesco Reduced Salt Soy Sauce 150Ml,https://www.tesco.com/groceries/en-GB/shop/food-cupboard/all?department=Table%20Sauces%2C%20Olives%2C%20Pickles%20%26%20Chutney&viewAll=department&page=,£0.64,£0.43/100ml,,,/groceries/en-GB/products/294781241,https://digitalcontent.api.tesco.com/v2/media/ghs/3c96405c-e994-47ae-a9d9-3d0551329efb/d213461a-332e-4369-a83c-18dfb862838f_530107224.jpeg?h=225&w=225,
305040105,Stockwell & Co Salad Cream 450Ml,https://www.tesco.com/groceries/en-GB/shop/food-cupboard/all?department=Table%20Sauces%2C%20Olives%2C%20Pickles%20%26%20Chutney&viewAll=department&page=,,,,,/groceries/en-GB/products/305040105,https://digitalcontent.api.tesco.com/v2/media/ghs/5df7b9ee-679f-49fa-9ba7-b3db1354ff9b/675c38aa-4e57-4bc5-a404-c2bee815f6ae_539789015.jpeg?h=225&w=225,This product's currently out of stock
300238387,Stockwell & Co Sliced Beetroot 340G,https://www.tesco.com/groceries/en-GB/shop/food-cupboard/all?department=Table%20Sauces%2C%20Olives%2C%20Pickles%20%26%20Chutney&viewAll=department&page=,£0.45,£0.21/100g DR.WT,Aldi Price Match,,/groceries/en-GB/products/300238387,https://digitalcontent.api.tesco.com/v2/media/ghs/3b55820d-814a-4b61-b24f-2b362ce05bcf/b9105255-d153-4c9a-af8f-47961c6035f0_1412991444.jpeg?h=225&w=225,
265915658,Tesco Artichoke Antipasti 285G,https://www.tesco.com/groceries/en-GB/shop/food-cupboard/all?department=Table%20Sauces%2C%20Olives%2C%20Pickles%20%26%20Chutney&viewAll=department&page=,£2.60,£1.63/100g DR.WT,,,/groceries/en-GB/products/265915658,https://digitalcontent.api.tesco.com/v2/media/ghs/6f886345-031b-44a5-bca6-20e28193b0f9/52ee02d4-9dbe-4650-a55a-8a54c7b792fa_218961677.jpeg?h=225&w=225,
272781516,Heinz Sticky Barbecue Sauce 500G,https://www.tesco.com/groceries/en-GB/shop/food-cupboard/all?department=Table%20Sauces%2C%20Olives%2C%20Pickles%20%26%20Chutney&viewAll=department&page=,£2.80,£0.56/100g,,,/groceries/en-GB/products/272781516,https://digitalcontent.api.tesco.com/v2/media/ghs/b4a9fc3c-3965-4823-b23b-1d0aa12e3770/844d8889-18e6-444e-b6f2-f9306ad9f7b7_1323393636.jpeg?h=225&w=225,
307350530,Tesco Pitted Black Olives 920G,https://www.tesco.com/groceries/en-GB/shop/food-cupboard/all?department=Table%20Sauces%2C%20Olives%2C%20Pickles%20%26%20Chutney&viewAll=department&page=,£2.50,£0.56/100g DR.WT,,,/groceries/en-GB/products/307350530,https://digitalcontent.api.tesco.com/v2/media/ghs/1f2a0093-aa40-4c60-915a-8e2f64c025e5/496b5808-408b-4b0f-854e-dfba4db03adb_989144961.jpeg?h=225&w=225,
300832766,Tesco Pitted Kalamata Olives 290G,https://www.tesco.com/groceries/en-GB/shop/food-cupboard/all?department=Table%20Sauces%2C%20Olives%2C%20Pickles%20%26%20Chutney&viewAll=department&page=,£2.40,£1.66/100g DR.WT,,,/groceries/en-GB/products/300832766,https://digitalcontent.api.tesco.com/v2/media/ghs/4b03e5f8-6297-4c91-a8f4-382d8003d08b/06f4250c-2785-4243-8e98-fa154dec820b_1460276038.jpeg?h=225&w=225,
288515970,Heinz Salad Cream 30% Less Fat 415G,https://www.tesco.com/groceries/en-GB/shop/food-cupboard/all?department=Table%20Sauces%2C%20Olives%2C%20Pickles%20%26%20Chutney&viewAll=department&page=,£2.80,£0.68/100g,,,/groceries/en-GB/products/288515970,https://digitalcontent.api.tesco.com/v2/media/ghs/d98ea767-a31d-4c4e-91f6-e16be9e4ed99/09745545-8ea6-440d-b596-487ed08faf70_820525372.jpeg?h=225&w=225,
254886967,Tabasco Original Red Hot Pepper Sauce 57Ml,https://www.tesco.com/groceries/en-GB/shop/food-cupboard/all?department=Table%20Sauces%2C%20Olives%2C%20Pickles%20%26%20Chutney&viewAll=department&page=,£2.50,£4.39/100ml,,,/groceries/en-GB/products/254886967,,
254886967,Tabasco Original Red Hot Pepper Sauce 57Ml,https://www.tesco.com/groceries/en-GB/shop/food-cupboard/all?department=Table%20Sauces%2C%20Olives%2C%20Pickles%20%26%20Chutney&viewAll=department&page=,£2.50,£4.39/100ml,,,/groceries/en-GB/products/254886967,https://digitalcontent.api.tesco.com/v2/media/ghs/d98ea767-a31d-4c4e-91f6-e16be9e4ed99/09745545-8ea6-440d-b596-487ed08faf70_820525372.jpeg?h=225&w=225,
307342183,Tesco Pitted Green Olives 920G,https://www.tesco.com/groceries/en-GB/shop/food-cupboard/all?department=Table%20Sauces%2C%20Olives%2C%20Pickles%20%26%20Chutney&viewAll=department&page=,£2.40,£0.53/100g DR.WT,,,/groceries/en-GB/products/307342183,https://digitalcontent.api.tesco.com/v2/media/ghs/b48be918-6b1e-49d6-9b95-e2b1a7274c49/d20b5f40-f067-460d-af7c-35a754c37efe_799852546.jpeg?h=225&w=225,
257413982,Geeta's Mango Chutney 320G,https://www.tesco.com/groceries/en-GB/shop/food-cupboard/all?department=Table%20Sauces%2C%20Olives%2C%20Pickles%20%26%20Chutney&viewAll=department&page=,£2.30,£0.72/100g,,,/groceries/en-GB/products/257413982,https://digitalcontent.api.tesco.com/v2/media/ghs/133d3e74-96ab-4937-958a-a11e5337df84/a47a5eab-f70a-416a-825f-734f685bad82_369841843.jpeg?h=225&w=225,
289584378,Blue Dragon Sweet Chilli Sauce Light 350G,https://www.tesco.com/groceries/en-GB/shop/food-cupboard/all?department=Table%20Sauces%2C%20Olives%2C%20Pickles%20%26%20Chutney&viewAll=department&page=,£2.50,£0.72/100g,,,/groceries/en-GB/products/289584378,https://digitalcontent.api.tesco.com/v2/media/ghs/d5b63f86-b8cb-4dfb-af65-4372d3c042bf/c718b57f-409e-4129-a0bc-1eb2f297453a_1566352815.jpeg?h=225&w=225,
305253723,Tesco Seafood Sauce 250Ml,https://www.tesco.com/groceries/en-GB/shop/food-cupboard/all?department=Table%20Sauces%2C%20Olives%2C%20Pickles%20%26%20Chutney&viewAll=department&page=,£1.30,£0.52/100ml,,,/groceries/en-GB/products/305253723,https://digitalcontent.api.tesco.com/v2/media/ghs/5df2e776-a0f2-40ba-accf-2748912d9c3f/fe5bc6ba-f0ef-4779-920c-40c34a5d6f13_1007620446.jpeg?h=225&w=225,
289013456,Tesco Finest Cranberry Sauce 220G,https://www.tesco.com/groceries/en-GB/shop/food-cupboard/all?department=Table%20Sauces%2C%20Olives%2C%20Pickles%20%26%20Chutney&viewAll=department&page=,£1.75,£0.80/100g,,,/groceries/en-GB/products/289013456,https://digitalcontent.api.tesco.com/v2/media/ghs/b63be697-80e5-42e0-8cda-e89ce77ee4a3/9cd5cdb3-258b-4479-95bf-e05f16d5a837_693106118.jpeg?h=225&w=225,
308498526,Nando's Sweet Chilli Jam Medium 285G,https://www.tesco.com/groceries/en-GB/shop/food-cupboard/all?department=Table%20Sauces%2C%20Olives%2C%20Pickles%20%26%20Chutney&viewAll=department&page=,£2.25,£0.79/100g,,,/groceries/en-GB/products/308498526,https://digitalcontent.api.tesco.com/v2/media/ghs/fac48320-1825-4185-9e24-f3ca577f9424/c6ba237a-0d2a-464d-b6d0-21d0eee2d48e_298852717.jpeg?h=225&w=225,
300793523,Heinz Salad Cream Light 605G,https://www.tesco.com/groceries/en-GB/shop/food-cupboard/all?department=Table%20Sauces%2C%20Olives%2C%20Pickles%20%26%20Chutney&viewAll=department&page=,£3.30,£0.55/100g,,,/groceries/en-GB/products/300793523,https://digitalcontent.api.tesco.com/v2/media/ghs/60de026a-aea1-4dd5-a361-616caa66e88c/3df822b8-84e9-4e77-835e-ca9694f28407_1539439831.jpeg?h=225&w=225,
293425101,Heinz Ketchup 50% Less Sugar 435G,https://www.tesco.com/groceries/en-GB/shop/food-cupboard/all?department=Table%20Sauces%2C%20Olives%2C%20Pickles%20%26%20Chutney&viewAll=department&page=,£2.80,£0.64/100g,,,/groceries/en-GB/products/293425101,https://digitalcontent.api.tesco.com/v2/media/ghs/a77bda50-b6fd-49d4-ab8a-6e95cfd9f41d/f720cf49-48b5-4e78-8773-cdf6de7b7296_388731637.jpeg?h=225&w=225,
263587524,Encona Original Hot Pepper Sauce 220Ml,https://www.tesco.com/groceries/en-GB/shop/food-cupboard/all?department=Table%20Sauces%2C%20Olives%2C%20Pickles%20%26%20Chutney&viewAll=department&page=,£1.55,£0.70/100ml,,,/groceries/en-GB/products/263587524,https://digitalcontent.api.tesco.com/v2/media/ghs/4e238895-2bfa-4c6f-86a2-00be2d95dc11/c3880bd5-dfa5-4ac4-84d6-67802ef39943_840258789.jpeg?h=225&w=225,
262007753,Mrs Elswood Sandwich Slices Cucumbers 540G,https://www.tesco.com/groceries/en-GB/shop/food-cupboard/all?department=Table%20Sauces%2C%20Olives%2C%20Pickles%20%26%20Chutney&viewAll=department&page=,£2.20,£0.71/100g DR.WT,,,/groceries/en-GB/products/262007753,https://digitalcontent.api.tesco.com/v2/media/ghs/89b42fa7-d291-4cbf-884c-8dbcba41145e/6cbe1213-9d30-45b1-8e02-df647af313e9_1316609887.jpeg?h=225&w=225,
292200236,Nandos Squeezy Perinaise 265G,https://www.tesco.com/groceries/en-GB/shop/food-cupboard/all?department=Table%20Sauces%2C%20Olives%2C%20Pickles%20%26%20Chutney&viewAll=department&page=,£2.00,£0.76/100g,,,/groceries/en-GB/products/292200236,https://digitalcontent.api.tesco.com/v2/media/ghs/150caa28-626c-4eb4-abc7-e7211583d17e/d2a9e563-2eba-4045-b123-6a699dd9155c_638205991.jpeg?h=225&w=225,
283818527,Heinz Sweet Chilli Sauce 220Ml,https://www.tesco.com/groceries/en-GB/shop/food-cupboard/all?department=Table%20Sauces%2C%20Olives%2C%20Pickles%20%26%20Chutney&viewAll=department&page=,£1.70,£0.77/100ml,,,/groceries/en-GB/products/283818527,https://digitalcontent.api.tesco.com/v2/media/ghs/b43b82af-f4c9-4ab8-b9d8-c2ce768fba5e/0ee21f1c-071c-4c2e-b03f-b38434913f80_1810945607.jpeg?h=225&w=225,
251776273,Garners Original Pickled Onions 454G,https://www.tesco.com/groceries/en-GB/shop/food-cupboard/all?department=Table%20Sauces%2C%20Olives%2C%20Pickles%20%26%20Chutney&viewAll=department&page=,£3.00,£1.31/100g DR.WT,£2.50 Clubcard Price,,/groceries/en-GB/products/251776273,https://digitalcontent.api.tesco.com/v2/media/ghs/163b3ffe-43b4-48f0-82e9-268bd6f75168/98ccbb5d-d99c-44a9-ae1a-8ff2e42c6b6e_1558960247.jpeg?h=225&w=225,
264147746,Franks Red Hot Original Cayenne Pepper Sauce 148Ml,https://www.tesco.com/groceries/en-GB/shop/food-cupboard/all?department=Table%20Sauces%2C%20Olives%2C%20Pickles%20%26%20Chutney&viewAll=department&page=,£1.80,£1.22/100ml,,,/groceries/en-GB/products/264147746,https://digitalcontent.api.tesco.com/v2/media/ghs/15acdbcf-6e11-4b0a-94ab-29d03f0f3ecb/f0151299-aa1f-4e5b-a101-f2d4f2d19a8c_1596459508.jpeg?h=225&w=225,
268645460,Tesco Pitted Queen Olives 340G,https://www.tesco.com/groceries/en-GB/shop/food-cupboard/all?department=Table%20Sauces%2C%20Olives%2C%20Pickles%20%26%20Chutney&viewAll=department&page=,£1.45,£0.89/100g DR.WT,,,/groceries/en-GB/products/268645460,https://digitalcontent.api.tesco.com/v2/media/ghs/3bb40e5c-9d14-434b-a3b4-608ba0847e86/c45e546d-4152-46a5-abe5-b233372f2148_1036234998.jpeg?h=225&w=225,
305051121,Tesco Burger Sauce 235Ml,https://www.tesco.com/groceries/en-GB/shop/food-cupboard/all?department=Table%20Sauces%2C%20Olives%2C%20Pickles%20%26%20Chutney&viewAll=department&page=,£1.10,£0.47/100ml,,,/groceries/en-GB/products/305051121,https://digitalcontent.api.tesco.com/v2/media/ghs/d3eb2382-0d1d-4d61-a855-152030445e67/dcac36a4-0a1d-416f-b2ac-78baaf87f20b_1523969564.jpeg?h=225&w=225,
280068480,Tesco Sliced Gherkins 480G,https://www.tesco.com/groceries/en-GB/shop/food-cupboard/all?department=Table%20Sauces%2C%20Olives%2C%20Pickles%20%26%20Chutney&viewAll=department&page=,£1.55,£0.60/100g DR.WT,,,/groceries/en-GB/products/280068480,https://digitalcontent.api.tesco.com/v2/media/ghs/5def3020-8a26-4953-be53-39415fc78e41/snapshotimagehandler_864292646.jpeg?h=225&w=225,
256632804,Branston Pickle 720G,https://www.tesco.com/groceries/en-GB/shop/food-cupboard/all?department=Table%20Sauces%2C%20Olives%2C%20Pickles%20%26%20Chutney&viewAll=department&page=,£2.00,£0.28/100g,,,/groceries/en-GB/products/256632804,https://digitalcontent.api.tesco.com/v2/media/ghs/8c0baf51-0e5c-4579-9856-61840e433d19/6f867923-f668-443e-9122-c771de9fdfb1_606887225.jpeg?h=225&w=225,
262344785,Colman's Original English Mustard Powder 57G,https://www.tesco.com/groceries/en-GB/shop/food-cupboard/all?department=Table%20Sauces%2C%20Olives%2C%20Pickles%20%26%20Chutney&viewAll=department&page=,£1.75,£3.08/100g,,,/groceries/en-GB/products/262344785,https://digitalcontent.api.tesco.com/v2/media/ghs/e132f43f-05cc-46e2-8b28-9d60b000ea83/8efc39a1-eeb6-45ef-9bc9-4849f3166102_1193837298.jpeg?h=225&w=225,
264880630,Tesco Olive Oil & Sea Salt Croutons 100G,https://www.tesco.com/groceries/en-GB/shop/food-cupboard/all?department=Table%20Sauces%2C%20Olives%2C%20Pickles%20%26%20Chutney&viewAll=department&page=,£1.05,£1.05/100g,,,/groceries/en-GB/products/264880630,https://digitalcontent.api.tesco.com/v2/media/ghs/0146ac51-20a3-484a-b5df-a4c1da608ffa/8423ecd6-5ce7-4ced-bd6e-174bd09c3074_1900407215.jpeg?h=225&w=225,
296186840,Colman's Seafood Sauce 155G,https://www.tesco.com/groceries/en-GB/shop/food-cupboard/all?department=Table%20Sauces%2C%20Olives%2C%20Pickles%20%26%20Chutney&viewAll=department&page=,£1.50,£0.97/100g,£1.00 Clubcard Price,,/groceries/en-GB/products/296186840,https://digitalcontent.api.tesco.com/v2/media/ghs/24519c3c-0000-4e9e-bc9c-9f1551a54524/bb8894fe-826e-417f-9235-0f2e8c883559_535768344.jpeg?h=225&w=225,
264880584,Tesco Garlic & Herb Croutons 100G,https://www.tesco.com/groceries/en-GB/shop/food-cupboard/all?department=Table%20Sauces%2C%20Olives%2C%20Pickles%20%26%20Chutney&viewAll=department&page=,£1.05,£1.05/100g,,,/groceries/en-GB/products/264880584,https://digitalcontent.api.tesco.com/v2/media/ghs/1633eaea-bb3f-4744-8846-55e6cd4b73c1/b94089d4-219f-43cf-b4e8-86fd3acf2d6c_1211920301.jpeg?h=225&w=225,
258251105,Tesco Sliced Black Olives In Brine 340G,https://www.tesco.com/groceries/en-GB/shop/food-cupboard/all?department=Table%20Sauces%2C%20Olives%2C%20Pickles%20%26%20Chutney&viewAll=department&page=,£1.00,£0.59/100g DR.WT,,,/groceries/en-GB/products/258251105,https://digitalcontent.api.tesco.com/v2/media/ghs/f74c263a-0234-4534-94af-3e126f99ed73/60242e70-ece3-492e-845c-08368e241bad_1077779525.jpeg?h=225&w=225,
280067475,Tesco Crinkle Cut Gherkins 340G,https://www.tesco.com/groceries/en-GB/shop/food-cupboard/all?department=Table%20Sauces%2C%20Olives%2C%20Pickles%20%26%20Chutney&viewAll=department&page=,£1.20,£0.65/100g DR.WT,,,/groceries/en-GB/products/280067475,https://digitalcontent.api.tesco.com/v2/media/ghs/67eebb87-b306-4738-a8fb-c1b0d3834788/25dab4b1-9bec-4167-a375-6de778164ade_2116770550.jpeg?h=225&w=225,
257038602,Baxters Crinkle Cut Beetroot 567G,https://www.tesco.com/groceries/en-GB/shop/food-cupboard/all?department=Table%20Sauces%2C%20Olives%2C%20Pickles%20%26%20Chutney&viewAll=department&page=,£2.00,£0.49/100g DR.WT,£1.25 Clubcard Price,,/groceries/en-GB/products/257038602,https://digitalcontent.api.tesco.com/v2/media/ghs/fc904d4a-f061-4d0e-a2e5-5e005c804478/9e2f4d3e-9e09-406c-bd62-ff611a986fd6_1924501612.jpeg?h=225&w=225,
300809639,Tesco Pitted Green Olives Reduce Salt 340G,https://www.tesco.com/groceries/en-GB/shop/food-cupboard/all?department=Table%20Sauces%2C%20Olives%2C%20Pickles%20%26%20Chutney&viewAll=department&page=,£1.00,£0.61/100g DR.WT,,,/groceries/en-GB/products/300809639,https://digitalcontent.api.tesco.com/v2/media/ghs/4bd46305-59ad-41b3-bd31-af4f79921597/5833b712-e878-4bd0-911e-0a1000c2a384_358346749.jpeg?h=225&w=225,
300413099,Tesco Red Onion Chutney 295G,https://www.tesco.com/groceries/en-GB/shop/food-cupboard/all?department=Table%20Sauces%2C%20Olives%2C%20Pickles%20%26%20Chutney&viewAll=department&page=,£1.20,£0.41/100g,,,/groceries/en-GB/products/300413099,https://digitalcontent.api.tesco.com/v2/media/ghs/0b77e46a-480a-403a-a989-458b0a0f2fbe/a2610593-21d2-4076-bab1-99bec82c9fec_306027638.jpeg?h=225&w=225,
256039770,Tesco Sweet Silver Skin Onions In Vinegar 440G,https://www.tesco.com/groceries/en-GB/shop/food-cupboard/all?department=Table%20Sauces%2C%20Olives%2C%20Pickles%20%26%20Chutney&viewAll=department&page=,£0.90,£0.41/100g DR.WT,,,/groceries/en-GB/products/256039770,https://digitalcontent.api.tesco.com/v2/media/ghs/85306876-3f68-4f4b-ae91-2ae928b4f0d5/3342f2c2-9bec-4039-8343-a93ee85fff6b_1420632575.jpeg?h=225&w=225,
305828659,Tesco Reduced Sugar & Salt Ketchup 845G,https://www.tesco.com/groceries/en-GB/shop/food-cupboard/all?department=Table%20Sauces%2C%20Olives%2C%20Pickles%20%26%20Chutney&viewAll=department&page=,£1.25,£0.15/100g,,,/groceries/en-GB/products/305828659,https://digitalcontent.api.tesco.com/v2/media/ghs/b757cd89-841f-4f4a-a1f6-90ff20413bb4/adb2ce5e-2963-4646-a45b-3c8935dd9a9c_2001242219.jpeg?h=225&w=225,
300456508,Stockwell & Co Pickled Onion 440G,https://www.tesco.com/groceries/en-GB/shop/food-cupboard/all?department=Table%20Sauces%2C%20Olives%2C%20Pickles%20%26%20Chutney&viewAll=department&page=,£0.55,£0.25/100g DR.WT,Aldi Price Match,,/groceries/en-GB/products/300456508,https://digitalcontent.api.tesco.com/v2/media/ghs/afc67cf6-5d45-44a9-a7ab-00aaabadb6ae/db3f66a8-6298-43a7-a7ae-d26f7e05cb44_1213388070.jpeg?h=225&w=225,
256039194,Tesco Traditional Pickled Onions 440G,https://www.tesco.com/groceries/en-GB/shop/food-cupboard/all?department=Table%20Sauces%2C%20Olives%2C%20Pickles%20%26%20Chutney&viewAll=department&page=,£0.90,£0.40/100g DR.WT,,,/groceries/en-GB/products/256039194,https://digitalcontent.api.tesco.com/v2/media/ghs/4b09dc4a-4a7d-4958-ae00-518a4db177be/dd488956-7750-4257-9796-4baa5e6548f7_698353701.jpeg?h=225&w=225,
303010444,Cooks & Co Dried Porcini Mushrooms 40G,https://www.tesco.com/groceries/en-GB/shop/food-cupboard/all?department=Table%20Sauces%2C%20Olives%2C%20Pickles%20%26%20Chutney&viewAll=department&page=,£3.35,£8.38/100g,,,/groceries/en-GB/products/303010444,https://digitalcontent.api.tesco.com/v2/media/ghs/6f92295a-aee9-4438-acfe-ae4d1ac72b82/5288a3ce-a187-46f0-9361-e9ba1b892c4f_1543635908.jpeg?h=225&w=225,
268347663,Hp Bbq Classic Woodsmoke Sauce 465G,https://www.tesco.com/groceries/en-GB/shop/food-cupboard/all?department=Table%20Sauces%2C%20Olives%2C%20Pickles%20%26%20Chutney&viewAll=department&page=,£2.80,£0.60/100g,,,/groceries/en-GB/products/268347663,https://digitalcontent.api.tesco.com/v2/media/ghs/43b56706-467d-4123-b110-b0ada02a7ca6/8c69b6cb-58eb-4396-89c6-4a592d80c776_131209405.jpeg?h=225&w=225,
306810247,Heinz Seriously Good Light Mayonnaise 570G,https://www.tesco.com/groceries/en-GB/shop/food-cupboard/all?department=Table%20Sauces%2C%20Olives%2C%20Pickles%20%26%20Chutney&viewAll=department&page=,£2.50,£0.44/100g,,,/groceries/en-GB/products/306810247,https://digitalcontent.api.tesco.com/v2/media/ghs/321e14bf-6bfb-4fd0-8250-b872d82a97c2/2b4e09e5-cdd0-4ee7-abab-098ce079defd_780659572.jpeg?h=225&w=225,
251262345,Nandos Medium Peri Peri Sauce 125G,https://www.tesco.com/groceries/en-GB/shop/food-cupboard/all?department=Table%20Sauces%2C%20Olives%2C%20Pickles%20%26%20Chutney&viewAll=department&page=,£2.00,£1.60/100g,,,/groceries/en-GB/products/251262345,https://digitalcontent.api.tesco.com/v2/media/ghs/d8a9e6a6-6c9c-45d1-ab0a-34fd40f56322/1f5dfd5d-ac9b-4da0-bf90-be800df4edf3_195556512.jpeg?h=225&w=225,
301554009,Tesco Tahini 300G,https://www.tesco.com/groceries/en-GB/shop/food-cupboard/all?department=Table%20Sauces%2C%20Olives%2C%20Pickles%20%26%20Chutney&viewAll=department&page=,£2.60,£0.87/100g,,,/groceries/en-GB/products/301554009,https://digitalcontent.api.tesco.com/v2/media/ghs/1ccdd054-0152-465e-a7b1-01f03a41d7a7/5ea4ecc9-e4e1-4217-a528-adf1bfa920c8_341606668.jpeg?h=225&w=225,
273236211,Tesco Finest Hollandaise Sauce 165G,https://www.tesco.com/groceries/en-GB/shop/food-cupboard/all?department=Table%20Sauces%2C%20Olives%2C%20Pickles%20%26%20Chutney&viewAll=department&page=,£1.85,£1.13/100g,,,/groceries/en-GB/products/273236211,https://digitalcontent.api.tesco.com/v2/media/ghs/69b4718d-1218-4214-aa4d-a0cd4c7bdd19/snapshotimagehandler_1965530057.jpeg?h=225&w=225,
268347726,Hp Fruity Sauce Top Down 470G,https://www.tesco.com/groceries/en-GB/shop/food-cupboard/all?department=Table%20Sauces%2C%20Olives%2C%20Pickles%20%26%20Chutney&viewAll=department&page=,£2.80,£0.60/100g,,,/groceries/en-GB/products/268347726,https://digitalcontent.api.tesco.com/v2/media/ghs/dff9c4d6-5321-462d-a68a-bc1cc71dab6e/f101515f-023d-4fb1-ad3b-8c108cfc0e20_557630645.jpeg?h=225&w=225,
279250092,Tesco Finest Tartare Sauce 175G,https://www.tesco.com/groceries/en-GB/shop/food-cupboard/all?department=Table%20Sauces%2C%20Olives%2C%20Pickles%20%26%20Chutney&viewAll=department&page=,£1.75,£1.00/100g,,,/groceries/en-GB/products/279250092,https://digitalcontent.api.tesco.com/v2/media/ghs/a7d45593-cbe3-4f86-bc48-34ef9dc179d9/ed02c086-055d-4366-91eb-ac19783c4774_261949828.jpeg?h=225&w=225,
264028287,Hp Top Down Reduced Sugar & Salt Brown Sauce 450G,https://www.tesco.com/groceries/en-GB/shop/food-cupboard/all?department=Table%20Sauces%2C%20Olives%2C%20Pickles%20%26%20Chutney&viewAll=department&page=,£2.80,£0.62/100g,,,/groceries/en-GB/products/264028287,https://digitalcontent.api.tesco.com/v2/media/ghs/b0d053b0-b810-4bc3-9f0e-bdb06d527f24/1b45b426-4c4f-43d6-b55c-0212787925af_1914493143.jpeg?h=225&w=225,
254849578,Pizza Express House Light Salad Dressing 235Ml,https://www.tesco.com/groceries/en-GB/shop/food-cupboard/all?department=Table%20Sauces%2C%20Olives%2C%20Pickles%20%26%20Chutney&viewAll=department&page=,£2.30,£0.98/100ml,,,/groceries/en-GB/products/254849578,https://digitalcontent.api.tesco.com/v2/media/ghs/894d9c2e-8fdd-457d-9529-b4cb809a2115/d9039da8-c98f-40b7-90ed-129c0ec86f47_190813485.jpeg?h=225&w=225,
254850218,Encona Thai Sweet Chilli Sauce 285Ml,https://www.tesco.com/groceries/en-GB/shop/food-cupboard/all?department=Table%20Sauces%2C%20Olives%2C%20Pickles%20%26%20Chutney&viewAll=department&page=,£2.00,£0.70/100ml,,,/groceries/en-GB/products/254850218,https://digitalcontent.api.tesco.com/v2/media/ghs/5ae2c57e-b850-4c6f-acd7-b53aa406e731/851c6b87-ab65-4757-8d22-2f417a46e497_1848080206.jpeg?h=225&w=225,
287873903,Tiptree Caramelised Red Onion Chutney 220G,https://www.tesco.com/groceries/en-GB/shop/food-cupboard/all?department=Table%20Sauces%2C%20Olives%2C%20Pickles%20%26%20Chutney&viewAll=department&page=,£2.40,£1.10/100g,,,/groceries/en-GB/products/287873903,https://digitalcontent.api.tesco.com/v2/media/ghs/8864126d-3414-4fc1-87be-db54d0c24939/95f66e43-11b3-41d2-bdac-a6fc3ab24e9e_1132939109.jpeg?h=225&w=225,
265305729,Tesco Mint Jelly 340G,https://www.tesco.com/groceries/en-GB/shop/food-cupboard/all?department=Table%20Sauces%2C%20Olives%2C%20Pickles%20%26%20Chutney&viewAll=department&page=,£1.60,£0.47/100g,,,/groceries/en-GB/products/265305729,https://digitalcontent.api.tesco.com/v2/media/ghs/df009c1c-30ec-40ae-a577-bc449e9542d0/snapshotimagehandler_1562745336.jpeg?h=225&w=225,
305944637,Hellmann's Vegan Mayonnaise 430Ml,https://www.tesco.com/groceries/en-GB/shop/food-cupboard/all?department=Table%20Sauces%2C%20Olives%2C%20Pickles%20%26%20Chutney&viewAll=department&page=,£3.00,£0.70/100ml,,,/groceries/en-GB/products/305944637,https://digitalcontent.api.tesco.com/v2/media/ghs/e461cadf-51aa-4d50-85d4-b95109bca468/81f6e710-22b4-439e-b584-17f48bb2bece_1723101230.jpeg?h=225&w=225,
253876854,Rochelle Salad Croutons Mediterranean Herb 150G,https://www.tesco.com/groceries/en-GB/shop/food-cupboard/all?department=Table%20Sauces%2C%20Olives%2C%20Pickles%20%26%20Chutney&viewAll=department&page=,£1.50,£1.00/100g,,,/groceries/en-GB/products/253876854,https://digitalcontent.api.tesco.com/v2/media/ghs/d15d937b-86cf-4e5b-ad38-c904538d5381/snapshotimagehandler_576855476.jpeg?h=225&w=225,
273331242,Blue Dragon Mild Sweet Chilli Dipping Sauce 380G,https://www.tesco.com/groceries/en-GB/shop/food-cupboard/all?department=Table%20Sauces%2C%20Olives%2C%20Pickles%20%26%20Chutney&viewAll=department&page=,£2.50,£0.66/100g,,New,/groceries/en-GB/products/273331242,https://digitalcontent.api.tesco.com/v2/media/ghs/7f61d1ca-3fe7-44ca-9305-7aa5028f58f5/snapshotimagehandler_516541049.jpeg?h=225&w=225,
264447960,Blue Dragon Hot Sweet Chilli Sauce 380G,https://www.tesco.com/groceries/en-GB/shop/food-cupboard/all?department=Table%20Sauces%2C%20Olives%2C%20Pickles%20%26%20Chutney&viewAll=department&page=,£2.50,£0.66/100g,,New,/groceries/en-GB/products/264447960,https://digitalcontent.api.tesco.com/v2/media/ghs/32ffe203-8f43-4fc6-994d-25767158f020/36d2f99a-e195-47c0-b396-8347912da937_1532503802.jpeg?h=225&w=225,
296186580,Nando's Hot Perinaise 265G,https://www.tesco.com/groceries/en-GB/shop/food-cupboard/all?department=Table%20Sauces%2C%20Olives%2C%20Pickles%20%26%20Chutney&viewAll=department&page=,£2.00,£0.76/100g,,,/groceries/en-GB/products/296186580,https://digitalcontent.api.tesco.com/v2/media/ghs/6e7a1e19-7647-4ea6-a66a-18ce8fe8a4e1/e39199fd-29a2-4a60-ad85-66960633eda3_1846421941.jpeg?h=225&w=225,
313186957,Baxters Crunchy & Tangy Silverskin Onion 440G,https://www.tesco.com/groceries/en-GB/shop/food-cupboard/all?department=Table%20Sauces%2C%20Olives%2C%20Pickles%20%26%20Chutney&viewAll=department&page=,£2.20,£1.00/100g DR.WT,,New,/groceries/en-GB/products/313186957,https://digitalcontent.api.tesco.com/v2/media/ghs/1e9128d9-233e-4218-b392-aa4d508b5442/b18f4fef-18de-418f-8ab1-89b64b4ec0b2_2050207729.jpeg?h=225&w=225,
274220395,Franks Buffalo Wing Sauce 148Ml,https://www.tesco.com/groceries/en-GB/shop/food-cupboard/all?department=Table%20Sauces%2C%20Olives%2C%20Pickles%20%26%20Chutney&viewAll=department&page=,£1.80,£1.22/100ml,,,/groceries/en-GB/products/274220395,https://digitalcontent.api.tesco.com/v2/media/ghs/a98e807b-c281-4697-8452-7ea9f32cd8f0/bf0527c1-00bc-4a57-babb-d33d65b7d0f9_296501408.jpeg?h=225&w=225,
309496256,Branston Piccalilli 360G,https://www.tesco.com/groceries/en-GB/shop/food-cupboard/all?department=Table%20Sauces%2C%20Olives%2C%20Pickles%20%26%20Chutney&viewAll=department&page=,£1.49,£0.41/100g,Aldi Price Match,,/groceries/en-GB/products/309496256,https://digitalcontent.api.tesco.com/v2/media/ghs/3eaf6531-c4e8-4a0a-9b8a-b2f736ed7063/62ed5dac-295a-4ee5-92d2-e34779f17d33_103124419.jpeg?h=225&w=225,
305435324,Tesco Garlic Sauce 235Ml,https://www.tesco.com/groceries/en-GB/shop/food-cupboard/all?department=Table%20Sauces%2C%20Olives%2C%20Pickles%20%26%20Chutney&viewAll=department&page=,£1.20,£0.51/100ml,,,/groceries/en-GB/products/305435324,https://digitalcontent.api.tesco.com/v2/media/ghs/cd78ba9d-b669-4e11-a3f4-fde9678ba29b/732557f5-37ae-496c-9faf-b98c9438bdd9_200030092.jpeg?h=225&w=225,
313003639,Baxters Crunchy & Sweet Silverskin Onions 440G,https://www.tesco.com/groceries/en-GB/shop/food-cupboard/all?department=Table%20Sauces%2C%20Olives%2C%20Pickles%20%26%20Chutney&viewAll=department&page=,£2.00,£0.91/100g DR.WT,,New,/groceries/en-GB/products/313003639,https://digitalcontent.api.tesco.com/v2/media/ghs/a897de6a-7d44-4f33-bcbd-ac8ce3e16a76/7c053957-cdc8-4c3f-bac4-e1404bdd7619_1381248870.jpeg?h=225&w=225,
307141461,Tesco Finest Spiced Apple & Pear Chutney 220G,https://www.tesco.com/groceries/en-GB/shop/food-cupboard/all?department=Table%20Sauces%2C%20Olives%2C%20Pickles%20%26%20Chutney&viewAll=department&page=,£1.50,£0.68/100g,,,/groceries/en-GB/products/307141461,https://digitalcontent.api.tesco.com/v2/media/ghs/853a289a-3b1b-4ff4-a9e7-39dec7bab442/b8d888f8-f49c-4b19-a9a7-d8ad0d5b3658_379001241.jpeg?h=225&w=225,
257109997,Patak Lime Pickle Medium 283G,https://www.tesco.com/groceries/en-GB/shop/food-cupboard/all?department=Table%20Sauces%2C%20Olives%2C%20Pickles%20%26%20Chutney&viewAll=department&page=,£2.30,£0.81/100g,,,/groceries/en-GB/products/257109997,https://digitalcontent.api.tesco.com/v2/media/ghs/936fd1ba-be9b-42da-8c49-8c7362a01470/cada4d70-6fbe-4af6-90d8-67a85953f382_1685985934.jpeg?h=225&w=225,
305042610,Tesco Finest Sweet Tomato & Birds Eye Chilli Chutney 220G,https://www.tesco.com/groceries/en-GB/shop/food-cupboard/all?department=Table%20Sauces%2C%20Olives%2C%20Pickles%20%26%20Chutney&viewAll=department&page=,£1.50,£0.68/100g,,,/groceries/en-GB/products/305042610,https://digitalcontent.api.tesco.com/v2/media/ghs/5a41f3d4-1782-46f5-bd7a-0fbe081fdc10/128ce220-32b0-446a-bacc-ea3a5a3fd282_433459423.jpeg?h=225&w=225,
293425280,Tesco Pitted Black Olives & Sea Salt 70G,https://www.tesco.com/groceries/en-GB/shop/food-cupboard/all?department=Table%20Sauces%2C%20Olives%2C%20Pickles%20%26%20Chutney&viewAll=department&page=,£1.00,£1.43/100g,,,/groceries/en-GB/products/293425280,https://digitalcontent.api.tesco.com/v2/media/ghs/520f6b3c-1b29-4870-a771-4b9c19f05e2e/690fa22c-8c95-41d1-ab77-0eafff08ea4d_2127087058.jpeg?h=225&w=225,
258193559,Opies Cocktail Gherkins 227G,https://www.tesco.com/groceries/en-GB/shop/food-cupboard/all?department=Table%20Sauces%2C%20Olives%2C%20Pickles%20%26%20Chutney&viewAll=department&page=,£1.10,£0.96/100g DR.WT,,,/groceries/en-GB/products/258193559,https://digitalcontent.api.tesco.com/v2/media/ghs/c6ef7a0a-249f-499b-a919-3c149b9b7eb2/823bec81-8dd8-43ea-a38d-b0860a3e2b0a_976715347.jpeg?h=225&w=225,
308450208,Tesco Fire Pit Pink Pickled Slaw 340G,https://www.tesco.com/groceries/en-GB/shop/food-cupboard/all?department=Table%20Sauces%2C%20Olives%2C%20Pickles%20%26%20Chutney&viewAll=department&page=,£1.30,£0.65/100g DR.WT,,New,/groceries/en-GB/products/308450208,https://digitalcontent.api.tesco.com/v2/media/ghs/d14757d7-9a0f-4938-9f47-f9b8ddae2c95/snapshotimagehandler_1748822517.jpeg?h=225&w=225,
258763488,Tesco Tomato Chutney 300G,https://www.tesco.com/groceries/en-GB/shop/food-cupboard/all?department=Table%20Sauces%2C%20Olives%2C%20Pickles%20%26%20Chutney&viewAll=department&page=,£1.20,£0.40/100g,,,/groceries/en-GB/products/258763488,https://digitalcontent.api.tesco.com/v2/media/ghs/053e1c21-2956-4245-b518-293f6bf2da4f/6a30789f-3d74-4419-a4cb-503244d4f237_1082490755.jpeg?h=225&w=225,
258251330,Tesco Pimiento Stuffed Olives In Brine 340G,https://www.tesco.com/groceries/en-GB/shop/food-cupboard/all?department=Table%20Sauces%2C%20Olives%2C%20Pickles%20%26%20Chutney&viewAll=department&page=,£1.10,£0.58/100g DR.WT,,,/groceries/en-GB/products/258251330,https://digitalcontent.api.tesco.com/v2/media/ghs/bde7cc8f-bf07-4ebf-9424-d311fe68086e/ba4daa97-a975-4dd2-b780-36cb914ba756_608526225.jpeg?h=225&w=225,
254885398,Baxters Sliced Beets In Vinegar 567G,https://www.tesco.com/groceries/en-GB/shop/food-cupboard/all?department=Table%20Sauces%2C%20Olives%2C%20Pickles%20%26%20Chutney&viewAll=department&page=,£2.00,£0.49/100g DR.WT,£1.25 Clubcard Price,,/groceries/en-GB/products/254885398,https://digitalcontent.api.tesco.com/v2/media/ghs/cc3905ca-bf19-4394-8d58-30c0fef50492/9fcac626-a999-4c54-9e6c-9d462e33697f_1684485500.jpeg?h=225&w=225,
305249971,Tesco Chilli Mayonnaise 235Ml,https://www.tesco.com/groceries/en-GB/shop/food-cupboard/all?department=Table%20Sauces%2C%20Olives%2C%20Pickles%20%26%20Chutney&viewAll=department&page=,£0.90,£0.38/100ml,,,/groceries/en-GB/products/305249971,https://digitalcontent.api.tesco.com/v2/media/ghs/3692ac6d-111a-4a1e-8ea8-95bddfbc1623/182fbca3-9e2a-4c24-abd2-9a620ba78d98_2074299242.jpeg?h=225&w=225,
311267116,Tesco Garlic Mayonnaise 235Ml,https://www.tesco.com/groceries/en-GB/shop/food-cupboard/all?department=Table%20Sauces%2C%20Olives%2C%20Pickles%20%26%20Chutney&viewAll=department&page=,£0.90,£0.38/100ml,,,/groceries/en-GB/products/311267116,https://digitalcontent.api.tesco.com/v2/media/ghs/b7149993-c1f8-417b-b58e-f58c131c8ccc/eb1dd03a-84c1-456d-b11a-119cf3174a3b_1052833457.jpeg?h=225&w=225,
252560486,Heinz Tomato Ketchup 342G,https://www.tesco.com/groceries/en-GB/shop/food-cupboard/all?department=Table%20Sauces%2C%20Olives%2C%20Pickles%20%26%20Chutney&viewAll=department&page=,£1.85,£0.54/100g,,,/groceries/en-GB/products/252560486,https://digitalcontent.api.tesco.com/v2/media/ghs/44474bda-5769-4277-9521-9ca486a50284/c1e13931-d71e-4a6d-b734-b9f92511efb9_1125282486.jpeg?h=225&w=225,
304784706,Ocean Spray Horseradish Sauce 215G,https://www.tesco.com/groceries/en-GB/shop/food-cupboard/all?department=Table%20Sauces%2C%20Olives%2C%20Pickles%20%26%20Chutney&viewAll=department&page=,£1.55,£0.72/100g,£1.00 Clubcard Price,,/groceries/en-GB/products/304784706,https://digitalcontent.api.tesco.com/v2/media/ghs/04483b22-e107-45a3-b3ba-7fe563702eba/07821574-a03e-4038-bc67-0a9cdaff30c0_1545044184.jpeg?h=225&w=225,
304393178,Ocean Spray Tartare Sauce 215G,https://www.tesco.com/groceries/en-GB/shop/food-cupboard/all?department=Table%20Sauces%2C%20Olives%2C%20Pickles%20%26%20Chutney&viewAll=department&page=,£1.55,£0.72/100g,£1.00 Clubcard Price,,/groceries/en-GB/products/304393178,https://digitalcontent.api.tesco.com/v2/media/ghs/7bc6b576-903f-4ccd-8950-517146fbee0e/cf9ebb4f-e108-43a5-94cc-78c033baa608_1577238642.jpeg?h=225&w=225,
263807588,Tesco Honey & Mustard Dressing 250Ml,https://www.tesco.com/groceries/en-GB/shop/food-cupboard/all?department=Table%20Sauces%2C%20Olives%2C%20Pickles%20%26%20Chutney&viewAll=department&page=,£1.00,£0.40/100ml,,,/groceries/en-GB/products/263807588,https://digitalcontent.api.tesco.com/v2/media/ghs/a2d68646-f6d0-4d0d-a407-c9fba79b7dfe/snapshotimagehandler_1447960896.jpeg?h=225&w=225,
254885421,Tesco Whole Baby Beetroot Vinegar 710G,https://www.tesco.com/groceries/en-GB/shop/food-cupboard/all?department=Table%20Sauces%2C%20Olives%2C%20Pickles%20%26%20Chutney&viewAll=department&page=,£1.20,£0.26/100g DR.WT,,,/groceries/en-GB/products/254885421,https://digitalcontent.api.tesco.com/v2/media/ghs/3ff7d1ae-ffd7-4ef7-87a9-fe2a3fed33a8/b5921165-553e-4b87-afeb-eefc7fb23703_601523560.jpeg?h=225&w=225,
254885473,Tesco Sweet Pickled Crinkle Cut Beetroot 340G,https://www.tesco.com/groceries/en-GB/shop/food-cupboard/all?department=Table%20Sauces%2C%20Olives%2C%20Pickles%20%26%20Chutney&viewAll=department&page=,£0.80,£0.37/100g DR.WT,,,/groceries/en-GB/products/254885473,https://digitalcontent.api.tesco.com/v2/media/ghs/30171143-18fd-4de5-9ff7-bea3bf58e8c1/4b06796d-1eab-4aeb-a6f8-ec73cb92a420_1447757631.jpeg?h=225&w=225,
306501400,Crouton Company Garlic & Herb Croutons 40G,https://www.tesco.com/groceries/en-GB/shop/food-cupboard/all?department=Table%20Sauces%2C%20Olives%2C%20Pickles%20%26%20Chutney&viewAll=department&page=,£0.50,£1.25/100g,,,/groceries/en-GB/products/306501400,https://digitalcontent.api.tesco.com/v2/media/ghs/190d253c-6a08-4de6-a1ef-7ea402439de7/37b04ff8-d25f-4a51-af1d-a1761976fae9_111112358.jpeg?h=225&w=225,
260691658,Tesco French Mustard 185G,https://www.tesco.com/groceries/en-GB/shop/food-cupboard/all?department=Table%20Sauces%2C%20Olives%2C%20Pickles%20%26%20Chutney&viewAll=department&page=,£0.65,£0.35/100g,,,/groceries/en-GB/products/260691658,https://digitalcontent.api.tesco.com/v2/media/ghs/ba4f4f29-2acc-442b-b163-7a14da38f388/c72d7140-9f32-4853-9026-c786cc8dc616_1985429091.jpeg?h=225&w=225,
268247996,Cooks & Co Roasted Red Peppers 460G,https://www.tesco.com/groceries/en-GB/shop/food-cupboard/all?department=Table%20Sauces%2C%20Olives%2C%20Pickles%20%26%20Chutney&viewAll=department&page=,£2.95,£0.82/100g DR.WT,,,/groceries/en-GB/products/268247996,https://digitalcontent.api.tesco.com/v2/media/ghs/55250d53-9210-4268-98a4-0594b99962b9/8a492cec-715b-4dac-a317-09b9cabe149c_99918200.jpeg?h=225&w=225,
268347628,Hp Bbq Honey Woodsmoke Sauce 465G,https://www.tesco.com/groceries/en-GB/shop/food-cupboard/all?department=Table%20Sauces%2C%20Olives%2C%20Pickles%20%26%20Chutney&viewAll=department&page=,£2.80,£0.60/100g,,,/groceries/en-GB/products/268347628,https://digitalcontent.api.tesco.com/v2/media/ghs/830c3e40-f66b-462d-8329-71579ef71bf6/a5e234e4-166b-4b9b-99cb-82fe5ebdba47_810417696.jpeg?h=225&w=225,
287547887,Nando's Peri Peri Sauce Medium 500G,https://www.tesco.com/groceries/en-GB/shop/food-cupboard/all?department=Table%20Sauces%2C%20Olives%2C%20Pickles%20%26%20Chutney&viewAll=department&page=,£3.90,£0.78/100g,,,/groceries/en-GB/products/287547887,https://digitalcontent.api.tesco.com/v2/media/ghs/8599d3ef-dd3a-4a78-aa22-1b191c8cc6e7/75ee9484-6a0b-43a7-81b7-c80dd4f2a69f_1764176055.jpeg?h=225&w=225,
254968773,Kikkoman Soy Sauce 250Ml,https://www.tesco.com/groceries/en-GB/shop/food-cupboard/all?department=Table%20Sauces%2C%20Olives%2C%20Pickles%20%26%20Chutney&viewAll=department&page=,£3.05,£1.22/100ml,,,/groceries/en-GB/products/254968773,https://digitalcontent.api.tesco.com/v2/media/ghs/068353c4-291a-491f-82b5-2835a49caea5/a5e1bb2a-adae-4b26-91dc-a166813e3ebd_479029280.jpeg?h=225&w=225,
300808116,Nando's Perinaise Sauce 465G,https://www.tesco.com/groceries/en-GB/shop/food-cupboard/all?department=Table%20Sauces%2C%20Olives%2C%20Pickles%20%26%20Chutney&viewAll=department&page=,£3.25,£0.70/100g,,,/groceries/en-GB/products/300808116,https://digitalcontent.api.tesco.com/v2/media/ghs/4938b0cc-b58c-4326-bbe1-23975b091285/ffb01cf1-00ee-4da1-8335-5a27ef234072_624378049.jpeg?h=225&w=225,
299667900,Bull's-Eye Bbq Sauce Original 300Ml,https://www.tesco.com/groceries/en-GB/shop/food-cupboard/all?department=Table%20Sauces%2C%20Olives%2C%20Pickles%20%26%20Chutney&viewAll=department&page=,£2.50,£0.83/100ml,,,/groceries/en-GB/products/299667900,https://digitalcontent.api.tesco.com/v2/media/ghs/c4dda9e1-4434-434f-9055-10bb13d5a2f8/0e16a493-5955-46a7-b72e-984ce95b052e_105230279.jpeg?h=225&w=225,
268682036,Fragata Low Salt Anchovy Stuffed Olives 350G,https://www.tesco.com/groceries/en-GB/shop/food-cupboard/all?department=Table%20Sauces%2C%20Olives%2C%20Pickles%20%26%20Chutney&viewAll=department&page=,£1.65,£1.10/100g DR.WT,,,/groceries/en-GB/products/268682036,https://digitalcontent.api.tesco.com/v2/media/ghs/716c7925-64a9-4b3c-b85e-88903927b53e/e5fb34fc-05fe-4839-9f90-f0409d45f2da_241003499.jpeg?h=225&w=225,
300793051,Heinz Bbq Sauce Classic 570Ml,https://www.tesco.com/groceries/en-GB/shop/food-cupboard/all?department=Table%20Sauces%2C%20Olives%2C%20Pickles%20%26%20Chutney&viewAll=department&page=,£3.30,£0.58/100ml,,,/groceries/en-GB/products/300793051,https://digitalcontent.api.tesco.com/v2/media/ghs/cf430d6f-ca25-441b-8a59-869095ac9c94/15a10ce4-deb4-41a0-8965-871fe452d6e8_258161009.jpeg?h=225&w=225,
255100975,Fragata Capers 240G,https://www.tesco.com/groceries/en-GB/shop/food-cupboard/all?department=Table%20Sauces%2C%20Olives%2C%20Pickles%20%26%20Chutney&viewAll=department&page=,£2.30,£1.71/100g DR.WT,£1.85 Clubcard Price,,/groceries/en-GB/products/255100975,https://digitalcontent.api.tesco.com/v2/media/ghs/4c060244-3098-46b6-a83b-431f44f1ec27/c8009144-0664-46af-a98d-b6bb79261fee_2040697108.jpeg?h=225&w=225,
261892079,Tiptree Tomato Sauce 310G,https://www.tesco.com/groceries/en-GB/shop/food-cupboard/all?department=Table%20Sauces%2C%20Olives%2C%20Pickles%20%26%20Chutney&viewAll=department&page=,£2.40,£0.78/100g,,,/groceries/en-GB/products/261892079,https://digitalcontent.api.tesco.com/v2/media/ghs/ceae712a-1006-4f5f-86f4-b158993d27d4/89c92e86-fb78-4f98-897a-26feee525e3c_1730985023.jpeg?h=225&w=225,
308472614,Pandora Pickled Eggs In Malt Vinegar 450G,https://www.tesco.com/groceries/en-GB/shop/food-cupboard/all?department=Table%20Sauces%2C%20Olives%2C%20Pickles%20%26%20Chutney&viewAll=department&page=,£2.50,£1.12/100g DR.WT,,,/groceries/en-GB/products/308472614,https://digitalcontent.api.tesco.com/v2/media/ghs/82e7c390-677f-4825-86d4-e59a946c2a4f/ccabc989-6a5f-4c67-82e0-3720b306b3d7_1802703705.jpeg?h=225&w=225,
267968782,Tesco American Style Mustard 370G,https://www.tesco.com/groceries/en-GB/shop/food-cupboard/all?department=Table%20Sauces%2C%20Olives%2C%20Pickles%20%26%20Chutney&viewAll=department&page=,£1.65,£0.45/100g,,,/groceries/en-GB/products/267968782,https://digitalcontent.api.tesco.com/v2/media/ghs/10c22a67-68a9-4212-a0a5-cdd3e6ce2d25/848c34ea-6348-46d1-8f52-b193957cd67f_1830799746.jpeg?h=225&w=225,
250414393,Opies Cocktail Cherries Maraschino 225G,https://www.tesco.com/groceries/en-GB/shop/food-cupboard/all?department=Table%20Sauces%2C%20Olives%2C%20Pickles%20%26%20Chutney&viewAll=department&page=,£1.70,£1.36/100g DR.WT,,,/groceries/en-GB/products/250414393,https://digitalcontent.api.tesco.com/v2/media/ghs/9d927b9c-d642-47c6-bf0a-402c5218e820/bdf52e83-5656-4c31-9ecc-886611d47b04_1102764318.jpeg?h=225&w=225,
305972851,Nandos Perinaise Garlic 265G,https://www.tesco.com/groceries/en-GB/shop/food-cupboard/all?department=Table%20Sauces%2C%20Olives%2C%20Pickles%20%26%20Chutney&viewAll=department&page=,£2.00,£0.76/100g,,,/groceries/en-GB/products/305972851,https://digitalcontent.api.tesco.com/v2/media/ghs/62b43510-5823-48b0-8ba1-6c922f0c3c2e/283cb833-e302-4407-87e9-d4cb01741b56_668772470.jpeg?h=225&w=225,
309182799,Pizza Express Garlic & Herb Pizza Dipping Sauce 255G,https://www.tesco.com/groceries/en-GB/shop/food-cupboard/all?department=Table%20Sauces%2C%20Olives%2C%20Pickles%20%26%20Chutney&viewAll=department&page=,£2.00,£0.78/100g,,,/groceries/en-GB/products/309182799,https://digitalcontent.api.tesco.com/v2/media/ghs/770ed5d6-beef-40a9-878d-dfaad970c081/010885cd-9052-4158-ae35-52afa3ded2f3_2132754713.jpeg?h=225&w=225,
292046194,Heinz Seriously Good Mayonnaise Light 230G,https://www.tesco.com/groceries/en-GB/shop/food-cupboard/all?department=Table%20Sauces%2C%20Olives%2C%20Pickles%20%26%20Chutney&viewAll=department&page=,£1.70,£0.74/100g,,,/groceries/en-GB/products/292046194,https://digitalcontent.api.tesco.com/v2/media/ghs/984cf604-cf23-408d-9368-ed746916ddcb/dcf40015-ec21-4621-9d58-35716229c86a_1721476046.jpeg?h=225&w=225,
260814814,Tesco Red Cabbage 710G,https://www.tesco.com/groceries/en-GB/shop/food-cupboard/all?department=Table%20Sauces%2C%20Olives%2C%20Pickles%20%26%20Chutney&viewAll=department&page=,£1.55,£0.22/100g DR.WT,,,/groceries/en-GB/products/260814814,https://digitalcontent.api.tesco.com/v2/media/ghs/776902a6-87c7-44fe-9356-316f33d2faf0/bc3c76ac-4027-4834-aa18-78918d2ceb31_1719699279.jpeg?h=225&w=225,
291456447,Haywards Sweet Silverskin Onions 400G,https://www.tesco.com/groceries/en-GB/shop/food-cupboard/all?department=Table%20Sauces%2C%20Olives%2C%20Pickles%20%26%20Chutney&viewAll=department&page=,£2.00,£0.93/100g DR.WT,£1.25 Clubcard Price,,/groceries/en-GB/products/291456447,https://digitalcontent.api.tesco.com/v2/media/ghs/7c7314b5-51d6-4b95-a89a-dd734cd23183/d22bfbea-08a1-4288-8dd4-fd4d4080b8e1_242603607.jpeg?h=225&w=225,
284933924,Levi Roots Caribbean Bbq Sauce 290G,https://www.tesco.com/groceries/en-GB/shop/food-cupboard/all?department=Table%20Sauces%2C%20Olives%2C%20Pickles%20%26%20Chutney&viewAll=department&page=,£1.85,£0.64/100g,,,/groceries/en-GB/products/284933924,https://digitalcontent.api.tesco.com/v2/media/ghs/45cc197b-5bf8-4779-8480-58fe913af40f/6c44ae15-7d05-4bd0-a498-ef182ed081d9_234988278.jpeg?h=225&w=225,
309208720,Tesco Finest Fig & Balsamic Chutney 210G,https://www.tesco.com/groceries/en-GB/shop/food-cupboard/all?department=Table%20Sauces%2C%20Olives%2C%20Pickles%20%26%20Chutney&viewAll=department&page=,£1.50,£0.72/100g,,,/groceries/en-GB/products/309208720,https://digitalcontent.api.tesco.com/v2/media/ghs/89ac6be8-7569-4ea8-b256-44a5a9171427/99033ca1-518d-4c9e-966c-036c0f90218f_2042164028.jpeg?h=225&w=225,
308866356,Polli Ingredient Sliced Sundried Tomatoes 120G,https://www.tesco.com/groceries/en-GB/shop/food-cupboard/all?department=Table%20Sauces%2C%20Olives%2C%20Pickles%20%26%20Chutney&viewAll=department&page=,£1.45,£1.21/100g,,,/groceries/en-GB/products/308866356,https://digitalcontent.api.tesco.com/v2/media/ghs/ee1f8d33-48d0-4a3e-adea-de045bf11839/8077b639-4491-4224-8564-c3ec18d68b49_1484478297.jpeg?h=225&w=225,
305247506,Encona Scotch Bonnet Pepper Extra Hot Sauce 220Ml,https://www.tesco.com/groceries/en-GB/shop/food-cupboard/all?department=Table%20Sauces%2C%20Olives%2C%20Pickles%20%26%20Chutney&viewAll=department&page=,£1.55,£0.70/100ml,,,/groceries/en-GB/products/305247506,https://digitalcontent.api.tesco.com/v2/media/ghs/ede78be2-2338-4000-a6f1-501dcc337a86/8bf19ec8-00aa-4013-8fca-cae35a9d95b6_1822385790.jpeg?h=225&w=225,
291547000,Haywards Mixed Pickle 400G,https://www.tesco.com/groceries/en-GB/shop/food-cupboard/all?department=Table%20Sauces%2C%20Olives%2C%20Pickles%20%26%20Chutney&viewAll=department&page=,£2.00,£0.50/100g,£1.25 Clubcard Price,,/groceries/en-GB/products/291547000,https://digitalcontent.api.tesco.com/v2/media/ghs/cb12d762-d486-4ba7-b665-9c4903e7ce3f/bf68a5a7-5ada-448d-87c3-861dc1744f0a_419645562.jpeg?h=225&w=225,
287547933,Tesco Free From Salad Cream 440G,https://www.tesco.com/groceries/en-GB/shop/food-cupboard/all?department=Table%20Sauces%2C%20Olives%2C%20Pickles%20%26%20Chutney&viewAll=department&page=,£1.40,£0.32/100g,,,/groceries/en-GB/products/287547933,https://digitalcontent.api.tesco.com/v2/media/ghs/c52e3050-5e2f-4836-956c-ad13324214d5/ba1304ea-ad2d-404b-becd-069dcc0e12e4_475511719.jpeg?h=225&w=225,
254885726,Tesco Pickled Silverskin Onions 710G,https://www.tesco.com/groceries/en-GB/shop/food-cupboard/all?department=Table%20Sauces%2C%20Olives%2C%20Pickles%20%26%20Chutney&viewAll=department&page=,£1.35,£0.36/100g DR.WT,,,/groceries/en-GB/products/254885726,https://digitalcontent.api.tesco.com/v2/media/ghs/9cfa2bfc-3101-48fe-b46c-0fc8747c1a2d/3138468e-f57e-4b20-8718-5ee547be3415_189229100.jpeg?h=225&w=225,
305438160,Tesco Finest Mango Apricot & Coriander Chutney 220G,https://www.tesco.com/groceries/en-GB/shop/food-cupboard/all?department=Table%20Sauces%2C%20Olives%2C%20Pickles%20%26%20Chutney&viewAll=department&page=,£1.50,£0.68/100g,,,/groceries/en-GB/products/305438160,https://digitalcontent.api.tesco.com/v2/media/ghs/844cfc78-d6be-4ac0-85f0-67a2b8b87c75/942bd9fb-6428-4470-9e76-1267b9625f12_110504532.jpeg?h=225&w=225,
310699171,Tesco Fire Pit Burger Relish 315G,https://www.tesco.com/groceries/en-GB/shop/food-cupboard/all?department=Table%20Sauces%2C%20Olives%2C%20Pickles%20%26%20Chutney&viewAll=department&page=,£1.40,£0.44/100g,,,/groceries/en-GB/products/310699171,https://digitalcontent.api.tesco.com/v2/media/ghs/cb9b766e-31ce-4bd8-9530-00171f7f1c1d/dce4c350-a515-42ea-9a7a-a02e0d49c7a0_105642138.jpeg?h=225&w=225,
250579272,Crespo Olives Herbs & Garlic 70G,https://www.tesco.com/groceries/en-GB/shop/food-cupboard/all?department=Table%20Sauces%2C%20Olives%2C%20Pickles%20%26%20Chutney&viewAll=department&page=,£1.05,£1.50/100g,80p Clubcard Price,,/groceries/en-GB/products/250579272,https://digitalcontent.api.tesco.com/v2/media/ghs/e3438c3b-8b19-4789-8e65-79122106c349/874b13e0-beff-47b2-b754-09125151dbe0_750546598.jpeg?h=225&w=225,
277972225,Nando's Peri Peri Rub Garlic 25G,https://www.tesco.com/groceries/en-GB/shop/food-cupboard/all?department=Table%20Sauces%2C%20Olives%2C%20Pickles%20%26%20Chutney&viewAll=department&page=,£1.00,£0.40/10g,,,/groceries/en-GB/products/277972225,https://digitalcontent.api.tesco.com/v2/media/ghs/aa305352-7cf9-478f-a75d-28dc3554ffde/b6a8c609-ef9b-4e17-ba6e-b49b3bc12688_1905469913.jpeg?h=225&w=225,
253391528,Amoy Reduced Salt Soy Sauce 150Ml,https://www.tesco.com/groceries/en-GB/shop/food-cupboard/all?department=Table%20Sauces%2C%20Olives%2C%20Pickles%20%26%20Chutney&viewAll=department&page=,£1.50,£1.00/100ml,£1.00 Clubcard Price,,/groceries/en-GB/products/253391528,https://digitalcontent.api.tesco.com/v2/media/ghs/5a10be94-c20d-4e4b-80e5-b94cc2412c6a/c1bea398-b449-437d-af5d-68b4dd7af997_508498161.jpeg?h=225&w=225,
300917809,Tesco Pitted Green Olives Basil&Garlic 70G,https://www.tesco.com/groceries/en-GB/shop/food-cupboard/all?department=Table%20Sauces%2C%20Olives%2C%20Pickles%20%26%20Chutney&viewAll=department&page=,£1.00,£1.43/100g,,,/groceries/en-GB/products/300917809,https://digitalcontent.api.tesco.com/v2/media/ghs/0422e405-61e4-4df8-802d-e24d9e9645af/46f3d9b1-67ad-48f8-8898-4dd52be473e6_1544118751.jpeg?h=225&w=225,
277971727,Nando's Peri Peri Rub Bbq 25G,https://www.tesco.com/groceries/en-GB/shop/food-cupboard/all?department=Table%20Sauces%2C%20Olives%2C%20Pickles%20%26%20Chutney&viewAll=department&page=,£1.00,£40.00/kg,,,/groceries/en-GB/products/277971727,https://digitalcontent.api.tesco.com/v2/media/ghs/e7e79319-c602-4012-864b-d0a288e3b5a6/ede59eb6-e173-48bc-aa15-27c7d686d76b_1253464818.jpeg?h=225&w=225,
277971900,Nando's Peri Peri Rub Lemon & Herb 25G,https://www.tesco.com/groceries/en-GB/shop/food-cupboard/all?department=Table%20Sauces%2C%20Olives%2C%20Pickles%20%26%20Chutney&viewAll=department&page=,£1.00,£40.00/kg,,,/groceries/en-GB/products/277971900,https://digitalcontent.api.tesco.com/v2/media/ghs/07aaab68-20ce-4fb3-b98d-96df057a0081/adb250f6-e3f1-4281-ad3f-c7a0b0a1d4f6_796141471.jpeg?h=225&w=225,
292255735,Tesco Fat Free Vinaigrette Salad Dressing 250Ml,https://www.tesco.com/groceries/en-GB/shop/food-cupboard/all?department=Table%20Sauces%2C%20Olives%2C%20Pickles%20%26%20Chutney&viewAll=department&page=,£1.00,£0.40/100ml,,,/groceries/en-GB/products/292255735,https://digitalcontent.api.tesco.com/v2/media/ghs/abb0bd6a-fa31-4609-82dd-cb4f902196a9/21445cea-162a-4df3-94b0-f2a9f68b81d0_878096634.jpeg?h=225&w=225,
263807559,Tesco French Dressing 250Ml,https://www.tesco.com/groceries/en-GB/shop/food-cupboard/all?department=Table%20Sauces%2C%20Olives%2C%20Pickles%20%26%20Chutney&viewAll=department&page=,£1.00,£0.40/100ml,,,/groceries/en-GB/products/263807559,https://digitalcontent.api.tesco.com/v2/media/ghs/03573fdc-e4a7-4fb9-b7b1-27ea4d0bd9f5/e7245624-09e0-43fc-9efd-e5060113f758_1754073011.jpeg?h=225&w=225,
263807571,Tesco Thousand Island Dressing 250Ml,https://www.tesco.com/groceries/en-GB/shop/food-cupboard/all?department=Table%20Sauces%2C%20Olives%2C%20Pickles%20%26%20Chutney&viewAll=department&page=,£1.00,£0.40/100ml,,,/groceries/en-GB/products/263807571,https://digitalcontent.api.tesco.com/v2/media/ghs/7e9c2dbc-232a-4346-8948-72fd1ae3c640/c15876bc-9e6a-44c5-88ad-a0aa072a83dc_287905735.jpeg?h=225&w=225,
264158651,Tesco Garlic & Herb Dressing 250Ml,https://www.tesco.com/groceries/en-GB/shop/food-cupboard/all?department=Table%20Sauces%2C%20Olives%2C%20Pickles%20%26%20Chutney&viewAll=department&page=,£1.00,£0.40/100ml,,,/groceries/en-GB/products/264158651,https://digitalcontent.api.tesco.com/v2/media/ghs/3f253687-85ff-4d03-ac9c-9bcdf0ac5a16/775a227b-aa6b-44f2-9f02-172eeafa2105_635075436.jpeg?h=225&w=225,
300413116,Tesco Ploughmans Plum Chutney 295G,https://www.tesco.com/groceries/en-GB/shop/food-cupboard/all?department=Table%20Sauces%2C%20Olives%2C%20Pickles%20%26%20Chutney&viewAll=department&page=,£1.20,£0.41/100g,,,/groceries/en-GB/products/300413116,https://digitalcontent.api.tesco.com/v2/media/ghs/d7fd9b38-ac8e-4291-b579-1bcd40be5062/c6c3873c-fb72-4670-9d34-49c27c6e5eb8_1338251937.jpeg?h=225&w=225,
303881777,Crouton Company Pepper & Salt Croutons 40G,https://www.tesco.com/groceries/en-GB/shop/food-cupboard/all?department=Table%20Sauces%2C%20Olives%2C%20Pickles%20%26%20Chutney&viewAll=department&page=,£0.50,£1.25/100g,,,/groceries/en-GB/products/303881777,https://digitalcontent.api.tesco.com/v2/media/ghs/8c6b515b-6a05-4600-97a1-d546f748abe5/975a4a75-7eff-48c1-a6c0-78ed6be4b7d9_26710010.jpeg?h=225&w=225,
254885438,Tesco Whole Baby Sweet Beetroot In Vinegar 340G,https://www.tesco.com/groceries/en-GB/shop/food-cupboard/all?department=Table%20Sauces%2C%20Olives%2C%20Pickles%20%26%20Chutney&viewAll=department&page=,£0.80,£0.36/100g DR.WT,,,/groceries/en-GB/products/254885438,https://digitalcontent.api.tesco.com/v2/media/ghs/1fc95a93-3a07-4d59-9e66-32cbce88abd6/6999ea05-e505-4735-a4fd-0e682c940dac_625672511.jpeg?h=225&w=225,
305047518,Tesco Plant Chef Vegan Mayonnaise 270G,https://www.tesco.com/groceries/en-GB/shop/food-cupboard/all?department=Table%20Sauces%2C%20Olives%2C%20Pickles%20%26%20Chutney&viewAll=department&page=,£0.80,£0.30/100g,,,/groceries/en-GB/products/305047518,https://digitalcontent.api.tesco.com/v2/media/ghs/5dc6b766-6304-4246-b934-881d9e7f0cb3/cf625e06-a88e-4ef2-9cfc-1b757997728f_1906331415.jpeg?h=225&w=225,
304376723,Tesco Free From Worcester Sauce 150Ml,https://www.tesco.com/groceries/en-GB/shop/food-cupboard/all?department=Table%20Sauces%2C%20Olives%2C%20Pickles%20%26%20Chutney&viewAll=department&page=,£0.85,£0.57/100ml DR.WT,,,/groceries/en-GB/products/304376723,https://digitalcontent.api.tesco.com/v2/media/ghs/b88678ce-94df-40be-9490-0aa9448a441b/080b2431-28d5-42ec-a36d-9c18bfd90bb7_945231211.jpeg?h=225&w=225,
301923997,Belazu Beldi Black Olive Tapenade 170G,https://www.tesco.com/groceries/en-GB/shop/food-cupboard/all?department=Table%20Sauces%2C%20Olives%2C%20Pickles%20%26%20Chutney&viewAll=department&page=,£3.45,£2.03/100g,,,/groceries/en-GB/products/301923997,https://digitalcontent.api.tesco.com/v2/media/ghs/1009d033-4938-445b-a91b-8c5431bcff69/b4f46ff0-6bd3-4645-b8ec-93acaed4eaae_389148076.jpeg?h=225&w=225,
265335774,Tesco Italian Ro Asted Pepper Antipasti 285G,https://www.tesco.com/groceries/en-GB/shop/food-cupboard/all?department=Table%20Sauces%2C%20Olives%2C%20Pickles%20%26%20Chutney&viewAll=department&page=,£2.65,£1.56/100g,,,/groceries/en-GB/products/265335774,https://digitalcontent.api.tesco.com/v2/media/ghs/d65a378c-64c1-42d9-af0f-961fad4ce2ba/c83883bf-fa60-4502-829d-3ce0e28800d1_389453040.jpeg?h=225&w=225,
300826843,Tesco Finest Kalamata Olives 210G,https://www.tesco.com/groceries/en-GB/shop/food-cupboard/all?department=Table%20Sauces%2C%20Olives%2C%20Pickles%20%26%20Chutney&viewAll=department&page=,£2.35,£1.88/100g DR.WT,,,/groceries/en-GB/products/300826843,https://digitalcontent.api.tesco.com/v2/media/ghs/1a0b9fd9-7ff3-4f8d-99ab-d42eef9f5822/6d737a6a-914a-48f5-b9d4-36235092db09_787719363.jpeg?h=225&w=225,
280333166,Sweet Baby Ray Bbq Sauce Original 510G,https://www.tesco.com/groceries/en-GB/shop/food-cupboard/all?department=Table%20Sauces%2C%20Olives%2C%20Pickles%20%26%20Chutney&viewAll=department&page=,£3.45,£0.68/100g,,,/groceries/en-GB/products/280333166,https://digitalcontent.api.tesco.com/v2/media/ghs/1811ab2a-7acf-49d3-8fdc-798a70f0c89b/dc95999c-1cc6-4996-88f6-d5e55eac1e35_1921145445.jpeg?h=225&w=225,
279768919,Cypressa Tahini 300G,https://www.tesco.com/groceries/en-GB/shop/food-cupboard/all?department=Table%20Sauces%2C%20Olives%2C%20Pickles%20%26%20Chutney&viewAll=department&page=,£2.75,£0.92/100g,,,/groceries/en-GB/products/279768919,https://digitalcontent.api.tesco.com/v2/media/ghs/47f0a9e4-bf7e-4247-ae40-5442c7403ddb/eb8cdf23-629b-450f-8731-337c98d45086_2076856184.jpeg?h=225&w=225,
261960932,Heinz Organic Tomato Ketchup 580G,https://www.tesco.com/groceries/en-GB/shop/food-cupboard/all?department=Table%20Sauces%2C%20Olives%2C%20Pickles%20%26%20Chutney&viewAll=department&page=,£3.50,£0.60/100g,,,/groceries/en-GB/products/261960932,https://digitalcontent.api.tesco.com/v2/media/ghs/b762275b-b48d-4c7f-8c20-349b06d701ec/2aebb543-7a93-4a01-ac8d-0000104903fe_1018539495.jpeg?h=225&w=225,
304408612,Heinz Saucy Mayonnaise Ketchup Sauce 425G,https://www.tesco.com/groceries/en-GB/shop/food-cupboard/all?department=Table%20Sauces%2C%20Olives%2C%20Pickles%20%26%20Chutney&viewAll=department&page=,£2.70,£0.64/100g,,,/groceries/en-GB/products/304408612,https://digitalcontent.api.tesco.com/v2/media/ghs/3cd690c6-cd9c-445a-a9d1-62b88b0d68de/740ad8ec-5be1-433c-89fe-fa4c833206f5_1793700751.jpeg?h=225&w=225,
311785257,Heinz Burger Sauce 418G,https://www.tesco.com/groceries/en-GB/shop/food-cupboard/all?department=Table%20Sauces%2C%20Olives%2C%20Pickles%20%26%20Chutney&viewAll=department&page=,£2.30,£0.55/100g,,New,/groceries/en-GB/products/311785257,https://digitalcontent.api.tesco.com/v2/media/ghs/cfd5e2b3-062d-4085-97c9-abf5f6981a21/059a15aa-987e-4eb1-ae68-d2e577d96d28_1246291257.jpeg?h=225&w=225,
262284763,Kikkoman Soy Sauce Less Salt 150Ml,https://www.tesco.com/groceries/en-GB/shop/food-cupboard/all?department=Table%20Sauces%2C%20Olives%2C%20Pickles%20%26%20Chutney&viewAll=department&page=,£2.65,£1.77/100ml,£2.15 Clubcard Price,,/groceries/en-GB/products/262284763,https://digitalcontent.api.tesco.com/v2/media/ghs/da6ae6c2-ce75-4a0c-a9d8-7e60f2fa4180/e6d27502-c288-42cf-a1e7-fa77d2cae168_295772795.jpeg?h=225&w=225,
256781955,Garners Sweet Baby Onions 454G,https://www.tesco.com/groceries/en-GB/shop/food-cupboard/all?department=Table%20Sauces%2C%20Olives%2C%20Pickles%20%26%20Chutney&viewAll=department&page=,£3.45,£1.50/100g DR.WT,£2.50 Clubcard Price,,/groceries/en-GB/products/256781955,https://digitalcontent.api.tesco.com/v2/media/ghs/debb2440-02e0-4dc6-9359-2292abd48f29/87a6903d-3f53-4327-a17a-6e1decb860bc_1165604966.jpeg?h=225&w=225,
266155186,Pizza Express Caesar Light Dressing 235Ml,https://www.tesco.com/groceries/en-GB/shop/food-cupboard/all?department=Table%20Sauces%2C%20Olives%2C%20Pickles%20%26%20Chutney&viewAll=department&page=,£2.30,£0.98/100ml,,,/groceries/en-GB/products/266155186,https://digitalcontent.api.tesco.com/v2/media/ghs/e2f39aa8-4619-4573-9b97-a5fee512d830/25324171-894b-46fe-8830-efb227b3aecd_747329598.jpeg?h=225&w=225,
312358877,Wagamama House Dressing 265G,https://www.tesco.com/groceries/en-GB/shop/food-cupboard/all?department=Table%20Sauces%2C%20Olives%2C%20Pickles%20%26%20Chutney&viewAll=department&page=,£2.50,£0.94/100g,,New,/groceries/en-GB/products/312358877,https://digitalcontent.api.tesco.com/v2/media/ghs/fd3ed087-fddf-42af-a804-1e97cd44e840/6fb3000d-614d-4cc5-85b5-738c08e88b0d_794749950.jpeg?h=225&w=225,
308463717,Nandos Peri Peri Quick Marinade Medium 262G,https://www.tesco.com/groceries/en-GB/shop/food-cupboard/all?department=Table%20Sauces%2C%20Olives%2C%20Pickles%20%26%20Chutney&viewAll=department&page=,£2.30,£0.88/100g,,,/groceries/en-GB/products/308463717,https://digitalcontent.api.tesco.com/v2/media/ghs/45c45c13-aac9-499c-83bb-4ac9b3e3ca73/a9395688-940d-497f-a391-abb137b96680_420043442.jpeg?h=225&w=225,
251693474,Mrs H.S.Balls Original Recipe Chutney 470G,https://www.tesco.com/groceries/en-GB/shop/food-cupboard/all?department=Table%20Sauces%2C%20Olives%2C%20Pickles%20%26%20Chutney&viewAll=department&page=,£2.25,£0.48/100g,,,/groceries/en-GB/products/251693474,https://digitalcontent.api.tesco.com/v2/media/ghs/bd41ed2b-a7d7-4d2b-aa96-56d5d830a579/f19466bb-2642-42df-9a66-02f20b73bfa7_1966515013.jpeg?h=225&w=225,
259277592,Cholula Hot Mexican Sauce 150Ml,https://www.tesco.com/groceries/en-GB/shop/food-cupboard/all?department=Table%20Sauces%2C%20Olives%2C%20Pickles%20%26%20Chutney&viewAll=department&page=,£1.90,£1.27/100ml,,,/groceries/en-GB/products/259277592,https://digitalcontent.api.tesco.com/v2/media/ghs/b85f2448-df25-4c2c-8817-be4899746d47/6ebf5f55-cb81-4aed-9ca2-884aa48967c7_152450712.jpeg?h=225&w=225,
279232684,Tesco Finest British Bramley Apple Sauce With Cider 200G,https://www.tesco.com/groceries/en-GB/shop/food-cupboard/all?department=Table%20Sauces%2C%20Olives%2C%20Pickles%20%26%20Chutney&viewAll=department&page=,£1.75,£0.88/100g,,,/groceries/en-GB/products/279232684,https://digitalcontent.api.tesco.com/v2/media/ghs/99f4167e-0242-4412-8e3b-8802aec4a7a8/5f41b534-faff-428c-9132-9fa59a71b8b8_850104204.jpeg?h=225&w=225,
313175763,Baxters Crunchy & Tangy Sliced Gherkins 540G,https://www.tesco.com/groceries/en-GB/shop/food-cupboard/all?department=Table%20Sauces%2C%20Olives%2C%20Pickles%20%26%20Chutney&viewAll=department&page=,£3.00,£1.00/100g DR.WT,,New,/groceries/en-GB/products/313175763,https://digitalcontent.api.tesco.com/v2/media/ghs/d9e66e7c-6b28-48ac-8dcd-47cc8409cfa2/149a0b65-1287-437e-90e6-e658077791e4_306734153.jpeg?h=225&w=225,
313164557,Baxters Sweet & Crunchy Sliced Gherkins 540G,https://www.tesco.com/groceries/en-GB/shop/food-cupboard/all?department=Table%20Sauces%2C%20Olives%2C%20Pickles%20%26%20Chutney&viewAll=department&page=,£3.00,£1.00/100g DR.WT,,New,/groceries/en-GB/products/313164557,https://digitalcontent.api.tesco.com/v2/media/ghs/1ea2f031-ec00-45c4-a2b7-0c6af8a014eb/e50734b3-0aac-4786-897d-21c50a1ea9be_1751393250.jpeg?h=225&w=225,
301576848,Crespo Dry Black Olives Pouch 150G,https://www.tesco.com/groceries/en-GB/shop/food-cupboard/all?department=Table%20Sauces%2C%20Olives%2C%20Pickles%20%26%20Chutney&viewAll=department&page=,£2.05,£1.37/100g,£1.70 Clubcard Price,,/groceries/en-GB/products/301576848,https://digitalcontent.api.tesco.com/v2/media/ghs/cc92394c-aebf-48be-86db-17ed6d9f5f0a/89b1458c-1ac6-4e29-89bc-39273f24a4d9_2048412491.jpeg?h=225&w=225,
264353195,Crespo Pitted Black Olives 354G,https://www.tesco.com/groceries/en-GB/shop/food-cupboard/all?department=Table%20Sauces%2C%20Olives%2C%20Pickles%20%26%20Chutney&viewAll=department&page=,£1.55,£0.97/100g DR.WT,,,/groceries/en-GB/products/264353195,https://digitalcontent.api.tesco.com/v2/media/ghs/99493496-66bc-4cf3-8043-3c92199d3c0a/bad59a53-2b28-44ab-b828-f62fc5b77ebc_113073034.jpeg?h=225&w=225,
257202615,Hellmann's Light Mayonnaise 400G,https://www.tesco.com/groceries/en-GB/shop/food-cupboard/all?department=Table%20Sauces%2C%20Olives%2C%20Pickles%20%26%20Chutney&viewAll=department&page=,£2.40,£0.60/100g,,,/groceries/en-GB/products/257202615,https://digitalcontent.api.tesco.com/v2/media/ghs/a73d4e23-4b10-457a-9dfd-9480047e25b7/a037e0e5-6ed6-46ee-a650-ab00e275b873_252538530.jpeg?h=225&w=225,
288042682,Ballymaloe Original Relish 210G,https://www.tesco.com/groceries/en-GB/shop/food-cupboard/all?department=Table%20Sauces%2C%20Olives%2C%20Pickles%20%26%20Chutney&viewAll=department&page=,£2.20,£1.05/100g,,,/groceries/en-GB/products/288042682,https://digitalcontent.api.tesco.com/v2/media/ghs/d812b91d-82ca-4b85-a725-b0ab8f3603fe/ae227962-0680-4028-81f4-abb2f00da9ff_574502124.jpeg?h=225&w=225,
296455509,Grace Jamaican Jerk Bbq Sauce 375G,https://www.tesco.com/groceries/en-GB/shop/food-cupboard/all?department=Table%20Sauces%2C%20Olives%2C%20Pickles%20%26%20Chutney&viewAll=department&page=,£1.80,£0.48/100g,,,/groceries/en-GB/products/296455509,https://digitalcontent.api.tesco.com/v2/media/ghs/3cc293d8-ba87-492b-a7c2-b03a06959425/1e92cccf-3c57-491d-ba81-8a478d476316_622287730.jpeg?h=225&w=225,
301957064,Biona Organic Sauerkraut 360G,https://www.tesco.com/groceries/en-GB/shop/food-cupboard/all?department=Table%20Sauces%2C%20Olives%2C%20Pickles%20%26%20Chutney&viewAll=department&page=,£2.00,£0.87/100g DR.WT,,,/groceries/en-GB/products/301957064,https://digitalcontent.api.tesco.com/v2/media/ghs/1826d495-6046-4db7-8be6-860699cb02f4/bc3564be-2016-44bb-bdeb-ce61ba1e818e_636793784.jpeg?h=225&w=225,
292275498,Reds Kansas City Bbq Sauce 320G,https://www.tesco.com/groceries/en-GB/shop/food-cupboard/all?department=Table%20Sauces%2C%20Olives%2C%20Pickles%20%26%20Chutney&viewAll=department&page=,£2.00,£0.62/100g,,,/groceries/en-GB/products/292275498,https://digitalcontent.api.tesco.com/v2/media/ghs/f59cf85d-9016-4ca0-b557-d13d9541ba61/fd7cf048-f780-4c39-9179-507d4fe20ced_544009543.jpeg?h=225&w=225,
292046009,Heinz Seriously Good Mayonnaise 215G,https://www.tesco.com/groceries/en-GB/shop/food-cupboard/all?department=Table%20Sauces%2C%20Olives%2C%20Pickles%20%26%20Chutney&viewAll=department&page=,£1.70,£0.79/100g,,,/groceries/en-GB/products/292046009,https://digitalcontent.api.tesco.com/v2/media/ghs/f8ca89a5-9676-4b4d-9b0a-06b3d54c968b/09265555-3243-4d4a-a8f2-466987cf6202_709317461.jpeg?h=225&w=225,
302316833,Good 4 U Protein Salad Topper Super Seeds 150G,https://www.tesco.com/groceries/en-GB/shop/food-cupboard/all?department=Table%20Sauces%2C%20Olives%2C%20Pickles%20%26%20Chutney&viewAll=department&page=,£2.00,£1.34/100g,,,/groceries/en-GB/products/302316833,https://digitalcontent.api.tesco.com/v2/media/ghs/4461b665-b512-4176-953e-6b1e4135bca0/7cbd17e7-70c8-45e6-95c9-9b2d8538cf79_357040703.jpeg?h=225&w=225,
280448261,La Rochelle Bacon Flavour Sprinkles 120G,https://www.tesco.com/groceries/en-GB/shop/food-cupboard/all?department=Table%20Sauces%2C%20Olives%2C%20Pickles%20%26%20Chutney&viewAll=department&page=,£1.30,£1.09/100g,,,/groceries/en-GB/products/280448261,https://digitalcontent.api.tesco.com/v2/media/ghs/cde10eb6-9cc4-4673-9252-e956d17729ba/snapshotimagehandler_1671905654.jpeg?h=225&w=225,
300708154,Tesco Finest French Dressing 225Ml,https://www.tesco.com/groceries/en-GB/shop/food-cupboard/all?department=Table%20Sauces%2C%20Olives%2C%20Pickles%20%26%20Chutney&viewAll=department&page=,£1.95,£0.87/100ml,,,/groceries/en-GB/products/300708154,https://digitalcontent.api.tesco.com/v2/media/ghs/30f07b1e-6c9b-4b29-95d0-ccd400efd8ba/bf3e3708-69b2-417d-8605-14618d7020a8_447855378.jpeg?h=225&w=225,
291456620,Haywards Silverskin Onions 400G,https://www.tesco.com/groceries/en-GB/shop/food-cupboard/all?department=Table%20Sauces%2C%20Olives%2C%20Pickles%20%26%20Chutney&viewAll=department&page=,£2.00,£0.93/100g,£1.25 Clubcard Price,,/groceries/en-GB/products/291456620,https://digitalcontent.api.tesco.com/v2/media/ghs/723b4101-610e-419c-8565-5b3b7f7f7689/f1d1f813-4744-4667-a2bc-f72acd12fc19_999182299.jpeg?h=225&w=225,
262110048,Winiary Mayonnaise 400Ml,https://www.tesco.com/groceries/en-GB/shop/food-cupboard/all?department=Table%20Sauces%2C%20Olives%2C%20Pickles%20%26%20Chutney&viewAll=department&page=,£2.00,£0.50/100ml,,,/groceries/en-GB/products/262110048,https://digitalcontent.api.tesco.com/v2/media/ghs/9d255d34-4afa-4be9-9b34-37835264f70b/snapshotimagehandler_1439973308.jpeg?h=225&w=225,
258193657,Opies Cocktail Pickled Onions 227G,https://www.tesco.com/groceries/en-GB/shop/food-cupboard/all?department=Table%20Sauces%2C%20Olives%2C%20Pickles%20%26%20Chutney&viewAll=department&page=,£1.10,£0.92/100g DR.WT,,,/groceries/en-GB/products/258193657,https://digitalcontent.api.tesco.com/v2/media/ghs/192b7d16-06b4-4b18-ba04-bb74bbbb46f9/c22e6a35-4572-46e8-933a-b27ddba7cc74_2130217226.jpeg?h=225&w=225,
293425320,Tesco Pitted Green Olives With Red Peppers,https://www.tesco.com/groceries/en-GB/shop/food-cupboard/all?department=Table%20Sauces%2C%20Olives%2C%20Pickles%20%26%20Chutney&viewAll=department&page=,£1.00,£1.43/100g,,,/groceries/en-GB/products/293425320,https://digitalcontent.api.tesco.com/v2/media/ghs/85c929da-3791-4789-ab34-38b860a49275/3e762e5e-6b11-415e-b5b8-9f861e960edc_1766268699.jpeg?h=225&w=225,
280068727,Tesco Cornichons With Chilli 340G,https://www.tesco.com/groceries/en-GB/shop/food-cupboard/all?department=Table%20Sauces%2C%20Olives%2C%20Pickles%20%26%20Chutney&viewAll=department&page=,£1.20,£0.63/100g DR.WT,,,/groceries/en-GB/products/280068727,https://digitalcontent.api.tesco.com/v2/media/ghs/c9ecf736-cb48-41d9-8ccf-aadc6149cc25/3d2c630c-c751-42f3-ade5-395d334ee1be_751189132.jpeg?h=225&w=225,
277972012,Nando's Peri Peri Rub Hot 25G,https://www.tesco.com/groceries/en-GB/shop/food-cupboard/all?department=Table%20Sauces%2C%20Olives%2C%20Pickles%20%26%20Chutney&viewAll=department&page=,£1.00,£40.00/kg,,,/groceries/en-GB/products/277972012,https://digitalcontent.api.tesco.com/v2/media/ghs/860d99c6-9476-4b01-b93f-07e9c150a82b/0addd04d-00a6-4433-8217-17128e46cfad_1251015941.jpeg?h=225&w=225,
300809609,Tesco Finest Chilli Relish 295G,https://www.tesco.com/groceries/en-GB/shop/food-cupboard/all?department=Table%20Sauces%2C%20Olives%2C%20Pickles%20%26%20Chutney&viewAll=department&page=,£1.60,£0.54/100g,,,/groceries/en-GB/products/300809609,https://digitalcontent.api.tesco.com/v2/media/ghs/06439eaf-8364-44c3-9477-331715fc15ae/ee03fd5e-32a0-41c6-9e33-b457d9e5166f_1110138003.jpeg?h=225&w=225,
278770480,Aleyna Sliced Red Jalapeno Peppers 480G,https://www.tesco.com/groceries/en-GB/shop/food-cupboard/all?department=Table%20Sauces%2C%20Olives%2C%20Pickles%20%26%20Chutney&viewAll=department&page=,£1.15,£0.48/100g DR.WT,,,/groceries/en-GB/products/278770480,https://digitalcontent.api.tesco.com/v2/media/ghs/78612b84-0b4c-4836-b317-9c84131388d9/972aed56-d652-4e0b-89e9-c2a5670197a4_785206802.jpeg?h=225&w=225,
293425343,Tesco Pitted Green Olives With Chilli 70G,https://www.tesco.com/groceries/en-GB/shop/food-cupboard/all?department=Table%20Sauces%2C%20Olives%2C%20Pickles%20%26%20Chutney&viewAll=department&page=,£1.00,£1.43/100g,,,/groceries/en-GB/products/293425343,https://digitalcontent.api.tesco.com/v2/media/ghs/05266751-8e97-40b3-98c2-b878afbf10c6/400552c0-1540-4cfd-96b5-95ce7e41d52b_58901990.jpeg?h=225&w=225,
300577342,Tesco Reduced Fat French Dressing 250Ml,https://www.tesco.com/groceries/en-GB/shop/food-cupboard/all?department=Table%20Sauces%2C%20Olives%2C%20Pickles%20%26%20Chutney&viewAll=department&page=,£1.00,£0.40/100ml,,,/groceries/en-GB/products/300577342,https://digitalcontent.api.tesco.com/v2/media/ghs/3229413d-890d-4bac-aff2-12c5c72c1f70/c6a2ea26-9642-4ed9-9923-f1c833bfe44b_620806618.jpeg?h=225&w=225,
276732834,Lee Kum Kee Premium Light Soy Sauce 150Ml,https://www.tesco.com/groceries/en-GB/shop/food-cupboard/all?department=Table%20Sauces%2C%20Olives%2C%20Pickles%20%26%20Chutney&viewAll=department&page=,£1.35,£0.90/100ml,,,/groceries/en-GB/products/276732834,https://digitalcontent.api.tesco.com/v2/media/ghs/d444e6a8-2a31-451e-bd48-2b8d939685b7/33edd087-2f40-4a7a-89a5-6394a05259d9_1873717492.jpeg?h=225&w=225,
300577388,Tesco Low Fat Balsamic Dressing 250Ml,https://www.tesco.com/groceries/en-GB/shop/food-cupboard/all?department=Table%20Sauces%2C%20Olives%2C%20Pickles%20%26%20Chutney&viewAll=department&page=,£1.00,£0.40/100ml,,,/groceries/en-GB/products/300577388,https://digitalcontent.api.tesco.com/v2/media/ghs/8ec4c6c3-b9ec-4644-8fd2-d24a08a74760/732a3d8a-f74c-4aa8-8610-94ebabbfcfd4_350695597.jpeg?h=225&w=225,
256003109,Tesco Sandwich Piccalilli 330G,https://www.tesco.com/groceries/en-GB/shop/food-cupboard/all?department=Table%20Sauces%2C%20Olives%2C%20Pickles%20%26%20Chutney&viewAll=department&page=,£1.03,£0.31/100g,,,/groceries/en-GB/products/256003109,https://digitalcontent.api.tesco.com/v2/media/ghs-mktg/b0b04216-fa73-466d-a9d7-c9fcfa1ce9b3/no-image.jpeg,
305829383,Tesco Reduced Sugar & Salt Ketchup 530G,https://www.tesco.com/groceries/en-GB/shop/food-cupboard/all?department=Table%20Sauces%2C%20Olives%2C%20Pickles%20%26%20Chutney&viewAll=department&page=,£1.00,£0.19/100g,,,/groceries/en-GB/products/305829383,https://digitalcontent.api.tesco.com/v2/media/ghs/d19921d4-6772-4301-bf4f-2fdfbc5411cb/b1e8ffc3-46b6-4792-ad57-6b6ccdd87571_354156545.jpeg?h=225&w=225,
304785319,Belazu Antipasti Roasted Pepper Tapenade 165G,https://www.tesco.com/groceries/en-GB/shop/food-cupboard/all?department=Table%20Sauces%2C%20Olives%2C%20Pickles%20%26%20Chutney&viewAll=department&page=,£3.45,£2.10/100g,,,/groceries/en-GB/products/304785319,https://digitalcontent.api.tesco.com/v2/media/ghs/bce99a79-808b-49c5-a04e-547cf26583c2/265c56b5-0fb7-495a-9413-c399b9785957_116371670.jpeg?h=225&w=225,
268390796,Mary Berrys Light Salad Dressing 235Ml,https://www.tesco.com/groceries/en-GB/shop/food-cupboard/all?department=Table%20Sauces%2C%20Olives%2C%20Pickles%20%26%20Chutney&viewAll=department&page=,£3.15,£1.35/100ml,,,/groceries/en-GB/products/268390796,https://digitalcontent.api.tesco.com/v2/media/ghs/19b017dd-53b8-4a21-b469-ee74bcde5668/8173afae-4603-4db0-87f0-0e2b9ca5a5c6_1965585894.jpeg?h=225&w=225,
308833240,Peppadew Sweet Piquante Mild Whole Peppers 400G,https://www.tesco.com/groceries/en-GB/shop/food-cupboard/all?department=Table%20Sauces%2C%20Olives%2C%20Pickles%20%26%20Chutney&viewAll=department&page=,£3.25,£2.33/100g DR.WT,,,/groceries/en-GB/products/308833240,https://digitalcontent.api.tesco.com/v2/media/ghs/c4db7328-dfb4-4290-81b0-f3cca75dd81c/fb854485-133c-439d-b69d-d032b2c1bbe3_339728962.jpeg?h=225&w=225,
287548143,Nando's Peri Peri Sauce Hot 500G,https://www.tesco.com/groceries/en-GB/shop/food-cupboard/all?department=Table%20Sauces%2C%20Olives%2C%20Pickles%20%26%20Chutney&viewAll=department&page=,£3.90,£0.78/100g,,,/groceries/en-GB/products/287548143,https://digitalcontent.api.tesco.com/v2/media/ghs/ffb3ad25-d729-4069-bd46-6a913f5a378d/c70b1d62-377c-4dc1-b7c7-efa543491fa2_259331593.jpeg?h=225&w=225,
287549194,Nandos Peri-Peri Sauce Lemon & Herb 500G,https://www.tesco.com/groceries/en-GB/shop/food-cupboard/all?department=Table%20Sauces%2C%20Olives%2C%20Pickles%20%26%20Chutney&viewAll=department&page=,£3.90,£0.78/100g,,,/groceries/en-GB/products/287549194,https://digitalcontent.api.tesco.com/v2/media/ghs/5c3be65e-bcba-4be0-9650-9797c891f6f5/db469edf-fca2-478e-b4c3-fb1c5de1ad0e_489195980.jpeg?h=225&w=225,
303843748,Belazu Beldi Preserved Lemons 350G,https://www.tesco.com/groceries/en-GB/shop/food-cupboard/all?department=Table%20Sauces%2C%20Olives%2C%20Pickles%20%26%20Chutney&viewAll=department&page=,£3.15,£1.44/100g,,,/groceries/en-GB/products/303843748,https://digitalcontent.api.tesco.com/v2/media/ghs/ecd4e47b-c8ac-4888-91ba-6e8dddf4d5bc/338b1b07-cc3b-42b6-ad49-cd978243361c_1621185104.jpeg?h=225&w=225,
300832720,Tesco Finest Pitted Halkidiki Olives 210G,https://www.tesco.com/groceries/en-GB/shop/food-cupboard/all?department=Table%20Sauces%2C%20Olives%2C%20Pickles%20%26%20Chutney&viewAll=department&page=,£2.35,£2.48/100g DR.WT,,,/groceries/en-GB/products/300832720,https://digitalcontent.api.tesco.com/v2/media/ghs/db8c16fb-ebc9-46c1-a38e-056cb9aaeb5c/09b5f215-0970-4ac0-b9d1-414d4bd07a9c_325119361.jpeg?h=225&w=225,
313012029,Baxters Kimchi 300G,https://www.tesco.com/groceries/en-GB/shop/food-cupboard/all?department=Table%20Sauces%2C%20Olives%2C%20Pickles%20%26%20Chutney&viewAll=department&page=,£3.50,£1.17/100g,,New,/groceries/en-GB/products/313012029,https://digitalcontent.api.tesco.com/v2/media/ghs/69652198-6232-40d1-8c18-76a1f5049e17/e3b9bbf4-259e-4e50-b685-826c89b8a96f_1625863374.jpeg?h=225&w=225,
304792057,Belazu Roasted Aubergine Mezze 165G,https://www.tesco.com/groceries/en-GB/shop/food-cupboard/all?department=Table%20Sauces%2C%20Olives%2C%20Pickles%20%26%20Chutney&viewAll=department&page=,£2.80,£1.70/100g,,,/groceries/en-GB/products/304792057,https://digitalcontent.api.tesco.com/v2/media/ghs/0ed41ebd-fea1-49af-92cf-ea1396f87204/7adec3da-1da6-4b12-8593-198aa9f73a8e_1765934806.jpeg?h=225&w=225,
307355185,Tesco Pimiento Stuffed Green Olives920g,https://www.tesco.com/groceries/en-GB/shop/food-cupboard/all?department=Table%20Sauces%2C%20Olives%2C%20Pickles%20%26%20Chutney&viewAll=department&page=,£2.65,£0.45/100g DR.WT,,,/groceries/en-GB/products/307355185,https://digitalcontent.api.tesco.com/v2/media/ghs/349b7569-1214-4536-a167-7f28d6ba0994/b537f7c6-833a-4577-93ae-4e8b8e574681_2019168003.jpeg?h=225&w=225,
252745216,Nandos Hot Peri Peri Sauce 125G,https://www.tesco.com/groceries/en-GB/shop/food-cupboard/all?department=Table%20Sauces%2C%20Olives%2C%20Pickles%20%26%20Chutney&viewAll=department&page=,£2.00,£1.60/100g,,,/groceries/en-GB/products/252745216,https://digitalcontent.api.tesco.com/v2/media/ghs/8f9bf4b8-3dc8-47b3-b278-b0a516a1cc18/85b14d18-079e-47a2-860e-88fb1c2f4074_1476889866.jpeg?h=225&w=225,
278149364,Nandos Peri Peri Sauce Lemon & Herb 125G,https://www.tesco.com/groceries/en-GB/shop/food-cupboard/all?department=Table%20Sauces%2C%20Olives%2C%20Pickles%20%26%20Chutney&viewAll=department&page=,£2.00,£1.60/100g,,,/groceries/en-GB/products/278149364,https://digitalcontent.api.tesco.com/v2/media/ghs/0a5adfc9-cad8-4b12-bffb-252d754afef6/e22e2d33-4afe-4ead-bc46-c2e4d32159e0_1711416429.jpeg?h=225&w=225,
273235765,Tesco Finest Bearnaise Sauce 165G,https://www.tesco.com/groceries/en-GB/shop/food-cupboard/all?department=Table%20Sauces%2C%20Olives%2C%20Pickles%20%26%20Chutney&viewAll=department&page=,£1.85,£1.13/100g,,,/groceries/en-GB/products/273235765,https://digitalcontent.api.tesco.com/v2/media/ghs/1d1368d6-8eef-4ecb-8941-c3eb82058379/5249113d-627e-4ff3-bd89-2a0ff1c471ee_1010711397.jpeg?h=225&w=225,
266988097,Levi Roots Reggae Sauce 490G,https://www.tesco.com/groceries/en-GB/shop/food-cupboard/all?department=Table%20Sauces%2C%20Olives%2C%20Pickles%20%26%20Chutney&viewAll=department&page=,£2.90,£0.59/100g,,,/groceries/en-GB/products/266988097,https://digitalcontent.api.tesco.com/v2/media/ghs/f50fec95-8a39-4142-965d-5ef3f358a9ad/af119179-4375-483d-9187-78ba867899c4_1811213957.jpeg?h=225&w=225,
261961332,Nando's Garlic Peri Peri Sauce 125G,https://www.tesco.com/groceries/en-GB/shop/food-cupboard/all?department=Table%20Sauces%2C%20Olives%2C%20Pickles%20%26%20Chutney&viewAll=department&page=,£2.00,£1.60/100g,,,/groceries/en-GB/products/261961332,https://digitalcontent.api.tesco.com/v2/media/ghs/4fdc53e2-416c-45c6-bd0b-447b45d70c15/15c4ddbb-c341-44ec-8ebe-b79a68f352d8_1084938515.jpeg?h=225&w=225,
260195848,Cardini Caesar Dressing 250Ml,https://www.tesco.com/groceries/en-GB/shop/food-cupboard/all?department=Table%20Sauces%2C%20Olives%2C%20Pickles%20%26%20Chutney&viewAll=department&page=,£2.15,£0.86/100ml,,,/groceries/en-GB/products/260195848,https://digitalcontent.api.tesco.com/v2/media/ghs/0a572607-a3c1-4e7b-9e5b-aa6da90d0f34/59006b4b-4da0-4c3f-ac0c-b6996b0a5376_503517443.jpeg?h=225&w=225,
252756439,Pizza Express House Salad Dressing 235Ml,https://www.tesco.com/groceries/en-GB/shop/food-cupboard/all?department=Table%20Sauces%2C%20Olives%2C%20Pickles%20%26%20Chutney&viewAll=department&page=,£2.30,£0.98/100ml,,,/groceries/en-GB/products/252756439,https://digitalcontent.api.tesco.com/v2/media/ghs/4bffe6dc-32ef-4fb1-9d9d-b57c65a072e2/22b969c5-f057-4ee3-aa08-59399dc4f350_1376840077.jpeg?h=225&w=225,
287000630,Cholula Chipotle Hot Sauce 150Ml,https://www.tesco.com/groceries/en-GB/shop/food-cupboard/all?department=Table%20Sauces%2C%20Olives%2C%20Pickles%20%26%20Chutney&viewAll=department&page=,£1.90,£1.27/100ml,,,/groceries/en-GB/products/287000630,https://digitalcontent.api.tesco.com/v2/media/ghs/15251828-0408-4fe5-8933-7459f5e0341e/d8e37f2b-0733-4404-a6b7-d3ef0d4fef47_425483.jpeg?h=225&w=225,
282224131,Maggi Hot & Sweet Tomato Chilli Sauce 400G,https://www.tesco.com/groceries/en-GB/shop/food-cupboard/all?department=Table%20Sauces%2C%20Olives%2C%20Pickles%20%26%20Chutney&viewAll=department&page=,£2.25,£0.56/100g,,,/groceries/en-GB/products/282224131,https://digitalcontent.api.tesco.com/v2/media/ghs/1d902924-002a-49ca-b727-9a75d8e230c4/a7d3dea3-7237-494a-a9a3-52a4fe899b76_1681309253.jpeg?h=225&w=225,
264353212,Crespo Pitted Green Olives 354G,https://www.tesco.com/groceries/en-GB/shop/food-cupboard/all?department=Table%20Sauces%2C%20Olives%2C%20Pickles%20%26%20Chutney&viewAll=department&page=,£1.55,£0.97/100g DR.WT,,,/groceries/en-GB/products/264353212,https://digitalcontent.api.tesco.com/v2/media/ghs/69d39b5a-c667-4fc4-be80-f69318cc9eea/794c06ca-9c50-425f-9572-971059a69c75_1775477298.jpeg?h=225&w=225,
302290889,Tiptree Mango Chutney 220G,https://www.tesco.com/groceries/en-GB/shop/food-cupboard/all?department=Table%20Sauces%2C%20Olives%2C%20Pickles%20%26%20Chutney&viewAll=department&page=,£2.40,£1.10/100g,,,/groceries/en-GB/products/302290889,https://digitalcontent.api.tesco.com/v2/media/ghs/254e36be-b107-47c5-9bf4-72fe98ee7242/3722b5b7-4d44-4c86-b4e3-0bcd5b4ee511_530092690.jpeg?h=225&w=225,
254886126,Opies Pickled Walnuts 390G,https://www.tesco.com/groceries/en-GB/shop/food-cupboard/all?department=Table%20Sauces%2C%20Olives%2C%20Pickles%20%26%20Chutney&viewAll=department&page=,£3.00,£1.77/100g DR.WT,,,/groceries/en-GB/products/254886126,https://digitalcontent.api.tesco.com/v2/media/ghs/0d98e9aa-4ac6-480a-8f8f-6e8c7704a34a/34b9499a-0164-45ea-a075-a55f7beb0e06_298542765.jpeg?h=225&w=225,
293425268,Fragataselection Anchovy Stuffed Olives 350G,https://www.tesco.com/groceries/en-GB/shop/food-cupboard/all?department=Table%20Sauces%2C%20Olives%2C%20Pickles%20%26%20Chutney&viewAll=department&page=,£1.65,£1.10/100g DR.WT,,,/groceries/en-GB/products/293425268,https://digitalcontent.api.tesco.com/v2/media/ghs/72eac17d-3cfe-4177-a1f1-b8c008117d26/d97b78a4-bbec-49ce-9dbd-6d1488e7b52a_48743800.jpeg?h=225&w=225,
254865975,Encona West Indian Hot Pepper Sauce 142Ml,https://www.tesco.com/groceries/en-GB/shop/food-cupboard/all?department=Table%20Sauces%2C%20Olives%2C%20Pickles%20%26%20Chutney&viewAll=department&page=,£1.50,£1.06/100ml,,,/groceries/en-GB/products/254865975,https://digitalcontent.api.tesco.com/v2/media/ghs/a2601b2f-d6e7-4b3d-8f73-c5b302f16255/8ebbc9da-448b-4e2f-8d04-f38db0ae86dd_500949593.jpeg?h=225&w=225,
311793535,Heinz Turkish Style Garlic Sauce 420G,https://www.tesco.com/groceries/en-GB/shop/food-cupboard/all?department=Table%20Sauces%2C%20Olives%2C%20Pickles%20%26%20Chutney&viewAll=department&page=,£2.30,£0.55/100g,,New,/groceries/en-GB/products/311793535,https://digitalcontent.api.tesco.com/v2/media/ghs/109f4711-04ce-4dd5-9ecf-27578dd179db/66fe77f2-a86e-4f89-a239-d98ea524801e_1982898701.jpeg?h=225&w=225,
306810149,Tesco Finest Blue Cheese Dressing 220Ml,https://www.tesco.com/groceries/en-GB/shop/food-cupboard/all?department=Table%20Sauces%2C%20Olives%2C%20Pickles%20%26%20Chutney&viewAll=department&page=,£1.95,£0.87/100ml,,,/groceries/en-GB/products/306810149,https://digitalcontent.api.tesco.com/v2/media/ghs/0da0a97c-e0cc-4c64-976d-014564b8790d/1c5f8a20-4419-48f4-92eb-013b5c745321_1520393738.jpeg?h=225&w=225,
274067392,Cooks & Co Green Chillies 300G,https://www.tesco.com/groceries/en-GB/shop/food-cupboard/all?department=Table%20Sauces%2C%20Olives%2C%20Pickles%20%26%20Chutney&viewAll=department&page=,£1.80,£1.20/100g DR.WT,,,/groceries/en-GB/products/274067392,https://digitalcontent.api.tesco.com/v2/media/ghs/63cdd211-4b89-49d7-b332-b70f8b994335/77a18393-87d8-4282-85a6-8dcd26dd8418_2052089347.jpeg?h=225&w=225,
285648794,Cypressa Stuffed Vine Leaves With Rice & Herbs 280G,https://www.tesco.com/groceries/en-GB/shop/food-cupboard/all?department=Table%20Sauces%2C%20Olives%2C%20Pickles%20%26%20Chutney&viewAll=department&page=,£2.00,£0.72/100g,,,/groceries/en-GB/products/285648794,https://digitalcontent.api.tesco.com/v2/media/ghs/ddf0cf38-c185-4761-91bb-828310c5e430/b110e941-c7fe-4499-864b-b8563d29b1d1_731099126.jpeg?h=225&w=225,
311949675,Heinz Seriously Good Vegan Mayonnaise 775G,https://www.tesco.com/groceries/en-GB/shop/food-cupboard/all?department=Table%20Sauces%2C%20Olives%2C%20Pickles%20%26%20Chutney&viewAll=department&page=,£3.30,£0.43/100g,,,/groceries/en-GB/products/311949675,https://digitalcontent.api.tesco.com/v2/media/ghs/ba6c2bc0-9c05-4f4c-a3ed-10053a9c46f1/4fd516ab-9a08-4dfb-820b-a1f6c1000f8b_743117520.jpeg?h=225&w=225,
307740754,Fragata Manzanilla Olive With Jalapeno 350G,https://www.tesco.com/groceries/en-GB/shop/food-cupboard/all?department=Table%20Sauces%2C%20Olives%2C%20Pickles%20%26%20Chutney&viewAll=department&page=,£1.65,£1.10/100g DR.WT,,,/groceries/en-GB/products/307740754,https://digitalcontent.api.tesco.com/v2/media/ghs/c28f0a61-190f-4826-8cc0-274f1afa4376/fd0f42b3-6b22-4b39-8024-d209020f4dfd_1555678046.jpeg?h=225&w=225,
256017387,Opies Lemon Slices 350G,https://www.tesco.com/groceries/en-GB/shop/food-cupboard/all?department=Table%20Sauces%2C%20Olives%2C%20Pickles%20%26%20Chutney&viewAll=department&page=,£1.75,£1.03/100g DR.WT,,,/groceries/en-GB/products/256017387,https://digitalcontent.api.tesco.com/v2/media/ghs/fdabc117-373a-401d-a34b-ea0df313c6b4/1db5d3c8-780f-47f4-b1dc-246ac7f83484_1116492507.jpeg?h=225&w=225,
307741131,Fragata Stoneless Olives & Garlic Puree 350G,https://www.tesco.com/groceries/en-GB/shop/food-cupboard/all?department=Table%20Sauces%2C%20Olives%2C%20Pickles%20%26%20Chutney&viewAll=department&page=,£1.65,£1.10/100g DR.WT,,,/groceries/en-GB/products/307741131,https://digitalcontent.api.tesco.com/v2/media/ghs/5eb8ecb5-501c-4950-9224-f96ebea02aa3/7266e46e-4ce5-4dc5-8540-7fee59da8d87_437001346.jpeg?h=225&w=225,
305250058,Nando's Vegan Perinaise Peri Peri Mayonnaise 265G,https://www.tesco.com/groceries/en-GB/shop/food-cupboard/all?department=Table%20Sauces%2C%20Olives%2C%20Pickles%20%26%20Chutney&viewAll=department&page=,£2.00,£0.76/100g,,,/groceries/en-GB/products/305250058,https://digitalcontent.api.tesco.com/v2/media/ghs/05eaa049-8c72-4c0f-8dc6-579b531aa161/9c63801f-d9cc-41e6-b8e6-73b817d66483_1198082811.jpeg?h=225&w=225,
309184130,Pizza Express Sweet & Smoky Bbq Pizza Dipping Sauce 288G,https://www.tesco.com/groceries/en-GB/shop/food-cupboard/all?department=Table%20Sauces%2C%20Olives%2C%20Pickles%20%26%20Chutney&viewAll=department&page=,£2.00,£0.70/100g,,,/groceries/en-GB/products/309184130,https://digitalcontent.api.tesco.com/v2/media/ghs/b0b4272f-1c59-45db-b340-d115d4e27d40/09bb6c78-e6be-4a1d-a26c-bab09e8d16fe_1822032875.jpeg?h=225&w=225,
282243091,Fragata Snack 'N Green Olives With Pinch Of Lemon 70G,https://www.tesco.com/groceries/en-GB/shop/food-cupboard/all?department=Table%20Sauces%2C%20Olives%2C%20Pickles%20%26%20Chutney&viewAll=department&page=,£1.10,£1.58/100g,,,/groceries/en-GB/products/282243091,https://digitalcontent.api.tesco.com/v2/media/ghs/9619a618-5693-4b91-a1b9-07eacc5674af/7494108b-b95d-49cc-98fc-d037dfb3424f_1172968791.jpeg?h=225&w=225,
309468289,Epicure Classic Pickle Spears Sweet & Sour 670G,https://www.tesco.com/groceries/en-GB/shop/food-cupboard/all?department=Table%20Sauces%2C%20Olives%2C%20Pickles%20%26%20Chutney&viewAll=department&page=,£2.10,£0.58/100g DR.WT,£1.50 Clubcard Price,,/groceries/en-GB/products/309468289,https://digitalcontent.api.tesco.com/v2/media/ghs/a9b2d4b2-faf6-4bed-a88f-a134cb672810/704d292e-afb6-4ebf-89cc-64d4b1b22ac0_2000914550.jpeg?h=225&w=225,
250578751,Crespo Olives With Chilli Pepper 70G,https://www.tesco.com/groceries/en-GB/shop/food-cupboard/all?department=Table%20Sauces%2C%20Olives%2C%20Pickles%20%26%20Chutney&viewAll=department&page=,£1.05,£1.50/100g,80p Clubcard Price,,/groceries/en-GB/products/250578751,https://digitalcontent.api.tesco.com/v2/media/ghs/15e77dc6-16d7-4ed3-88a8-cd0c377a03ab/caf03261-763d-400b-b088-8e992053ffc5_1603188973.jpeg?h=225&w=225,
308461967,Tesco Fire Pit Sweet Pickled Red Onions 340G,https://www.tesco.com/groceries/en-GB/shop/food-cupboard/all?department=Table%20Sauces%2C%20Olives%2C%20Pickles%20%26%20Chutney&viewAll=department&page=,£1.30,£0.83/100g DR.WT,,,/groceries/en-GB/products/308461967,https://digitalcontent.api.tesco.com/v2/media/ghs/a268426c-ae10-49ff-90b4-0810190e4dd4/8ccbc4b9-bdc5-4a15-a192-6a26009802e1_754103800.jpeg?h=225&w=225,
287549390,Nando's Coat & Cook Medium 120G,https://www.tesco.com/groceries/en-GB/shop/food-cupboard/all?department=Table%20Sauces%2C%20Olives%2C%20Pickles%20%26%20Chutney&viewAll=department&page=,£1.00,£0.83/100g,,,/groceries/en-GB/products/287549390,https://digitalcontent.api.tesco.com/v2/media/ghs/4ef91b66-7656-47a0-b921-041a331e1aac/07691a9b-5e30-4d01-8cf8-ee8a990bbaa1_148917698.jpeg?h=225&w=225,
310685014,Tesco Coronation Mayonnaise 280G,https://www.tesco.com/groceries/en-GB/shop/food-cupboard/all?department=Table%20Sauces%2C%20Olives%2C%20Pickles%20%26%20Chutney&viewAll=department&page=,£1.00,£0.36/100g,,,/groceries/en-GB/products/310685014,https://digitalcontent.api.tesco.com/v2/media/ghs/663c5673-ce34-43ec-b997-a619643d9284/3e3727b0-1dce-4a8b-aff5-b2a433bfc0c4_262223213.jpeg?h=225&w=225,
259312128,Jamaicas Pride Hot Pepper Sauce 85Ml,https://www.tesco.com/groceries/en-GB/shop/food-cupboard/all?department=Table%20Sauces%2C%20Olives%2C%20Pickles%20%26%20Chutney&viewAll=department&page=,£0.60,£0.71/100ml,,,/groceries/en-GB/products/259312128,https://digitalcontent.api.tesco.com/v2/media/ghs-mktg/b0b04216-fa73-466d-a9d7-c9fcfa1ce9b3/no-image.jpeg,
303010421,Cooks & Co Dried Mixed Forest Mushrooms 40G,https://www.tesco.com/groceries/en-GB/shop/food-cupboard/all?department=Table%20Sauces%2C%20Olives%2C%20Pickles%20%26%20Chutney&viewAll=department&page=,£3.35,£8.38/100g,,,/groceries/en-GB/products/303010421,https://digitalcontent.api.tesco.com/v2/media/ghs/0d1b2b26-e364-43be-97d2-e415d9aaf689/31d11e1d-fa07-4a50-8724-11a43a6cb506_2128228627.jpeg?h=225&w=225,
263979084,Mary Berrys Salad Dressing 235Ml,https://www.tesco.com/groceries/en-GB/shop/food-cupboard/all?department=Table%20Sauces%2C%20Olives%2C%20Pickles%20%26%20Chutney&viewAll=department&page=,£3.15,£1.35/100ml,,,/groceries/en-GB/products/263979084,https://digitalcontent.api.tesco.com/v2/media/ghs/0714c759-e69c-407a-a4f6-643a410a0ad6/509b93f2-e140-43ce-9f76-87424941be88_996831656.jpeg?h=225&w=225,
301957087,Biona Organic Kimchi 350G,https://www.tesco.com/groceries/en-GB/shop/food-cupboard/all?department=Table%20Sauces%2C%20Olives%2C%20Pickles%20%26%20Chutney&viewAll=department&page=,£4.00,£1.82/100g DR.WT,,,/groceries/en-GB/products/301957087,https://digitalcontent.api.tesco.com/v2/media/ghs/f7990eb4-051c-47d6-9f3d-f6d35c313d8c/9e840b5c-96e5-4e11-aa23-fd6413375885_1955890778.jpeg?h=225&w=225,
308467241,Peppadew Sweet Piquante Hot Whole Peppers 400G,https://www.tesco.com/groceries/en-GB/shop/food-cupboard/all?department=Table%20Sauces%2C%20Olives%2C%20Pickles%20%26%20Chutney&viewAll=department&page=,£3.25,£2.33/100g DR.WT,,,/groceries/en-GB/products/308467241,https://digitalcontent.api.tesco.com/v2/media/ghs/ae3a31fa-9ea7-4716-95a3-336b25be8a2a/ab92fa92-b5c5-4a9f-a80f-9e1b43461ded_1281324174.jpeg?h=225&w=225,
305965324,Nando's Peri Peri Garlic Sauce 500G,https://www.tesco.com/groceries/en-GB/shop/food-cupboard/all?department=Table%20Sauces%2C%20Olives%2C%20Pickles%20%26%20Chutney&viewAll=department&page=,£3.90,£0.78/100g,,,/groceries/en-GB/products/305965324,https://digitalcontent.api.tesco.com/v2/media/ghs/9410ebee-1b2e-4b05-9408-352603ab5c43/2537d303-55f2-4008-952a-f911056eee87_1790323024.jpeg?h=225&w=225,
306799997,Hellmann's Organic Mayonnaise 270G,https://www.tesco.com/groceries/en-GB/shop/food-cupboard/all?department=Table%20Sauces%2C%20Olives%2C%20Pickles%20%26%20Chutney&viewAll=department&page=,£3.00,£1.12/100g,,,/groceries/en-GB/products/306799997,https://digitalcontent.api.tesco.com/v2/media/ghs/488dd1cf-93ea-4672-aa0e-73be7702fad0/0036c7f0-7376-4290-bd76-c4da0d765eed_1612388016.jpeg?h=225&w=225,
279717203,Tesco Mushroom Antipasti 285G,https://www.tesco.com/groceries/en-GB/shop/food-cupboard/all?department=Table%20Sauces%2C%20Olives%2C%20Pickles%20%26%20Chutney&viewAll=department&page=,£2.80,£1.48/100g DR.WT,,,/groceries/en-GB/products/279717203,https://digitalcontent.api.tesco.com/v2/media/ghs/bdd75f53-8961-4d59-b9e0-370ad89656c3/snapshotimagehandler_537048653.jpeg?h=225&w=225,
307358994,Tesco Finest Semi Dried Cherry Tomatoes 285G,https://www.tesco.com/groceries/en-GB/shop/food-cupboard/all?department=Table%20Sauces%2C%20Olives%2C%20Pickles%20%26%20Chutney&viewAll=department&page=,£3.15,£1.75/100g DR.WT,,,/groceries/en-GB/products/307358994,https://digitalcontent.api.tesco.com/v2/media/ghs/5df6ba5c-e42b-46f1-8533-244e3574ce29/dc0998b5-26be-419e-91e1-d02267c04d24_541684510.jpeg?h=225&w=225,
280333045,Sweet Baby Rays Bbq Sauce Honey 510G,https://www.tesco.com/groceries/en-GB/shop/food-cupboard/all?department=Table%20Sauces%2C%20Olives%2C%20Pickles%20%26%20Chutney&viewAll=department&page=,£3.45,£0.68/100g,,,/groceries/en-GB/products/280333045,https://digitalcontent.api.tesco.com/v2/media/ghs/0aea3b17-35ee-47ac-960b-6d73a24b0fd4/72252af3-d75c-4b03-b0e2-a626427e4f75_1285558692.jpeg?h=225&w=225,
284932948,Garners Pickled Cabbage 454G,https://www.tesco.com/groceries/en-GB/shop/food-cupboard/all?department=Table%20Sauces%2C%20Olives%2C%20Pickles%20%26%20Chutney&viewAll=department&page=,£3.50,£1.85/100g DR.WT,£2.50 Clubcard Price,,/groceries/en-GB/products/284932948,https://digitalcontent.api.tesco.com/v2/media/ghs/2d06c965-804b-484b-806e-13eb951e139d/13beb720-786f-46f8-8eaf-16f561eaebdc_123481944.jpeg?h=225&w=225,
300832668,Tesco Finest Garlic Stuffed Olives 210G,https://www.tesco.com/groceries/en-GB/shop/food-cupboard/all?department=Table%20Sauces%2C%20Olives%2C%20Pickles%20%26%20Chutney&viewAll=department&page=,£2.35,£2.24/100g DR.WT,,,/groceries/en-GB/products/300832668,https://digitalcontent.api.tesco.com/v2/media/ghs/1d2d6e32-38dd-4655-bd9a-6014741864ea/36f33f38-4bb7-432c-b9af-f56818787048_1613958544.jpeg?h=225&w=225,
300832743,Tesco Finest Nocellara Olives 200G,https://www.tesco.com/groceries/en-GB/shop/food-cupboard/all?department=Table%20Sauces%2C%20Olives%2C%20Pickles%20%26%20Chutney&viewAll=department&page=,£2.35,£1.96/100g DR.WT,,,/groceries/en-GB/products/300832743,https://digitalcontent.api.tesco.com/v2/media/ghs/ae0e95fb-b91b-4622-b513-5cbdfc95026b/c1437ad7-3a4b-45d0-bd8a-e83baf5c74d5_1588175375.jpeg?h=225&w=225,
282223823,Maggi Chilli Sauce With Garlic 305G,https://www.tesco.com/groceries/en-GB/shop/food-cupboard/all?department=Table%20Sauces%2C%20Olives%2C%20Pickles%20%26%20Chutney&viewAll=department&page=,£2.25,£0.74/100g,,,/groceries/en-GB/products/282223823,https://digitalcontent.api.tesco.com/v2/media/ghs/0ac543a6-2933-4fbe-b7f3-0455e4d7935b/5882e952-f29d-4e15-9ce3-9fd6843f6d9f_1056067874.jpeg?h=225&w=225,
293397254,Cooks & Co Sweety Drop Peppers 235G,https://www.tesco.com/groceries/en-GB/shop/food-cupboard/all?department=Table%20Sauces%2C%20Olives%2C%20Pickles%20%26%20Chutney&viewAll=department&page=,£2.60,£1.74/100g DR.WT,,,/groceries/en-GB/products/293397254,https://digitalcontent.api.tesco.com/v2/media/ghs/b35648d9-93f0-47d4-8180-f42bcf9289d6/e33abef3-8f95-44c0-bdd5-b904d79054a1_329618465.jpeg?h=225&w=225,
303719469,Pizza Express Vegan House Light Dressing 235Ml,https://www.tesco.com/groceries/en-GB/shop/food-cupboard/all?department=Table%20Sauces%2C%20Olives%2C%20Pickles%20%26%20Chutney&viewAll=department&page=,£2.30,£0.98/100ml,,,/groceries/en-GB/products/303719469,https://digitalcontent.api.tesco.com/v2/media/ghs/69d3a8d9-625e-47c0-a188-f71f8429f1a2/419fae03-b7a7-423d-b476-f5c2e15f6fe2_1916317460.jpeg?h=225&w=225,
251310502,Tabasco Mild Green Pepper Sauce 57Ml,https://www.tesco.com/groceries/en-GB/shop/food-cupboard/all?department=Table%20Sauces%2C%20Olives%2C%20Pickles%20%26%20Chutney&viewAll=department&page=,£2.50,£4.39/100ml,,,/groceries/en-GB/products/251310502,https://digitalcontent.api.tesco.com/v2/media/ghs/f4744c8f-033c-4293-b218-71c3148eb0db/4f73a379-cead-46f8-b67a-d07be32e2d25_1673037522.jpeg?h=225&w=225,
308828114,Nandos Piri Peri Marinade Lemon & Herb 260G,https://www.tesco.com/groceries/en-GB/shop/food-cupboard/all?department=Table%20Sauces%2C%20Olives%2C%20Pickles%20%26%20Chutney&viewAll=department&page=,£2.30,£0.88/100g,,,/groceries/en-GB/products/308828114,https://digitalcontent.api.tesco.com/v2/media/ghs/f5aa97ad-a3a5-4fa7-affa-bdfcdce1180e/0cd57e0d-9f9e-4698-af53-b46af822fad7_260752714.jpeg?h=225&w=225,
251225471,Geo Watkins Mushroom Ketchup 190Ml,https://www.tesco.com/groceries/en-GB/shop/food-cupboard/all?department=Table%20Sauces%2C%20Olives%2C%20Pickles%20%26%20Chutney&viewAll=department&page=,£1.90,£1.00/100ml,,,/groceries/en-GB/products/251225471,https://digitalcontent.api.tesco.com/v2/media/ghs/a27f2e51-18b6-444b-8f3a-1bc4b4465130/2ca589ab-9611-4e62-addf-079e5cb677e0_1071566723.jpeg?h=225&w=225,
261964507,Tiptree Hot Gooseberry Chutney 230G,https://www.tesco.com/groceries/en-GB/shop/food-cupboard/all?department=Table%20Sauces%2C%20Olives%2C%20Pickles%20%26%20Chutney&viewAll=department&page=,£2.40,£1.05/100g,,,/groceries/en-GB/products/261964507,https://digitalcontent.api.tesco.com/v2/media/ghs/ecd26592-7814-4b29-8d17-6205841ef4ef/7814235e-c14c-4ab0-b729-2b22a602a72f_188323631.jpeg?h=225&w=225,
254851818,Encona Original Hot Pepper Sauce 285Ml,https://www.tesco.com/groceries/en-GB/shop/food-cupboard/all?department=Table%20Sauces%2C%20Olives%2C%20Pickles%20%26%20Chutney&viewAll=department&page=,£2.00,£0.70/100ml,,,/groceries/en-GB/products/254851818,https://digitalcontent.api.tesco.com/v2/media/ghs/1390b775-91b8-40f8-97bb-3b7b873e0a7c/7b9f06dc-001e-4bd6-a300-8b8387f2cd26_682014134.jpeg?h=225&w=225,
287873811,Tiptree Ploughmans Plum Chutney 210G,https://www.tesco.com/groceries/en-GB/shop/food-cupboard/all?department=Table%20Sauces%2C%20Olives%2C%20Pickles%20%26%20Chutney&viewAll=department&page=,£2.40,£1.15/100g,,,/groceries/en-GB/products/287873811,https://digitalcontent.api.tesco.com/v2/media/ghs/c4539594-ee41-4ef6-bf21-fc71d0a70abf/9da64f43-463c-46fd-a5cf-f92246817326_1755254464.jpeg?h=225&w=225,
307753088,Heinz Vegan Salad Cream 435G,https://www.tesco.com/groceries/en-GB/shop/food-cupboard/all?department=Table%20Sauces%2C%20Olives%2C%20Pickles%20%26%20Chutney&viewAll=department&page=,£2.90,£0.67/100g,,,/groceries/en-GB/products/307753088,https://digitalcontent.api.tesco.com/v2/media/ghs/d96930fb-b371-449d-a236-5033e3107aaa/af398f6a-fd4e-4fdd-9ec6-72c836f9fff2_94741605.jpeg?h=225&w=225,
304796335,Thai Dragon Srirachi Chilli Mayonnaise Sauce 200Ml,https://www.tesco.com/groceries/en-GB/shop/food-cupboard/all?department=Table%20Sauces%2C%20Olives%2C%20Pickles%20%26%20Chutney&viewAll=department&page=,£1.90,£0.95/100ml,,,/groceries/en-GB/products/304796335,https://digitalcontent.api.tesco.com/v2/media/ghs/6a5cfaec-8189-4528-b409-bf367543c80e/b249b22b-facd-4879-9c2c-50b41448cbbd_1668725029.jpeg?h=225&w=225,
296231855,Encona Carolina Reaper Chilli 142Ml,https://www.tesco.com/groceries/en-GB/shop/food-cupboard/all?department=Table%20Sauces%2C%20Olives%2C%20Pickles%20%26%20Chutney&viewAll=department&page=,£1.50,£1.06/100ml,,,/groceries/en-GB/products/296231855,https://digitalcontent.api.tesco.com/v2/media/ghs/fbe7ea66-d9e8-49bc-bb38-ea9fa6b0d469/ccb4f64f-9dab-4757-b959-0dd211ba9dcf_634522726.jpeg?h=225&w=225,
312341188,Heinz Vegan Seriously Good Mayonnaise 390G,https://www.tesco.com/groceries/en-GB/shop/food-cupboard/all?department=Table%20Sauces%2C%20Olives%2C%20Pickles%20%26%20Chutney&viewAll=department&page=,£2.90,£0.74/100g,,,/groceries/en-GB/products/312341188,https://digitalcontent.api.tesco.com/v2/media/ghs/4a501c2d-629c-4c73-b24e-dc36ccebf10b/b2d194f7-cf51-42cd-b140-60121f09b2ba_314433320.jpeg?h=225&w=225,
271638689,Dawtona Swedish Salad 500G,https://www.tesco.com/groceries/en-GB/shop/food-cupboard/all?department=Table%20Sauces%2C%20Olives%2C%20Pickles%20%26%20Chutney&viewAll=department&page=,£1.60,£0.68/100g DR.WT,,,/groceries/en-GB/products/271638689,https://digitalcontent.api.tesco.com/v2/media/ghs/6e8ce142-1713-41b1-a522-97d9e3d65db6/c4f9d5c3-a8f6-4156-9247-7c7216115f88_440736021.jpeg?h=225&w=225,
303760264,Geeta's Premium Lime & Chilli Chutney 230G,https://www.tesco.com/groceries/en-GB/shop/food-cupboard/all?department=Table%20Sauces%2C%20Olives%2C%20Pickles%20%26%20Chutney&viewAll=department&page=,£1.90,£0.83/100g,,,/groceries/en-GB/products/303760264,https://digitalcontent.api.tesco.com/v2/media/ghs/2a918164-bc26-4c7c-8bf8-34e196e32220/38c2efb5-c36b-4e90-8219-77cbc6b213c9_1996862208.jpeg?h=225&w=225,
292275452,Reds Unholy Bbq Sauce 320G,https://www.tesco.com/groceries/en-GB/shop/food-cupboard/all?department=Table%20Sauces%2C%20Olives%2C%20Pickles%20%26%20Chutney&viewAll=department&page=,£2.00,£0.62/100g,,,/groceries/en-GB/products/292275452,https://digitalcontent.api.tesco.com/v2/media/ghs/eefc6df5-a2b5-46ad-8f8d-096fbb7cbf18/564689af-bc8d-4fa7-aad6-9504f1a72c09_1028019568.jpeg?h=225&w=225,
307735277,Fragata Stoneless Manzanilla Olives Filled With Lemon 350G,https://www.tesco.com/groceries/en-GB/shop/food-cupboard/all?department=Table%20Sauces%2C%20Olives%2C%20Pickles%20%26%20Chutney&viewAll=department&page=,£1.65,£1.10/100g DR.WT,,,/groceries/en-GB/products/307735277,https://digitalcontent.api.tesco.com/v2/media/ghs/2320895a-4de6-4dc0-955d-3414358b0b97/bfa313a7-30da-41cd-bcfc-60cd37d32ac1_2126679871.jpeg?h=225&w=225,
301064164,Yutaka Organic Tamari Soy Sauce Gluten Free 150Ml,https://www.tesco.com/groceries/en-GB/shop/food-cupboard/all?department=Table%20Sauces%2C%20Olives%2C%20Pickles%20%26%20Chutney&viewAll=department&page=,£2.25,£1.50/100ml,,,/groceries/en-GB/products/301064164,https://digitalcontent.api.tesco.com/v2/media/ghs/44cbd944-d8cf-4e04-bf46-5e2b287b6c02/6cd9d487-9517-4ef5-ba87-35dec404e70b_227302290.jpeg?h=225&w=225,
309485809,Hellmann's Squeezy Cheese Sauce 250G,https://www.tesco.com/groceries/en-GB/shop/food-cupboard/all?department=Table%20Sauces%2C%20Olives%2C%20Pickles%20%26%20Chutney&viewAll=department&page=,£2.50,£1.00/100g,,,/groceries/en-GB/products/309485809,https://digitalcontent.api.tesco.com/v2/media/ghs/c3ab95c3-aa3c-457b-99ad-89ef9e43222d/a2ff17dd-acd1-4bec-b454-07fef2cc8d71_1131399050.jpeg?h=225&w=225,
300770619,Tesco Finest Balsamic Dressing Of Modena 225Ml,https://www.tesco.com/groceries/en-GB/shop/food-cupboard/all?department=Table%20Sauces%2C%20Olives%2C%20Pickles%20%26%20Chutney&viewAll=department&page=,£1.95,£0.87/100ml,,,/groceries/en-GB/products/300770619,https://digitalcontent.api.tesco.com/v2/media/ghs/e619c911-4f5b-4ae9-8da0-0f8d0ac435ee/62c6f9f4-fc61-4280-ac3a-3889d81d28ba_588322616.jpeg?h=225&w=225,
303106209,Mcgerty Caramelised Onion Relish 110G,https://www.tesco.com/groceries/en-GB/shop/food-cupboard/all?department=Table%20Sauces%2C%20Olives%2C%20Pickles%20%26%20Chutney&viewAll=department&page=,£1.80,£1.64/100g,Any 2 for £2.50 Clubcard Price - Selected Cheese Accompaniments 70g - 150g,,/groceries/en-GB/products/303106209,https://digitalcontent.api.tesco.com/v2/media/ghs/e98fbcdf-3a6c-481b-befb-5580b3c57df4/145feb86-6983-4422-9700-5a28d900882c_453774577.jpeg?h=225&w=225,
309766369,Epicure Original Whole Pickles Plus Dill & Red Pepper 970G,https://www.tesco.com/groceries/en-GB/shop/food-cupboard/all?department=Table%20Sauces%2C%20Olives%2C%20Pickles%20%26%20Chutney&viewAll=department&page=,£2.60,£0.49/100g DR.WT,£2.00 Clubcard Price,,/groceries/en-GB/products/309766369,https://digitalcontent.api.tesco.com/v2/media/ghs/8ec29ade-daa0-4549-804c-0305d9af944e/af2db667-e968-405f-9b89-34f137742c3c_59185083.jpeg?h=225&w=225,
251195390,Tabasco Hot Habanero Sauce 60Ml,https://www.tesco.com/groceries/en-GB/shop/food-cupboard/all?department=Table%20Sauces%2C%20Olives%2C%20Pickles%20%26%20Chutney&viewAll=department&page=,£2.50,£4.17/100ml,,,/groceries/en-GB/products/251195390,https://digitalcontent.api.tesco.com/v2/media/ghs/3c4415f5-fa77-46eb-af71-afb21703c825/0c9399b2-f3ef-482c-8b5a-e290c10251f7_715302451.jpeg?h=225&w=225,
293315617,Dawtona Carrots With Peas 510G,https://www.tesco.com/groceries/en-GB/shop/food-cupboard/all?department=Table%20Sauces%2C%20Olives%2C%20Pickles%20%26%20Chutney&viewAll=department&page=,£1.15,£0.35/100g DR.WT,,,/groceries/en-GB/products/293315617,https://digitalcontent.api.tesco.com/v2/media/ghs/b5bdce2a-b9fa-4860-8886-58f00c522031/5778d179-d1b8-4764-9952-091a6b293e49_975033161.jpeg?h=225&w=225,
254885496,Tesco Crinklecut Beetroot/Vinegar 710G,https://www.tesco.com/groceries/en-GB/shop/food-cupboard/all?department=Table%20Sauces%2C%20Olives%2C%20Pickles%20%26%20Chutney&viewAll=department&page=,£1.20,£0.26/100g DR.WT,,,/groceries/en-GB/products/254885496,https://digitalcontent.api.tesco.com/v2/media/ghs/068a3166-9122-4afe-8494-038f488bb381/ae496e33-3023-47eb-ab74-a95315d1df3d_2034541187.jpeg?h=225&w=225,
267371256,Tesco Traditional Pickled Onions 710G,https://www.tesco.com/groceries/en-GB/shop/food-cupboard/all?department=Table%20Sauces%2C%20Olives%2C%20Pickles%20%26%20Chutney&viewAll=department&page=,£1.35,£0.38/100g DR.WT,,,/groceries/en-GB/products/267371256,https://digitalcontent.api.tesco.com/v2/media/ghs-mktg/b0b04216-fa73-466d-a9d7-c9fcfa1ce9b3/no-image.jpeg,
302275258,Mary Berry's Blue Cheese Dressing 235Ml,https://www.tesco.com/groceries/en-GB/shop/food-cupboard/all?department=Table%20Sauces%2C%20Olives%2C%20Pickles%20%26%20Chutney&viewAll=department&page=,£3.15,£1.35/100ml,,,/groceries/en-GB/products/302275258,https://digitalcontent.api.tesco.com/v2/media/ghs/d3d8f94d-d60f-4069-981a-1c450306e08b/f25267fa-4878-4856-bac7-4fecddfa5a96_853011028.jpeg?h=225&w=225,
304791916,Belazu Tomato & Olive Tapenade 165G,https://www.tesco.com/groceries/en-GB/shop/food-cupboard/all?department=Table%20Sauces%2C%20Olives%2C%20Pickles%20%26%20Chutney&viewAll=department&page=,£3.45,£2.10/100g,,,/groceries/en-GB/products/304791916,https://digitalcontent.api.tesco.com/v2/media/ghs/414c95ab-102b-4eec-b2c5-5f805ba06511/73ac4f11-ec18-404d-b68c-7945cf4da894_303721894.jpeg?h=225&w=225,
301923974,Belazu Beldi Green Olive Tapenade 160G,https://www.tesco.com/groceries/en-GB/shop/food-cupboard/all?department=Table%20Sauces%2C%20Olives%2C%20Pickles%20%26%20Chutney&viewAll=department&page=,£3.45,£2.16/100g,,,/groceries/en-GB/products/301923974,https://digitalcontent.api.tesco.com/v2/media/ghs/981a8df9-6804-41f5-b92d-481f794214d8/faeef6b8-6367-4c10-b7a6-ba7d2ac3362b_441403974.jpeg?h=225&w=225,
309200567,Fragata Hot Peppers Guindillas 330G,https://www.tesco.com/groceries/en-GB/shop/food-cupboard/all?department=Table%20Sauces%2C%20Olives%2C%20Pickles%20%26%20Chutney&viewAll=department&page=,£2.20,£1.84/100g DR.WT,,,/groceries/en-GB/products/309200567,https://digitalcontent.api.tesco.com/v2/media/ghs/52270b69-c14d-4a36-8a00-284fd506d665/93249b39-d4cc-4468-9b64-2a518737a43b_1391414802.jpeg?h=225&w=225,
309184988,Jack Daniels Gluten Free Original Bbq Sauce 553G,https://www.tesco.com/groceries/en-GB/shop/food-cupboard/all?department=Table%20Sauces%2C%20Olives%2C%20Pickles%20%26%20Chutney&viewAll=department&page=,£4.00,£0.72/100g,,,/groceries/en-GB/products/309184988,https://digitalcontent.api.tesco.com/v2/media/ghs/e7ea4f0d-d287-42a0-a3f8-a44aae7755d6/ad46c6d4-b893-453b-a2a3-75a526b2f2be_2037863593.jpeg?h=225&w=225,
300832680,Tesco Finest Jalapeno Stuffed Olives 210G,https://www.tesco.com/groceries/en-GB/shop/food-cupboard/all?department=Table%20Sauces%2C%20Olives%2C%20Pickles%20%26%20Chutney&viewAll=department&page=,£2.35,£2.24/100g DR.WT,,,/groceries/en-GB/products/300832680,https://digitalcontent.api.tesco.com/v2/media/ghs/02a9400a-8a3f-4329-a878-5525de8d65d5/bb738c80-79a0-4c28-b4f2-faffb8918b71_2032588169.jpeg?h=225&w=225,
262366471,Crespo Pitted Dry Black Olives 110G,https://www.tesco.com/groceries/en-GB/shop/food-cupboard/all?department=Table%20Sauces%2C%20Olives%2C%20Pickles%20%26%20Chutney&viewAll=department&page=,£2.05,£1.87/100g,,,/groceries/en-GB/products/262366471,https://digitalcontent.api.tesco.com/v2/media/ghs/550145ff-10fe-425f-8c7e-bd4649e16921/68aba94f-f9b4-40d6-a9b4-172f11b4d998_1864235658.jpeg?h=225&w=225,
308094819,Hellmann's Vegan Mayonnaise Baconnaise 270G,https://www.tesco.com/groceries/en-GB/shop/food-cupboard/all?department=Table%20Sauces%2C%20Olives%2C%20Pickles%20%26%20Chutney&viewAll=department&page=,£2.60,£0.96/100g,,,/groceries/en-GB/products/308094819,https://digitalcontent.api.tesco.com/v2/media/ghs/39f4a029-987b-483c-a958-03e16ffd1f34/925e3845-08f2-4bc7-a602-777d5c3b1e82_2006302434.jpeg?h=225&w=225,
308822679,Belazu Antipasti Ezme Mezze Paste 165G,https://www.tesco.com/groceries/en-GB/shop/food-cupboard/all?department=Table%20Sauces%2C%20Olives%2C%20Pickles%20%26%20Chutney&viewAll=department&page=,£2.80,£1.70/100g,,,/groceries/en-GB/products/308822679,https://digitalcontent.api.tesco.com/v2/media/ghs/31a6b6fa-eb3c-409e-96a6-c78f178b507f/67b87e82-c27d-467b-934c-9967c453dbea_1858243846.jpeg?h=225&w=225,
308839717,Nandos Peri Peri Quick Marinade Hot 260G,https://www.tesco.com/groceries/en-GB/shop/food-cupboard/all?department=Table%20Sauces%2C%20Olives%2C%20Pickles%20%26%20Chutney&viewAll=department&page=,£2.30,£0.88/100g,,,/groceries/en-GB/products/308839717,https://digitalcontent.api.tesco.com/v2/media/ghs/22cc2cad-6435-4ef7-b5a5-2a4af211a518/adc355cd-4abf-4f78-ade9-632f01fd9315_701501775.jpeg?h=225&w=225,
309748063,Garner's Pickled Cauliflower With Ginger & Turmeric 450G,https://www.tesco.com/groceries/en-GB/shop/food-cupboard/all?department=Table%20Sauces%2C%20Olives%2C%20Pickles%20%26%20Chutney&viewAll=department&page=,£3.00,£1.43/100g DR.WT,£2.50 Clubcard Price,,/groceries/en-GB/products/309748063,https://digitalcontent.api.tesco.com/v2/media/ghs/520b5190-d8d6-4a6d-9a0b-bd29709774e9/8893a46c-8ffb-46cb-ae4e-58d5bf42ab48_2092935948.jpeg?h=225&w=225,
305986587,Tabasco Sriracha Sauce 256Ml,https://www.tesco.com/groceries/en-GB/shop/food-cupboard/all?department=Table%20Sauces%2C%20Olives%2C%20Pickles%20%26%20Chutney&viewAll=department&page=,£3.00,£1.18/100ml,,,/groceries/en-GB/products/305986587,https://digitalcontent.api.tesco.com/v2/media/ghs/91745ac2-4395-442b-9ace-5bee46489825/6cd4ff6d-8ee9-4eb7-8ccb-d0f9f427e8e9_313350383.jpeg?h=225&w=225,
309745947,Garner's Pickled Red Onion In Blueberry Vinegar 440G,https://www.tesco.com/groceries/en-GB/shop/food-cupboard/all?department=Table%20Sauces%2C%20Olives%2C%20Pickles%20%26%20Chutney&viewAll=department&page=,£3.00,£1.50/100g DR.WT,£2.50 Clubcard Price,,/groceries/en-GB/products/309745947,https://digitalcontent.api.tesco.com/v2/media/ghs/cf8ea368-4f6a-42b4-aa27-6efc6116bc84/12f22d1a-d178-4d3d-865b-c331662705e0_1273433690.jpeg?h=225&w=225,
311221770,Wagamama Vegan Katsu Mayonnaise 240G,https://www.tesco.com/groceries/en-GB/shop/food-cupboard/all?department=Table%20Sauces%2C%20Olives%2C%20Pickles%20%26%20Chutney&viewAll=department&page=,£2.25,£0.94/100g,,,/groceries/en-GB/products/311221770,https://digitalcontent.api.tesco.com/v2/media/ghs/698f049b-c241-4c24-afbe-84c820389317/fc59298c-dec1-460e-9a4e-c8a2582824d0_1230515759.jpeg?h=225&w=225,
309203593,Dawtona Dinner Salad 500G,https://www.tesco.com/groceries/en-GB/shop/food-cupboard/all?department=Table%20Sauces%2C%20Olives%2C%20Pickles%20%26%20Chutney&viewAll=department&page=,£1.65,£0.66/100g DR.WT,,,/groceries/en-GB/products/309203593,https://digitalcontent.api.tesco.com/v2/media/ghs/e8c5c328-0e62-4462-95ad-4e02cfdb18a6/fc1c267d-aac0-410d-80c8-183b7370f9a0_987738424.jpeg?h=225&w=225,
302308808,Maggi Tomato Ketchup 400G,https://www.tesco.com/groceries/en-GB/shop/food-cupboard/all?department=Table%20Sauces%2C%20Olives%2C%20Pickles%20%26%20Chutney&viewAll=department&page=,£1.75,£0.44/100g,,,/groceries/en-GB/products/302308808,https://digitalcontent.api.tesco.com/v2/media/ghs/3dc0edc4-b7ee-417f-a4d0-ff5e13661b90/a4ccb344-ab60-4883-ad20-f32d96031cd7_1357846644.jpeg?h=225&w=225,
264466656,Nando's Extra Extra Hot Peri- Peri Sauce 125G,https://www.tesco.com/groceries/en-GB/shop/food-cupboard/all?department=Table%20Sauces%2C%20Olives%2C%20Pickles%20%26%20Chutney&viewAll=department&page=,£2.00,£1.60/100g,,,/groceries/en-GB/products/264466656,https://digitalcontent.api.tesco.com/v2/media/ghs/6765d42f-6fa2-4155-b649-0127d09f12fd/3053125b-5fce-46b6-9cfd-0b9802cb07b6_144188622.jpeg?h=225&w=225,
279856464,Zanae Giant Beans In Tomato Sauce 280G,https://www.tesco.com/groceries/en-GB/shop/food-cupboard/all?department=Table%20Sauces%2C%20Olives%2C%20Pickles%20%26%20Chutney&viewAll=department&page=,£1.85,£6.61/kg,,,/groceries/en-GB/products/279856464,https://digitalcontent.api.tesco.com/v2/media/ghs/bbf5964a-e1e7-42d8-b2a9-4777e2e181f9/131a9d79-54f0-4ef5-bc70-fb3a5184ae97_1399512483.jpeg?h=225&w=225,
296186643,Red's Buffalo Hot Wings Sauce 290G,https://www.tesco.com/groceries/en-GB/shop/food-cupboard/all?department=Table%20Sauces%2C%20Olives%2C%20Pickles%20%26%20Chutney&viewAll=department&page=,£2.00,£0.69/100g,,,/groceries/en-GB/products/296186643,https://digitalcontent.api.tesco.com/v2/media/ghs/38be8a11-d48f-436a-8552-05b01c3cb139/da6b04db-3737-4394-bfcd-bc6418a1677e_1577352868.jpeg?h=225&w=225,
301065065,Tesco Finest Aioli 165G,https://www.tesco.com/groceries/en-GB/shop/food-cupboard/all?department=Table%20Sauces%2C%20Olives%2C%20Pickles%20%26%20Chutney&viewAll=department&page=,£2.10,£1.28/100g,,,/groceries/en-GB/products/301065065,https://digitalcontent.api.tesco.com/v2/media/ghs/60cfb0d3-c1a3-4a8c-b70c-71bb8ff1862e/a982eb02-1058-422e-8248-7d416a1f9bf3_2141482719.jpeg?h=225&w=225,
310126199,Frank's Red Hot Fire-Roasted Jalapeno Hot Sauce 135Ml,https://www.tesco.com/groceries/en-GB/shop/food-cupboard/all?department=Table%20Sauces%2C%20Olives%2C%20Pickles%20%26%20Chutney&viewAll=department&page=,£2.00,£14.82/litre,,,/groceries/en-GB/products/310126199,https://digitalcontent.api.tesco.com/v2/media/ghs/aecf6198-5e91-455d-afba-aa7a1facda53/091b2787-c933-43e0-a508-3b9886d701c8_1677399329.jpeg?h=225&w=225,
264353143,Crespo Olives Stuffed With Pimiento 354G,https://www.tesco.com/groceries/en-GB/shop/food-cupboard/all?department=Table%20Sauces%2C%20Olives%2C%20Pickles%20%26%20Chutney&viewAll=department&page=,£1.55,£0.78/100g,,,/groceries/en-GB/products/264353143,https://digitalcontent.api.tesco.com/v2/media/ghs/f2b8814d-6a4b-42dc-b1fc-54e12597a13b/62559c1d-481f-400c-acef-663ec6d2a8ef_894062436.jpeg?h=225&w=225,
311943353,Heinz Vegan Seriously Good Mayonnaise Aioli 215G,https://www.tesco.com/groceries/en-GB/shop/food-cupboard/all?department=Table%20Sauces%2C%20Olives%2C%20Pickles%20%26%20Chutney&viewAll=department&page=,£1.90,£0.88/100g,,,/groceries/en-GB/products/311943353,https://digitalcontent.api.tesco.com/v2/media/ghs/4d0e20bc-346c-4377-a18a-69626322b6c6/2686f9ed-3ab1-4850-8557-728dfc8c3e1f_1556608610.jpeg?h=225&w=225,
297117621,Fragata Chorizo Stuffed Green Olives 350G,https://www.tesco.com/groceries/en-GB/shop/food-cupboard/all?department=Table%20Sauces%2C%20Olives%2C%20Pickles%20%26%20Chutney&viewAll=department&page=,£1.65,£1.10/100g DR.WT,,,/groceries/en-GB/products/297117621,https://digitalcontent.api.tesco.com/v2/media/ghs/d7869b72-9d06-48f2-af73-691846faa37e/70192bc7-ec90-4b90-86a7-c32ff12d9f97_34898022.jpeg?h=225&w=225,
307736079,Fragata Stoneless Olives Piquillo Pepper 350G,https://www.tesco.com/groceries/en-GB/shop/food-cupboard/all?department=Table%20Sauces%2C%20Olives%2C%20Pickles%20%26%20Chutney&viewAll=department&page=,£1.65,£1.10/100g DR.WT,,,/groceries/en-GB/products/307736079,https://digitalcontent.api.tesco.com/v2/media/ghs/5d91619c-fa43-4758-806c-ff2abb244f58/66442c81-c97f-4720-a93a-c892c52fb8c7_696348573.jpeg?h=225&w=225,
302274674,Good4u Protein Salad Topper Garlic & Herb 125G,https://www.tesco.com/groceries/en-GB/shop/food-cupboard/all?department=Table%20Sauces%2C%20Olives%2C%20Pickles%20%26%20Chutney&viewAll=department&page=,£2.10,£1.40/100g,,,/groceries/en-GB/products/302274674,https://digitalcontent.api.tesco.com/v2/media/ghs/bd1ccc7e-3d76-40d2-8b7f-329ec457971a/5674de16-00b1-41ac-ae3b-26a3c8c23257_1471667714.jpeg?h=225&w=225,
308486114,Polli Party Artichokes With Mint 80G,https://www.tesco.com/groceries/en-GB/shop/food-cupboard/all?department=Table%20Sauces%2C%20Olives%2C%20Pickles%20%26%20Chutney&viewAll=department&page=,£1.60,£2.00/100g,,,/groceries/en-GB/products/308486114,https://digitalcontent.api.tesco.com/v2/media/ghs/f7cba9cd-d02e-4cd4-a378-a28c514da474/7ac9eeb1-d418-495a-80bc-c6bc2ad0122a_1359800157.jpeg?h=225&w=225,
303106245,Mcgerty Farmhouse Chutney 110G,https://www.tesco.com/groceries/en-GB/shop/food-cupboard/all?department=Table%20Sauces%2C%20Olives%2C%20Pickles%20%26%20Chutney&viewAll=department&page=,£1.80,£1.64/100g,Any 2 for £2.50 Clubcard Price - Selected Cheese Accompaniments 70g - 150g,,/groceries/en-GB/products/303106245,https://digitalcontent.api.tesco.com/v2/media/ghs/eb778e18-e14a-4a69-88d4-f0734e56dece/bda388ac-5a0c-4b34-a0bf-36b08d7c1839_613226679.jpeg?h=225&w=225,
308480973,Dawtona Pickled Gherkins With Habanero Pepper 520G,https://www.tesco.com/groceries/en-GB/shop/food-cupboard/all?department=Table%20Sauces%2C%20Olives%2C%20Pickles%20%26%20Chutney&viewAll=department&page=,£1.75,£0.65/100g DR.WT,,,/groceries/en-GB/products/308480973,https://digitalcontent.api.tesco.com/v2/media/ghs/82dc5619-ff25-41cf-9c9a-303f8e6181a3/73c72ae0-99de-44f4-948f-e32eae9a8551_1004591266.jpeg?h=225&w=225,
274055976,Smak Baby Gherkins 300G,https://www.tesco.com/groceries/en-GB/shop/food-cupboard/all?department=Table%20Sauces%2C%20Olives%2C%20Pickles%20%26%20Chutney&viewAll=department&page=,£1.50,£1.00/100g DR.WT,,,/groceries/en-GB/products/274055976,https://digitalcontent.api.tesco.com/v2/media/ghs/4e98ac84-ccd5-4eae-aa61-982f693dc580/fef762ce-e469-4408-8d13-30556d2dc9c7_2026295622.jpeg?h=225&w=225,
311265700,Encona Jamaican Style Jerk Marinade 220Ml,https://www.tesco.com/groceries/en-GB/shop/food-cupboard/all?department=Table%20Sauces%2C%20Olives%2C%20Pickles%20%26%20Chutney&viewAll=department&page=,£1.75,£0.80/100ml,,,/groceries/en-GB/products/311265700,https://digitalcontent.api.tesco.com/v2/media/ghs/b9bd936d-a372-4da9-b4ca-be1b51b487d6/ef1563ab-0e54-4831-994d-b17a1f6958ca_1485603277.jpeg?h=225&w=225,
302308837,Good4u Protein Salad Topper Garlic & Chilli 125G,https://www.tesco.com/groceries/en-GB/shop/food-cupboard/all?department=Table%20Sauces%2C%20Olives%2C%20Pickles%20%26%20Chutney&viewAll=department&page=,£2.00,£1.60/100g,,,/groceries/en-GB/products/302308837,https://digitalcontent.api.tesco.com/v2/media/ghs/5a2d2a4a-469c-49c5-8de1-e84e6c6c5560/snapshotimagehandler_940015006.jpeg?h=225&w=225,
309197126,Dr Wills Tomato Ketchup Sweetened Naturally 500G,https://www.tesco.com/groceries/en-GB/shop/food-cupboard/all?department=Table%20Sauces%2C%20Olives%2C%20Pickles%20%26%20Chutney&viewAll=department&page=,£3.15,£0.63/100g,,,/groceries/en-GB/products/309197126,https://digitalcontent.api.tesco.com/v2/media/ghs/10c3ba5b-7a14-43e5-ab4f-0bb3f3664315/0ac2615a-9e66-4225-a816-b4555df5251f_236438212.jpeg?h=225&w=225,
305254313,Tesco Curry Sauce 235Ml,https://www.tesco.com/groceries/en-GB/shop/food-cupboard/all?department=Table%20Sauces%2C%20Olives%2C%20Pickles%20%26%20Chutney&viewAll=department&page=,£1.10,£0.47/100ml,,,/groceries/en-GB/products/305254313,https://digitalcontent.api.tesco.com/v2/media/ghs/08cc929a-ad6e-4844-a3bf-c55cea94d723/8e22e99e-3eae-4a25-b8dd-8aec1aca28c3_2109365938.jpeg?h=225&w=225,
309754464,Epicure Crinkle Cut Pickles +Hot Red Chilli 530G,https://www.tesco.com/groceries/en-GB/shop/food-cupboard/all?department=Table%20Sauces%2C%20Olives%2C%20Pickles%20%26%20Chutney&viewAll=department&page=,£2.10,£0.72/100g DR.WT,£1.60 Clubcard Price,,/groceries/en-GB/products/309754464,https://digitalcontent.api.tesco.com/v2/media/ghs/062e406f-8490-4d69-b153-7800dcd6d083/9473a123-3a95-46b7-8371-75b8d5a52238_2060375132.jpeg?h=225&w=225,
304374633,Heinz Smokey Baconnaise Sauce 220Ml,https://www.tesco.com/groceries/en-GB/shop/food-cupboard/all?department=Table%20Sauces%2C%20Olives%2C%20Pickles%20%26%20Chutney&viewAll=department&page=,£1.70,£0.77/100ml,,,/groceries/en-GB/products/304374633,https://digitalcontent.api.tesco.com/v2/media/ghs/4d3b7894-2e97-4dba-a98f-d5ea83bd9721/e7d32871-fc6e-47ab-bbde-4998bfd97124_1384506606.jpeg?h=225&w=225,
311262605,Tesco Pickled Chillies 270G,https://www.tesco.com/groceries/en-GB/shop/food-cupboard/all?department=Table%20Sauces%2C%20Olives%2C%20Pickles%20%26%20Chutney&viewAll=department&page=,£1.50,£1.12/100g DR.WT,,,/groceries/en-GB/products/311262605,https://digitalcontent.api.tesco.com/v2/media/ghs/aa628bb9-ce9d-4dfb-baee-7af6e0d17564/83ec5491-0162-4a55-9087-8423db34ead7_1652142701.jpeg?h=225&w=225,
284195800,Nando's Coat & Cook Hot 120G,https://www.tesco.com/groceries/en-GB/shop/food-cupboard/all?department=Table%20Sauces%2C%20Olives%2C%20Pickles%20%26%20Chutney&viewAll=department&page=,£1.00,£0.83/100g,,,/groceries/en-GB/products/284195800,https://digitalcontent.api.tesco.com/v2/media/ghs/e63727ac-f43e-4a9b-8cea-d2e9f59cf5d2/227adec3-f892-47e0-830d-64b66f65491d_1019428330.jpeg?h=225&w=225,
306809002,Heinz Salad Dressing Spray Chilli & Lime 200Ml,https://www.tesco.com/groceries/en-GB/shop/food-cupboard/all?department=Table%20Sauces%2C%20Olives%2C%20Pickles%20%26%20Chutney&viewAll=department&page=,£1.50,£0.72/100ml DR.WT,,,/groceries/en-GB/products/306809002,https://digitalcontent.api.tesco.com/v2/media/ghs/ef103e4b-1e86-4653-8b6d-fb4781eb2416/3d17910e-7ff2-498a-adbf-ebc250309ebf_1683552717.jpeg?h=225&w=225,
306810535,Heinz Salad Dressing Spray Balsamic Garlic 200Ml,https://www.tesco.com/groceries/en-GB/shop/food-cupboard/all?department=Table%20Sauces%2C%20Olives%2C%20Pickles%20%26%20Chutney&viewAll=department&page=,£1.50,£0.72/100ml DR.WT,,,/groceries/en-GB/products/306810535,https://digitalcontent.api.tesco.com/v2/media/ghs/5e5f03aa-c308-4635-a5f4-38f9ae67cd4f/56176212-c476-4985-92d4-8516a048785c_1407175421.jpeg?h=225&w=225,
302310471,Tiptree Truffle Mayonnaise 165G,https://www.tesco.com/groceries/en-GB/shop/food-cupboard/all?department=Table%20Sauces%2C%20Olives%2C%20Pickles%20%26%20Chutney&viewAll=department&page=,£2.50,£1.52/100g,,,/groceries/en-GB/products/302310471,https://digitalcontent.api.tesco.com/v2/media/ghs/657d4c10-785b-48a1-bd9c-4bc6b1fa1a07/7337bf5d-aad7-4d6d-b9b0-d13521c351a5_276011819.jpeg?h=225&w=225,
268553332,Peppadew Stuffed With Cream Cheese 250G,https://www.tesco.com/groceries/en-GB/shop/food-cupboard/all?department=Table%20Sauces%2C%20Olives%2C%20Pickles%20%26%20Chutney&viewAll=department&page=,£4.10,£1.64/100g,,,/groceries/en-GB/products/268553332,https://digitalcontent.api.tesco.com/v2/media/ghs/0d4861aa-e5e4-44c3-9455-267253df21d1/76c2b48c-b857-4166-b035-a836c151f39e_958652138.jpeg?h=225&w=225,
307338511,Tesco Finest Caperberries 280G,https://www.tesco.com/groceries/en-GB/shop/food-cupboard/all?department=Table%20Sauces%2C%20Olives%2C%20Pickles%20%26%20Chutney&viewAll=department&page=,£3.15,£2.25/100g DR.WT,,,/groceries/en-GB/products/307338511,https://digitalcontent.api.tesco.com/v2/media/ghs/a176d904-19d3-4ad2-8f24-fcf27b73570e/0aac3078-36f2-45fe-b0d2-29443612e55e_1191752710.jpeg?h=225&w=225,
307741528,Tesco Finest Chargrilled Yellow Courgettes 280G,https://www.tesco.com/groceries/en-GB/shop/food-cupboard/all?department=Table%20Sauces%2C%20Olives%2C%20Pickles%20%26%20Chutney&viewAll=department&page=,£3.15,£1.86/100g DR.WT,,,/groceries/en-GB/products/307741528,https://digitalcontent.api.tesco.com/v2/media/ghs/e67f6296-ba2c-44d0-900b-fc842a37b3de/397fa92a-01b3-4cd9-b9be-906c8c36bb08_1309995860.jpeg?h=225&w=225,
309471717,Dr Wills Avocado Oil Mayonnaise Sugar Free 175G,https://www.tesco.com/groceries/en-GB/shop/food-cupboard/all?department=Table%20Sauces%2C%20Olives%2C%20Pickles%20%26%20Chutney&viewAll=department&page=,£4.40,£2.52/100g,,,/groceries/en-GB/products/309471717,https://digitalcontent.api.tesco.com/v2/media/ghs/d4b1224c-1455-4f80-b6c6-5fe9e8ca172f/75e32125-b3cc-44be-9b47-32ecbbd0262e_1668478023.jpeg?h=225&w=225,
307758025,Tesco Finest Italian Red Aubergines 280G,https://www.tesco.com/groceries/en-GB/shop/food-cupboard/all?department=Table%20Sauces%2C%20Olives%2C%20Pickles%20%26%20Chutney&viewAll=department&page=,£3.15,£1.97/100g DR.WT,,,/groceries/en-GB/products/307758025,https://digitalcontent.api.tesco.com/v2/media/ghs/c0407cd4-9e1d-4fc9-b793-62550693c6fc/1677e868-5d18-4707-9293-59d69782a4de_1209004891.jpeg?h=225&w=225,
311225754,Dr. Wills All Natural Sriracha Hot Sauce 525G,https://www.tesco.com/groceries/en-GB/shop/food-cupboard/all?department=Table%20Sauces%2C%20Olives%2C%20Pickles%20%26%20Chutney&viewAll=department&page=,£4.00,£0.76/100g,,,/groceries/en-GB/products/311225754,https://digitalcontent.api.tesco.com/v2/media/ghs/ad292b91-012e-42ed-ae63-6de8e4b4105a/66d0bb48-68a6-4943-9d0d-90a45cf85a88_76598706.jpeg?h=225&w=225,
308456398,Peppadew Halkidiki Olives Stuffed With Jalapeno Peppers 260H,https://www.tesco.com/groceries/en-GB/shop/food-cupboard/all?department=Table%20Sauces%2C%20Olives%2C%20Pickles%20%26%20Chutney&viewAll=department&page=,£3.00,£2.00/100g DR.WT,,,/groceries/en-GB/products/308456398,https://digitalcontent.api.tesco.com/v2/media/ghs/aa00fe29-458e-49aa-99bf-e30d42b4d382/e74ef661-d720-4fe5-9f09-615cc27f33de_544329965.jpeg?h=225&w=225,
308498630,Peppadew Halkidiki Olives Stuffed Garlic 260G,https://www.tesco.com/groceries/en-GB/shop/food-cupboard/all?department=Table%20Sauces%2C%20Olives%2C%20Pickles%20%26%20Chutney&viewAll=department&page=,£3.00,£2.00/100g DR.WT,,,/groceries/en-GB/products/308498630,https://digitalcontent.api.tesco.com/v2/media/ghs/ed34673f-53fc-4fdf-91cb-d850186a94bd/3b9c9736-10d8-4a16-9a2c-b3f40b079e2c_742227083.jpeg?h=225&w=225,
309205493,Jack Daniels Gluten Free Honey Bbq Sauce 553G,https://www.tesco.com/groceries/en-GB/shop/food-cupboard/all?department=Table%20Sauces%2C%20Olives%2C%20Pickles%20%26%20Chutney&viewAll=department&page=,£4.00,£0.72/100g,,,/groceries/en-GB/products/309205493,https://digitalcontent.api.tesco.com/v2/media/ghs/753edc7a-afdb-414f-8a69-c8cb0abe3334/bb36d7b1-9197-4493-be34-d3ec2c77edea_1192889982.jpeg?h=225&w=225,
293397290,Crespo Pitted Green Olives In Brine 820G,https://www.tesco.com/groceries/en-GB/shop/food-cupboard/all?department=Table%20Sauces%2C%20Olives%2C%20Pickles%20%26%20Chutney&viewAll=department&page=,£2.55,£0.67/100g DR.WT,,,/groceries/en-GB/products/293397290,https://digitalcontent.api.tesco.com/v2/media/ghs/4e0572dc-1d8f-400e-9948-2fb9b25deeee/383621c8-6c92-449e-84ba-5b92e4c0ed2e_763604955.jpeg?h=225&w=225,
250801804,Crespo Pitted Black Olives 820G,https://www.tesco.com/groceries/en-GB/shop/food-cupboard/all?department=Table%20Sauces%2C%20Olives%2C%20Pickles%20%26%20Chutney&viewAll=department&page=,£2.55,£0.67/100g DR.WT,,,/groceries/en-GB/products/250801804,https://digitalcontent.api.tesco.com/v2/media/ghs/46a6d74a-6e2b-4445-8867-2541a315d081/5c185e72-f5fb-4611-9938-cfddfa9b6d63_9288527.jpeg?h=225&w=225,
307364600,Tesco Finest Portobello Mushrooms 280G,https://www.tesco.com/groceries/en-GB/shop/food-cupboard/all?department=Table%20Sauces%2C%20Olives%2C%20Pickles%20%26%20Chutney&viewAll=department&page=,£3.15,£2.10/100g DR.WT,,,/groceries/en-GB/products/307364600,https://digitalcontent.api.tesco.com/v2/media/ghs/b8e768df-650b-47f7-bddd-597e000bdd3e/af9f598f-761d-4e38-8af3-9164473c26c3_1501668600.jpeg?h=225&w=225,
293398570,Attis Gourmet Ionian Olives In Olive Oil 400G,https://www.tesco.com/groceries/en-GB/shop/food-cupboard/all?department=Table%20Sauces%2C%20Olives%2C%20Pickles%20%26%20Chutney&viewAll=department&page=,£2.50,£0.62/100g,,,/groceries/en-GB/products/293398570,https://digitalcontent.api.tesco.com/v2/media/ghs/2d36ac82-370c-451c-94ba-06cbb47e0020/7040e635-34c9-4cf3-a276-a8756bba07c0_463559621.jpeg?h=225&w=225,
276786038,Kikkoman Sushi & Sashimi Soy Sauce 250Ml,https://www.tesco.com/groceries/en-GB/shop/food-cupboard/all?department=Table%20Sauces%2C%20Olives%2C%20Pickles%20%26%20Chutney&viewAll=department&page=,£2.65,£1.06/100ml,,,/groceries/en-GB/products/276786038,https://digitalcontent.api.tesco.com/v2/media/ghs/a3062291-d277-46e1-bcec-884c6e2fe2b9/1f444167-678f-4297-b5e1-58f01bd0dcec_738484052.jpeg?h=225&w=225,
311276981,Tabasco Sweet & Spicy Pepper Sauce 256Ml,https://www.tesco.com/groceries/en-GB/shop/food-cupboard/all?department=Table%20Sauces%2C%20Olives%2C%20Pickles%20%26%20Chutney&viewAll=department&page=,£3.00,£1.18/100ml,,,/groceries/en-GB/products/311276981,https://digitalcontent.api.tesco.com/v2/media/ghs/70fdd841-37a9-47eb-a635-6f898dd3d25a/539eb016-6c42-44da-b094-66928bb1ede6_514892945.jpeg?h=225&w=225,
311225633,Wagamama Firecracker Mayonnaise 240G,https://www.tesco.com/groceries/en-GB/shop/food-cupboard/all?department=Table%20Sauces%2C%20Olives%2C%20Pickles%20%26%20Chutney&viewAll=department&page=,£2.25,£0.94/100g,,,/groceries/en-GB/products/311225633,https://digitalcontent.api.tesco.com/v2/media/ghs/dcdc9e3a-409a-41f7-b2ac-88eb9ba49562/de978675-9a6e-4e8d-80b2-52c5100da9ff_276074521.jpeg?h=225&w=225,
311444713,Guinness Smoky Tomato Ketchup 200Ml,https://www.tesco.com/groceries/en-GB/shop/food-cupboard/all?department=Table%20Sauces%2C%20Olives%2C%20Pickles%20%26%20Chutney&viewAll=department&page=,£2.00,£1.00/100ml,,,/groceries/en-GB/products/311444713,https://digitalcontent.api.tesco.com/v2/media/ghs/f788f9a0-a63b-4451-8c37-f9e5bb0713c3/751c8d36-c321-4f06-ae52-d6445791b61f_1033961279.jpeg?h=225&w=225,
311428261,Guinness Smoky Bbq Sauce 200Ml,https://www.tesco.com/groceries/en-GB/shop/food-cupboard/all?department=Table%20Sauces%2C%20Olives%2C%20Pickles%20%26%20Chutney&viewAll=department&page=,£2.00,£1.00/100ml,,,/groceries/en-GB/products/311428261,https://digitalcontent.api.tesco.com/v2/media/ghs/6c8954b1-ef87-4c7e-8cff-d2ce6470addd/3aedaf63-591c-4da4-8aa2-aa7b34c03ab0_441016490.jpeg?h=225&w=225,
311429824,Better Naked Roasted Red Pepper & Chilli Ketchup 250Ml,https://www.tesco.com/groceries/en-GB/shop/food-cupboard/all?department=Table%20Sauces%2C%20Olives%2C%20Pickles%20%26%20Chutney&viewAll=department&page=,£2.00,£0.80/100ml,,,/groceries/en-GB/products/311429824,https://digitalcontent.api.tesco.com/v2/media/ghs/ff4d5dc8-31f2-4f4e-9d32-2b575c4e6651/f8607295-5fea-4efa-a833-e7193ee9a500_1091347849.jpeg?h=225&w=225,
311264183,Better Naked Hoisin Ketchup 250Ml,https://www.tesco.com/groceries/en-GB/shop/food-cupboard/all?department=Table%20Sauces%2C%20Olives%2C%20Pickles%20%26%20Chutney&viewAll=department&page=,£2.00,£0.80/100ml,,,/groceries/en-GB/products/311264183,https://digitalcontent.api.tesco.com/v2/media/ghs/cca9635a-64b3-4d33-a885-ae8eea3df7cf/fff96108-7dc1-4305-b02a-8de1a06568a9_525148005.jpeg?h=225&w=225,
308823730,Polli Party Chargrilled Mushroom & Chilli & Garlic 85G,https://www.tesco.com/groceries/en-GB/shop/food-cupboard/all?department=Table%20Sauces%2C%20Olives%2C%20Pickles%20%26%20Chutney&viewAll=department&page=,£1.60,£1.89/100g,,,/groceries/en-GB/products/308823730,https://digitalcontent.api.tesco.com/v2/media/ghs/dea0e1ef-83ba-4f69-bf6a-ad5243855ced/2b3205f8-6707-4625-a507-5ab6b0f4a5af_90746873.jpeg?h=225&w=225,
311279125,Better Naked Southern Fried Mayonnaise 250Ml,https://www.tesco.com/groceries/en-GB/shop/food-cupboard/all?department=Table%20Sauces%2C%20Olives%2C%20Pickles%20%26%20Chutney&viewAll=department&page=,£2.00,£0.80/100ml,,,/groceries/en-GB/products/311279125,https://digitalcontent.api.tesco.com/v2/media/ghs/94cc247c-3c29-4d7a-aba8-71d4c6121396/3fb04cbd-5e61-4483-9baa-a4201a9801e6_918205968.jpeg?h=225&w=225,
305048879,Grace Scotch Bonnet Grilling Sauce Hot 340G,https://www.tesco.com/groceries/en-GB/shop/food-cupboard/all?department=Table%20Sauces%2C%20Olives%2C%20Pickles%20%26%20Chutney&viewAll=department&page=,£1.80,£0.53/100g,,,/groceries/en-GB/products/305048879,https://digitalcontent.api.tesco.com/v2/media/ghs/52d249c1-8ce9-4857-ac93-303e3fb6a44b/dcccd2c5-0e56-4ab4-9f50-3bfb85ae6364_35151170.jpeg?h=225&w=225,
311683268,Newman's Own Smoky Onion Mayonnaise 280Ml,https://www.tesco.com/groceries/en-GB/shop/food-cupboard/all?department=Table%20Sauces%2C%20Olives%2C%20Pickles%20%26%20Chutney&viewAll=department&page=,£1.85,£0.66/100ml,,,/groceries/en-GB/products/311683268,https://digitalcontent.api.tesco.com/v2/media/ghs/042757ec-296c-4d46-a49c-e14f4d13415f/410e7799-3968-4abb-bb88-5c870105868c_1121958320.jpeg?h=225&w=225,
311955379,Newman's Own Roasted Tomato & Chilli Mayonnaise 280Ml,https://www.tesco.com/groceries/en-GB/shop/food-cupboard/all?department=Table%20Sauces%2C%20Olives%2C%20Pickles%20%26%20Chutney&viewAll=department&page=,£1.85,£0.66/100ml,,,/groceries/en-GB/products/311955379,https://digitalcontent.api.tesco.com/v2/media/ghs/f7ded792-759f-41ab-9699-2475df730086/0d2477d5-bb2b-4446-bbc1-e6391266d4c9_508563424.jpeg?h=225&w=225,
311430614,Encona Korean Bulgogi Marinade 220Ml,https://www.tesco.com/groceries/en-GB/shop/food-cupboard/all?department=Table%20Sauces%2C%20Olives%2C%20Pickles%20%26%20Chutney&viewAll=department&page=,£1.75,£0.80/100ml,,,/groceries/en-GB/products/311430614,https://digitalcontent.api.tesco.com/v2/media/ghs/0b598241-d50e-41d7-bd31-398ebcc72126/c75d5a21-be77-498f-87a4-d1474bbca636_667139660.jpeg?h=225&w=225,
311278875,Encona Moroccan Harissa Marinade 220Ml,https://www.tesco.com/groceries/en-GB/shop/food-cupboard/all?department=Table%20Sauces%2C%20Olives%2C%20Pickles%20%26%20Chutney&viewAll=department&page=,£1.75,£0.80/100ml,,,/groceries/en-GB/products/311278875,https://digitalcontent.api.tesco.com/v2/media/ghs/8aae5090-f137-4c24-ac1f-f31bf6731a8a/040306fa-80e4-495c-8a28-bdaf8b05d908_2099561806.jpeg?h=225&w=225,
309160360,Dr Wills Barbecue Sauce Sweetened Naturally 500G,https://www.tesco.com/groceries/en-GB/shop/food-cupboard/all?department=Table%20Sauces%2C%20Olives%2C%20Pickles%20%26%20Chutney&viewAll=department&page=,£3.15,£0.63/100g,,,/groceries/en-GB/products/309160360,https://digitalcontent.api.tesco.com/v2/media/ghs/919288cb-ba7e-403b-9bb1-a1c71d0cf930/ac3b6b6d-d9af-4e02-9f65-d26452ba9ca0_1001893250.jpeg?h=225&w=225,
311421337,Good4u Salad Topper Caesar Crumb 130G,https://www.tesco.com/groceries/en-GB/shop/food-cupboard/all?department=Table%20Sauces%2C%20Olives%2C%20Pickles%20%26%20Chutney&viewAll=department&page=,£2.00,£1.60/100g,,,/groceries/en-GB/products/311421337,https://digitalcontent.api.tesco.com/v2/media/ghs/8171aa1b-6202-45d3-9276-28c46c0ded2a/455d678c-c456-4fe4-9b58-345fcfd3959a_1178436916.jpeg?h=225&w=225,
271168790,Tesco Pure Sunflower Oil 5 Litre,https://www.tesco.com/groceries/en-GB/shop/food-cupboard/all?department=World%20Foods&viewAll=department&page=,,,,,/groceries/en-GB/products/271168790,https://digitalcontent.api.tesco.com/v2/media/ghs/5ceb3acc-17a8-4a1b-94a8-49c35e166091/40e3c89d-1bac-4428-8b43-a1fcc62a3556_758893748.jpeg?h=225&w=225,This product's currently out of stock
296981617,Rowse Honey Squeezy 680G,https://www.tesco.com/groceries/en-GB/shop/food-cupboard/all?department=World%20Foods&viewAll=department&page=,£4.00,£0.59/100g,,,/groceries/en-GB/products/296981617,https://digitalcontent.api.tesco.com/v2/media/ghs/c7f6b8ea-27b5-4b80-b20e-c7f36ac48a19/75573949-c8f3-4d68-9bc4-9de7b2d55930_107488833.jpeg?h=225&w=225,
286817253,Najma Sliced Smoked Turkey Rashers 150G,https://www.tesco.com/groceries/en-GB/shop/food-cupboard/all?department=World%20Foods&viewAll=department&page=,£2.25,£1.50/100g,,,/groceries/en-GB/products/286817253,https://digitalcontent.api.tesco.com/v2/media/ghs/737a551d-4da5-4947-9f8c-e5b27f1fe133/2ebfff89-c24b-4cdf-ae77-c6470c2fa93e.jpeg?h=225&w=225,
281381417,Lancashire Farm Natural Fat Free Yogurt 1Kg,https://www.tesco.com/groceries/en-GB/shop/food-cupboard/all?department=World%20Foods&viewAll=department&page=,£1.80,£0.18/100g,,,/groceries/en-GB/products/281381417,https://digitalcontent.api.tesco.com/v2/media/ghs/83c6f0e8-24bf-42df-9890-ecd3f27d580a/2f563e39-b41d-401b-bf18-07df9c6b68de_493430149.jpeg?h=225&w=225,
283054157,Maggi 2 Minute Masala Spicy Noodles 70G,https://www.tesco.com/groceries/en-GB/shop/food-cupboard/all?department=World%20Foods&viewAll=department&page=,£0.55,£7.86/kg,,,/groceries/en-GB/products/283054157,https://digitalcontent.api.tesco.com/v2/media/ghs/78b81068-f3ec-4efe-8c6f-b9187c293d55/6150bb22-3359-4e52-8c38-813f2502a041_1533531648.jpeg?h=225&w=225,
295724216,Cobra Indian Premium Lager 620Ml,https://www.tesco.com/groceries/en-GB/shop/food-cupboard/all?department=World%20Foods&viewAll=department&page=,£2.30,£3.71/litre,Any 3 for £5 Clubcard Price - Selected Beers 330ml - 710ml,,/groceries/en-GB/products/295724216,https://digitalcontent.api.tesco.com/v2/media/ghs/8c3d75ad-bad1-49ac-99ff-5acda910d27a/da7748b3-3ea4-4d4e-b853-b03a62834e0a.jpeg?h=225&w=225,
260709526,Port Royal Beef Jamaican Patty 140G,https://www.tesco.com/groceries/en-GB/shop/food-cupboard/all?department=World%20Foods&viewAll=department&page=,£1.10,£0.79/100g,£1.00 Clubcard Price,,/groceries/en-GB/products/260709526,https://digitalcontent.api.tesco.com/v2/media/ghs/ffd0ce0f-181b-47a2-9bf0-9c3e6d6c3f11/201212dc-2360-4475-9c27-d66d7a6116af.jpeg?h=225&w=225,
266026165,Maggi 2 Minute Curry Flavour Noodles 79G,https://www.tesco.com/groceries/en-GB/shop/food-cupboard/all?department=World%20Foods&viewAll=department&page=,£0.55,£6.97/kg,,,/groceries/en-GB/products/266026165,https://digitalcontent.api.tesco.com/v2/media/ghs/49e452fe-bd66-4cf8-a745-ace1f10383f2/e4ca83e5-01ec-41c3-8e35-3f9a3cf948ea.jpeg?h=225&w=225,
260709225,Port Royal Lamb Jamaican Patty 140G,https://www.tesco.com/groceries/en-GB/shop/food-cupboard/all?department=World%20Foods&viewAll=department&page=,£1.10,£0.79/100g,£1.00 Clubcard Price,,/groceries/en-GB/products/260709225,https://digitalcontent.api.tesco.com/v2/media/ghs/b322a806-0c37-40f7-ab1d-ecffe9c7445b/3722ce9f-5e3f-4328-8494-ddb7b0709fe1.jpeg?h=225&w=225,
291914234,Scottish Monarch Smoked Scottish Salmon 90G,https://www.tesco.com/groceries/en-GB/shop/food-cupboard/all?department=World%20Foods&viewAll=department&page=,£2.30,£2.56/100g,,,/groceries/en-GB/products/291914234,https://digitalcontent.api.tesco.com/v2/media/ghs/274d72ec-bb64-415b-92f0-65fd41a78158/1c692f04-068d-44c4-936a-3fec663d5389_1378758577.jpeg?h=225&w=225,
300472483,Maggi 2 Minute Chicken Noodles 75G,https://www.tesco.com/groceries/en-GB/shop/food-cupboard/all?department=World%20Foods&viewAll=department&page=,£0.55,£7.34/kg,,,/groceries/en-GB/products/300472483,https://digitalcontent.api.tesco.com/v2/media/ghs/4c9ff1ab-0996-4ef1-8de0-42708886f9e2/04bba3e0-5364-4f41-b5b8-31f73ee81345.jpeg?h=225&w=225,
264080183,Morliny Berlinki Classic Hot Dog 250G,https://www.tesco.com/groceries/en-GB/shop/food-cupboard/all?department=World%20Foods&viewAll=department&page=,£1.40,£0.56/100g,,,/groceries/en-GB/products/264080183,https://digitalcontent.api.tesco.com/v2/media/ghs/906ba2a1-4998-4817-a2ee-61509bc3303f/3c045473-db92-4909-bfa6-9568dcfa0a3a.jpeg?h=225&w=225,
278297723,Mlekovita Kefir Yogurt Style Drink 1Ltr,https://www.tesco.com/groceries/en-GB/shop/food-cupboard/all?department=World%20Foods&viewAll=department&page=,£1.45,£1.45/litre,,,/groceries/en-GB/products/278297723,https://digitalcontent.api.tesco.com/v2/media/ghs/64a5f56b-6e62-46c6-8edf-987c2db188b3/640bf28c-0089-471d-98c4-30e2b3eeae08.jpeg?h=225&w=225,
281381884,Lancashire Farm Whole Milk Yogurt 1Kg,https://www.tesco.com/groceries/en-GB/shop/food-cupboard/all?department=World%20Foods&viewAll=department&page=,£1.80,£180.00/100g,,,/groceries/en-GB/products/281381884,https://digitalcontent.api.tesco.com/v2/media/ghs/92cc82bf-eea8-46cc-8bd4-c6f82d4237bb/a0adc287-7e7c-4c25-817b-788546a571f1_262722680.jpeg?h=225&w=225,
298576392,7 Days Cocoa Filled Croissant 60G,https://www.tesco.com/groceries/en-GB/shop/food-cupboard/all?department=World%20Foods&viewAll=department&page=,£0.45,£0.75/100g,,,/groceries/en-GB/products/298576392,https://digitalcontent.api.tesco.com/v2/media/ghs/c1a69255-930b-41a9-8c73-5f072506e28f/fa4b2287-e30e-4e46-8724-ae43e343be4f_1962263992.jpeg?h=225&w=225,
259376584,Mama Hot & Spicy Noodles 90G,https://www.tesco.com/groceries/en-GB/shop/food-cupboard/all?department=World%20Foods&viewAll=department&page=,£0.80,£8.89/kg,,,/groceries/en-GB/products/259376584,https://digitalcontent.api.tesco.com/v2/media/ghs/5f6cdd53-957e-415a-86d0-70aebbc8499a/ad58b3f3-b93b-4e6c-a1d5-6fab48480b6c.jpeg?h=225&w=225,
260709536,Port Royal Chicken Jamaican Patty 140G,https://www.tesco.com/groceries/en-GB/shop/food-cupboard/all?department=World%20Foods&viewAll=department&page=,£1.10,£0.79/100g,£1.00 Clubcard Price,,/groceries/en-GB/products/260709536,https://digitalcontent.api.tesco.com/v2/media/ghs/ef6104b1-6584-42da-86ee-fbca234a2dcd/b74e0d93-8e47-4ba4-8c97-b1feec556725_1392113722.jpeg?h=225&w=225,
292808606,Lajkonik Crunchy Salty Pretzels 130G,https://www.tesco.com/groceries/en-GB/shop/food-cupboard/all?department=World%20Foods&viewAll=department&page=,£0.85,£0.65/100g,,,/groceries/en-GB/products/292808606,https://digitalcontent.api.tesco.com/v2/media/ghs/28b82b5c-5277-44d5-9bf2-4d31b42351ed/e7d86069-ab44-43f9-af1e-f5064f53555f_653683483.jpeg?h=225&w=225,
261626649,Pride Coconut Milk 400Ml,https://www.tesco.com/groceries/en-GB/shop/food-cupboard/all?department=World%20Foods&viewAll=department&page=,£1.00,£2.50/litre,,,/groceries/en-GB/products/261626649,https://digitalcontent.api.tesco.com/v2/media/ghs/a0c141cb-2529-4147-b3d1-087963c03900/6716a901-3c9a-4c72-9fb0-bf6c9c791a49_1554267567.jpeg?h=225&w=225,
278774752,Aleyna Roasted Red Peppers 480G,https://www.tesco.com/groceries/en-GB/shop/food-cupboard/all?department=World%20Foods&viewAll=department&page=,£1.65,£0.52/100g DR.WT,,,/groceries/en-GB/products/278774752,https://digitalcontent.api.tesco.com/v2/media/ghs/fd3a6c7e-4670-4715-b4a6-a73b4777ab47/598faa5b-6d1c-4c5f-b61e-55b3a5c8e8e1_73747863.jpeg?h=225&w=225,
267594774,Rubicon Mango Juice Drink 1 Litre,https://www.tesco.com/groceries/en-GB/shop/food-cupboard/all?department=World%20Foods&viewAll=department&page=,£1.50,£0.15/100ml,,,/groceries/en-GB/products/267594774,https://digitalcontent.api.tesco.com/v2/media/ghs/dabfd24f-0bbe-49a0-970a-19cae4109287/eade92f9-b88c-44ec-8c8e-40adc015f89b_77124515.jpeg?h=225&w=225,
276826574,Nissin Demae Ramen Chicken Noodles 100G,https://www.tesco.com/groceries/en-GB/shop/food-cupboard/all?department=World%20Foods&viewAll=department&page=,,,,,/groceries/en-GB/products/276826574,https://digitalcontent.api.tesco.com/v2/media/ghs/adb6a0a8-7673-451c-8fce-7076896deafa/a744ddaf-fbbb-4cbd-843e-6984e04130e5_2041855393.jpeg?h=225&w=225,This product's currently out of stock
258519168,Old Jamaica Ginger Beer 330Ml,https://www.tesco.com/groceries/en-GB/shop/food-cupboard/all?department=World%20Foods&viewAll=department&page=,£0.55,£0.17/100ml,,,/groceries/en-GB/products/258519168,,
276846803,Nissin Demae Ramen Beef Noodles 100G,https://www.tesco.com/groceries/en-GB/shop/food-cupboard/all?department=World%20Foods&viewAll=department&page=,£0.65,£6.50/kg,,,/groceries/en-GB/products/276846803,,
276827043,Nissin Demae Ramen Spicy Noodles 100G,https://www.tesco.com/groceries/en-GB/shop/food-cupboard/all?department=World%20Foods&viewAll=department&page=,£0.65,£6.50/kg,,,/groceries/en-GB/products/276827043,https://digitalcontent.api.tesco.com/v2/media/ghs/8eed4bf6-3aa1-42ad-90d4-43a956e26d8f/f83f29a3-a03a-40d9-b14d-bc8abb6ee6f7_359168887.jpeg?h=225&w=225,
276826925,Nissin Demae Ramen Sesame Noodles 100G,https://www.tesco.com/groceries/en-GB/shop/food-cupboard/all?department=World%20Foods&viewAll=department&page=,£0.65,£6.50/kg,,,/groceries/en-GB/products/276826925,https://digitalcontent.api.tesco.com/v2/media/ghs/5dce9d45-b0fb-42dd-8dc6-256a2cc81490/5a800ea1-514c-4a36-a73a-237d533eff49_1068285570.jpeg?h=225&w=225,
254902431,Carnation Evaporated Milk 170G,https://www.tesco.com/groceries/en-GB/shop/food-cupboard/all?department=World%20Foods&viewAll=department&page=,£0.75,£4.42/kg,,,/groceries/en-GB/products/254902431,https://digitalcontent.api.tesco.com/v2/media/ghs/63775754-789b-4e0a-a4a7-ddb468ca03b0/b1839f62-3039-43db-97c7-914495d4cf9a_1524911913.jpeg?h=225&w=225,
271196116,Cofresh Okra Cut 300G,https://www.tesco.com/groceries/en-GB/shop/food-cupboard/all?department=World%20Foods&viewAll=department&page=,£1.00,£3.34/kg,,,/groceries/en-GB/products/271196116,https://digitalcontent.api.tesco.com/v2/media/ghs/b0703834-e2e8-43a0-868e-6113120aad5a/5b6b0374-7afa-425d-b1c3-31238152b3ac.jpeg?h=225&w=225,
278831443,Aleyna Sliced Green Jalapeno Peppers 480G,https://www.tesco.com/groceries/en-GB/shop/food-cupboard/all?department=World%20Foods&viewAll=department&page=,£1.15,£0.48/100g DR.WT,,,/groceries/en-GB/products/278831443,https://digitalcontent.api.tesco.com/v2/media/ghs/9afc2d07-698a-4bd7-9c35-1769f9617264/f39401c8-d6a5-4259-ab35-5081f6a823b2_2101133132.jpeg?h=225&w=225,
290982038,Tropical Sun American Style Root Beer 330Ml,https://www.tesco.com/groceries/en-GB/shop/food-cupboard/all?department=World%20Foods&viewAll=department&page=,£0.60,£0.18/100ml,,,/groceries/en-GB/products/290982038,https://digitalcontent.api.tesco.com/v2/media/ghs/e6eaa419-fec0-4e6c-a81c-7596f2502f2e/c74f9d89-8cf5-4d1d-9885-1e7fc7efb5c7_772787191.jpeg?h=225&w=225,
300344899,Summer Pride Chopped Tomatoes 400G,https://www.tesco.com/groceries/en-GB/shop/food-cupboard/all?department=World%20Foods&viewAll=department&page=,£0.40,£1.00/kg,,,/groceries/en-GB/products/300344899,https://digitalcontent.api.tesco.com/v2/media/ghs/bfb3ccda-d35f-4141-97c1-7ae643c5004b/a9bcbbe8-8bf9-4f42-8c78-8378425eddda_275754946.jpeg?h=225&w=225,
254908718,Shagun Paneer Cheese,https://www.tesco.com/groceries/en-GB/shop/food-cupboard/all?department=World%20Foods&viewAll=department&page=,£1.82,£7.90/kg,,,/groceries/en-GB/products/254908718,https://digitalcontent.api.tesco.com/v2/media/ghs/8e1943f7-35aa-492b-9785-2847d722228f/bc709e20-6ad5-4cda-a96c-f5e42b06be4f_508853546.jpeg?h=225&w=225,
289206286,Tesco Aasani Cashew Nuts 500G,https://www.tesco.com/groceries/en-GB/shop/food-cupboard/all?department=World%20Foods&viewAll=department&page=,£6.00,£12.00/kg,,,/groceries/en-GB/products/289206286,https://digitalcontent.api.tesco.com/v2/media/ghs/7bc86513-19e3-424b-b3cf-8d968f6a0ccd/189151a4-a214-43c6-8c94-ba89b1ae7c28_190969367.jpeg?h=225&w=225,
284026408,Grants Traditional Smoked Scottish Salmon 300G,https://www.tesco.com/groceries/en-GB/shop/food-cupboard/all?department=World%20Foods&viewAll=department&page=,£8.60,£2.87/100g,,,/groceries/en-GB/products/284026408,https://digitalcontent.api.tesco.com/v2/media/ghs/b9b8a4db-5990-4003-ba87-f22318c57d51/e7049f1d-a6dd-4164-a04d-85248154333f.jpeg?h=225&w=225,
256645904,Chevington Grated Mild Cheddar Cheese 400G,https://www.tesco.com/groceries/en-GB/shop/food-cupboard/all?department=World%20Foods&viewAll=department&page=,£5.15,£12.88/kg,,,/groceries/en-GB/products/256645904,https://digitalcontent.api.tesco.com/v2/media/ghs/83a327ca-b4e2-4949-aaf2-2233fe33a1c6/a8e21e73-c57a-4ad3-a005-2887083a53e3_1528883236.jpeg?h=225&w=225,
289206165,Aasani Almonds 500G,https://www.tesco.com/groceries/en-GB/shop/food-cupboard/all?department=World%20Foods&viewAll=department&page=,£4.20,£8.40/kg,,,/groceries/en-GB/products/289206165,https://digitalcontent.api.tesco.com/v2/media/ghs/280acdd3-b177-4460-993d-ab98baa04de0/00062112-3440-4cd4-8f33-ae39951eadca_943746102.jpeg?h=225&w=225,
283847072,Me Too Foods Original Houmous 500G,https://www.tesco.com/groceries/en-GB/shop/food-cupboard/all?department=World%20Foods&viewAll=department&page=,£3.50,£0.70/100g,,,/groceries/en-GB/products/283847072,https://digitalcontent.api.tesco.com/v2/media/ghs/25223d12-7dbb-41b3-b1a3-3f95e88f85b4/2821e23d-955f-41b0-a0a5-4bc5666d0cc1.jpeg?h=225&w=225,
254909625,Shagun Diced Paneer Cheese 500G,https://www.tesco.com/groceries/en-GB/shop/food-cupboard/all?department=World%20Foods&viewAll=department&page=,£3.95,£7.90/kg,,,/groceries/en-GB/products/254909625,https://digitalcontent.api.tesco.com/v2/media/ghs/cd0a658c-c7b3-4db8-bca9-710581a09416/snapshotimagehandler_658521835.jpeg?h=225&w=225,
291546440,Najma Wafer Thin Turkey 125G,https://www.tesco.com/groceries/en-GB/shop/food-cupboard/all?department=World%20Foods&viewAll=department&page=,£2.30,£1.84/100g,,,/groceries/en-GB/products/291546440,https://digitalcontent.api.tesco.com/v2/media/ghs/682ccfe8-3fea-4965-927a-4dd5d495b285/1b95872c-1499-4bfe-9641-75420cc1da3e.jpeg?h=225&w=225,
271330574,Ufc Coconut Water 1 Litre,https://www.tesco.com/groceries/en-GB/shop/food-cupboard/all?department=World%20Foods&viewAll=department&page=,£2.25,£0.22/100ml,,,/groceries/en-GB/products/271330574,https://digitalcontent.api.tesco.com/v2/media/ghs/2e22988c-b1dc-4a92-aced-681d4f73d0a7/ede11e29-7a18-408d-a61b-80cf3f823c01_1372274456.jpeg?h=225&w=225,
276760374,Lee Kum Kee Premium Light Soy Sauce 500Ml,https://www.tesco.com/groceries/en-GB/shop/food-cupboard/all?department=World%20Foods&viewAll=department&page=,£2.30,£0.46/100ml,,,/groceries/en-GB/products/276760374,https://digitalcontent.api.tesco.com/v2/media/ghs/a580a722-f554-4dad-8b3b-790895f3cc01/6171c9f8-b2e0-4cb7-93e3-6b1c50bc0bfb_405986037.jpeg?h=225&w=225,
294237345,Lancashire Farm Greek Style Yogurt 1Kg,https://www.tesco.com/groceries/en-GB/shop/food-cupboard/all?department=World%20Foods&viewAll=department&page=,£2.50,£0.25/100g,,,/groceries/en-GB/products/294237345,https://digitalcontent.api.tesco.com/v2/media/ghs/58f8c664-84dd-46d9-8974-ed1eb27148cb/ff47a1aa-4364-4097-aa8f-ed167896efd3.jpeg?h=225&w=225,
263587524,Encona Original Hot Pepper Sauce 220Ml,https://www.tesco.com/groceries/en-GB/shop/food-cupboard/all?department=World%20Foods&viewAll=department&page=,£1.55,£0.70/100ml,,,/groceries/en-GB/products/263587524,https://digitalcontent.api.tesco.com/v2/media/ghs/4e238895-2bfa-4c6f-86a2-00be2d95dc11/c3880bd5-dfa5-4ac4-84d6-67802ef39943_840258789.jpeg?h=225&w=225,
266311789,Encona Thai Sweet Chilli Sauce 220Ml,https://www.tesco.com/groceries/en-GB/shop/food-cupboard/all?department=World%20Foods&viewAll=department&page=,£1.55,£0.70/100ml,,,/groceries/en-GB/products/266311789,https://digitalcontent.api.tesco.com/v2/media/ghs/c9dc267a-bb30-49ad-abf4-777fa1f46356/020eb43a-f776-43d5-b781-f70805268a02_668223642.jpeg?h=225&w=225,
264640834,Lowicz Twarog Curd Cheese 250G,https://www.tesco.com/groceries/en-GB/shop/food-cupboard/all?department=World%20Foods&viewAll=department&page=,£1.25,£5.00/kg,,,/groceries/en-GB/products/264640834,https://digitalcontent.api.tesco.com/v2/media/ghs/56060d06-e640-4636-9a44-ae8b608a0f72/86dfab42-861c-4ae5-b3c7-ce1286e62e14.jpeg?h=225&w=225,
254902477,Carnation Evaporated Milk 410G-14.5 Oz Can,https://www.tesco.com/groceries/en-GB/shop/food-cupboard/all?department=World%20Foods&viewAll=department&page=,£1.40,£3.42/kg,,,/groceries/en-GB/products/254902477,https://digitalcontent.api.tesco.com/v2/media/ghs/f5511e27-6230-4faa-b899-2e0c60246542/94ed4e5c-3394-4ad9-8cc8-b7f176189af5_1557307395.jpeg?h=225&w=225,
266162279,Mama Mi Goreng Oriental Style Noodles 80G,https://www.tesco.com/groceries/en-GB/shop/food-cupboard/all?department=World%20Foods&viewAll=department&page=,£0.95,£11.88/kg,,,/groceries/en-GB/products/266162279,https://digitalcontent.api.tesco.com/v2/media/ghs/72bd6629-82a3-4523-9dec-02da0a6bb3fc/498ca9f5-b59d-4b5c-bc41-2a4698873407_968687042.jpeg?h=225&w=225,
291116568,Warsteiner Premium Lager 660Ml,https://www.tesco.com/groceries/en-GB/shop/food-cupboard/all?department=World%20Foods&viewAll=department&page=,£2.20,£3.34/litre,Any 3 for £5 Clubcard Price - Selected Beers 330ml - 710ml,,/groceries/en-GB/products/291116568,https://digitalcontent.api.tesco.com/v2/media/ghs/7460533f-7526-466a-9c76-e28b9dde92f3/89d6725a-046e-46c0-be5c-8532605178a5_673922807.jpeg?h=225&w=225,
307756085,Piatnica Cottage Cheese Naturalny 200G,https://www.tesco.com/groceries/en-GB/shop/food-cupboard/all?department=World%20Foods&viewAll=department&page=,£1.00,£5.00/kg,,,/groceries/en-GB/products/307756085,https://digitalcontent.api.tesco.com/v2/media/ghs/b6f5cf55-aa8b-4eb2-ae00-972e7303f316/3f89578b-8fb6-4cde-8f36-764512d9da92.jpeg?h=225&w=225,
301341061,Mama Noodle Creamy Shrimp Tom Yum 90G,https://www.tesco.com/groceries/en-GB/shop/food-cupboard/all?department=World%20Foods&viewAll=department&page=,£0.80,£8.89/kg,,,/groceries/en-GB/products/301341061,https://digitalcontent.api.tesco.com/v2/media/ghs/31c63678-2fe2-47a4-987f-9dac0b445de6/48ee82d6-b269-4c33-8f11-7fbed468a9cf_1790944609.jpeg?h=225&w=225,
265761689,Cofresh Crushed Frozen Garlic 400G,https://www.tesco.com/groceries/en-GB/shop/food-cupboard/all?department=World%20Foods&viewAll=department&page=,£1.15,£2.88/kg,,,/groceries/en-GB/products/265761689,https://digitalcontent.api.tesco.com/v2/media/ghs/468b23a9-e702-4000-a8b4-8790ee9a1b45/4b51e8cc-1033-400d-bca1-14b9ff4a4449.jpeg?h=225&w=225,
307135970,Kinder Milk Slice Milk And Honey 3 X 28G,https://www.tesco.com/groceries/en-GB/shop/food-cupboard/all?department=World%20Foods&viewAll=department&page=,£1.00,£1.20/100g,,,/groceries/en-GB/products/307135970,https://digitalcontent.api.tesco.com/v2/media/ghs/8d614e97-3d12-480a-8a40-c607ef9e5f8e/3d9af043-4220-4205-b34d-775727ffff96.jpeg?h=225&w=225,
288591434,Morliny Sopocka Pork Slices 100G,https://www.tesco.com/groceries/en-GB/shop/food-cupboard/all?department=World%20Foods&viewAll=department&page=,£1.10,£1.10/100g,,,/groceries/en-GB/products/288591434,https://digitalcontent.api.tesco.com/v2/media/ghs/a9410fb5-2c92-4129-a304-e96cf6c9d111/369d09ff-4de6-4dfe-9f4d-510ab1b0ef39.jpeg?h=225&w=225,
266304683,Old Jamaica Ginger Beer Light 330Ml,https://www.tesco.com/groceries/en-GB/shop/food-cupboard/all?department=World%20Foods&viewAll=department&page=,£0.55,£0.17/100ml,,,/groceries/en-GB/products/266304683,https://digitalcontent.api.tesco.com/v2/media/ghs/9d6e8387-5408-4af6-b14d-f315a0fab749/c7c07e4d-177c-4744-9238-f2db73ccdf26_41467940.jpeg?h=225&w=225,
291589900,Cofresh Ginger Garlic Cubes 400G,https://www.tesco.com/groceries/en-GB/shop/food-cupboard/all?department=World%20Foods&viewAll=department&page=,£1.15,£2.88/kg,,,/groceries/en-GB/products/291589900,https://digitalcontent.api.tesco.com/v2/media/ghs/e5e4e99d-477b-4e27-b63e-a499381d7f7f/39f1456e-bcbc-4a49-b54f-365e7d23adb1.jpeg?h=225&w=225,
259376618,Mama Kimchi Noodles 90G,https://www.tesco.com/groceries/en-GB/shop/food-cupboard/all?department=World%20Foods&viewAll=department&page=,£0.80,£8.89/kg,,,/groceries/en-GB/products/259376618,https://digitalcontent.api.tesco.com/v2/media/ghs/d925e769-601d-4e43-a44d-7dcccc351ee9/6d37abe7-ade6-4a89-94ab-b8d9c2d01982_9260899.jpeg?h=225&w=225,
293258857,Tiger Tiger Udon Japanese Style Noodles 400G,https://www.tesco.com/groceries/en-GB/shop/food-cupboard/all?department=World%20Foods&viewAll=department&page=,£1.30,£3.25/kg,,,/groceries/en-GB/products/293258857,https://digitalcontent.api.tesco.com/v2/media/ghs/fea42eed-78c1-48cf-9551-6dbf68498f39/2e225488-5bd9-45a9-859c-8a28a626d1ff_659478434.jpeg?h=225&w=225,
267144449,Nishaan Ginger Garlic Paste 283G,https://www.tesco.com/groceries/en-GB/shop/food-cupboard/all?department=World%20Foods&viewAll=department&page=,£1.15,£0.41/100g,,,/groceries/en-GB/products/267144449,https://digitalcontent.api.tesco.com/v2/media/ghs/cd9b01ff-4f2b-41d7-9cf4-29d07187bd02/f662d749-7389-4a65-916d-247e1f9d171b_593659179.jpeg?h=225&w=225,
271195739,Cofresh Baby Whole Okra 300G,https://www.tesco.com/groceries/en-GB/shop/food-cupboard/all?department=World%20Foods&viewAll=department&page=,£1.00,£3.34/kg,,,/groceries/en-GB/products/271195739,https://digitalcontent.api.tesco.com/v2/media/ghs/13dd99a3-c109-4c84-bef1-e40d02251d66/d2b9fafe-6c9e-4f17-8e19-a34ece0d40d4.jpeg?h=225&w=225,
292915750,Biere D'or 10 X 250Ml,https://www.tesco.com/groceries/en-GB/shop/food-cupboard/all?department=World%20Foods&viewAll=department&page=,£3.90,£1.56/litre,,,/groceries/en-GB/products/292915750,https://digitalcontent.api.tesco.com/v2/media/ghs/b956318f-6307-4fe3-8fb8-a0ad79ce29ca/343669ce-b87e-4933-ae48-a8fb757f0f45.jpeg?h=225&w=225,
254866444,Ting Grapefruit Crush 330Ml,https://www.tesco.com/groceries/en-GB/shop/food-cupboard/all?department=World%20Foods&viewAll=department&page=,£0.50,£0.15/100ml,,,/groceries/en-GB/products/254866444,https://digitalcontent.api.tesco.com/v2/media/ghs/31592cf5-9f5d-4950-80d4-23f21f9d8f51/2cb2ee1a-dcaa-4426-be88-45718653f720_1312815436.jpeg?h=225&w=225,
271681089,E.Wedel Aha! Sezamki Bar 27.2G,https://www.tesco.com/groceries/en-GB/shop/food-cupboard/all?department=World%20Foods&viewAll=department&page=,£0.35,£1.29/100g,,,/groceries/en-GB/products/271681089,https://digitalcontent.api.tesco.com/v2/media/ghs/54bed535-d531-47ea-a335-401b03e32f16/21df5fbf-b75c-41e6-a9f3-db951aebcff2_2107496608.jpeg?h=225&w=225,
278654762,Bavaria 4.3% Premium Beer 500Ml,https://www.tesco.com/groceries/en-GB/shop/food-cupboard/all?department=World%20Foods&viewAll=department&page=,£1.00,£2.00/litre,,,/groceries/en-GB/products/278654762,https://digitalcontent.api.tesco.com/v2/media/ghs/d8b777b2-d22e-42fd-956d-ac9031c05af6/snapshotimagehandler_1114594713.jpeg?h=225&w=225,
258050084,Carnation Sweetened Condensed Milk 397G,https://www.tesco.com/groceries/en-GB/shop/food-cupboard/all?department=World%20Foods&viewAll=department&page=,£1.55,£3.91/kg,£1.25 Clubcard Price,,/groceries/en-GB/products/258050084,https://digitalcontent.api.tesco.com/v2/media/ghs/60c10876-b53c-44e0-b27a-536468db6042/5dc02d9d-7079-4ecc-809f-a787bbce49f5_1908579499.jpeg?h=225&w=225,
267461920,East End Desiccated Coconut 200G,https://www.tesco.com/groceries/en-GB/shop/food-cupboard/all?department=World%20Foods&viewAll=department&page=,£0.75,£3.75/kg,,,/groceries/en-GB/products/267461920,https://digitalcontent.api.tesco.com/v2/media/ghs/0ccd3820-0d18-4357-b2a1-8fce3fc454fa/83d20762-dede-4585-9645-47b107498498_694107315.jpeg?h=225&w=225,
272515844,Tesco Vegetable Oil 5 Litre,https://www.tesco.com/groceries/en-GB/shop/food-cupboard/all?department=World%20Foods&viewAll=department&page=,£8.00,£0.16/100ml,,,/groceries/en-GB/products/272515844,https://digitalcontent.api.tesco.com/v2/media/ghs/3cb17737-f1d6-408d-a722-dd7af2a553bc/9f8c8abf-ff76-43a2-a59d-8c7189136734_45430576.jpeg?h=225&w=225,
252489732,Blooms Cocktail Viennas 340G,https://www.tesco.com/groceries/en-GB/shop/food-cupboard/all?department=World%20Foods&viewAll=department&page=,£4.50,£1.33/100g,,,/groceries/en-GB/products/252489732,https://digitalcontent.api.tesco.com/v2/media/ghs/390621db-a9e5-4bf3-88ec-866e0e361cb4/05ebf37f-875f-4c6e-a15a-92e265ccf0ac.jpeg?h=225&w=225,
280966505,Gosh Original Falafel 300G,https://www.tesco.com/groceries/en-GB/shop/food-cupboard/all?department=World%20Foods&viewAll=department&page=,£2.95,£0.98/100g,,,/groceries/en-GB/products/280966505,https://digitalcontent.api.tesco.com/v2/media/ghs/83fdf101-b92d-4687-a650-8a1f4c1938ea/f5761b28-2444-4e04-99fd-a497be20380e.jpeg?h=225&w=225,
302036513,Humza Paratha Original 1.6Kg,https://www.tesco.com/groceries/en-GB/shop/food-cupboard/all?department=World%20Foods&viewAll=department&page=,£3.50,£0.22/100g,,,/groceries/en-GB/products/302036513,https://digitalcontent.api.tesco.com/v2/media/ghs/91babae7-1686-4b1a-91cc-045257075e3e/3bdbf434-bf2a-433b-b477-20c6d5e67602.jpeg?h=225&w=225,
268582625,Tesco Panko Breadcrumbs 150G,https://www.tesco.com/groceries/en-GB/shop/food-cupboard/all?department=World%20Foods&viewAll=department&page=,£1.75,£11.67/kg,,,/groceries/en-GB/products/268582625,https://digitalcontent.api.tesco.com/v2/media/ghs/6d3d99f7-edf8-43ac-8803-09547609f6b8/62bd50e3-d76d-4cf9-b1bc-e906aecd283c_943580778.jpeg?h=225&w=225,
305971587,Najma Halal Chicken Smoked Sausages 400G,https://www.tesco.com/groceries/en-GB/shop/food-cupboard/all?department=World%20Foods&viewAll=department&page=,£2.00,£0.50/100g DR.WT,,,/groceries/en-GB/products/305971587,https://digitalcontent.api.tesco.com/v2/media/ghs/d672105a-478c-4d35-8fc0-63573fa290cb/4c62ee76-34b1-48c3-b60f-3b0c43bfd137.jpeg?h=225&w=225,
285958559,Kingfisher Lager Beer 650Ml,https://www.tesco.com/groceries/en-GB/shop/food-cupboard/all?department=World%20Foods&viewAll=department&page=,£2.20,£3.39/litre,Any 3 for £5 Clubcard Price - Selected Beers 330ml - 710ml,,/groceries/en-GB/products/285958559,https://digitalcontent.api.tesco.com/v2/media/ghs/7a7ec375-9db7-4d81-891d-8b00f243bd20/d47a3270-ad13-4090-a05b-783ede08b1d1_1359275067.jpeg?h=225&w=225,
272916318,Yutaka Tofu 349G,https://www.tesco.com/groceries/en-GB/shop/food-cupboard/all?department=World%20Foods&viewAll=department&page=,£1.70,£0.49/100g,,,/groceries/en-GB/products/272916318,https://digitalcontent.api.tesco.com/v2/media/ghs/cd3def5f-4201-414c-b37e-610804d95926/3ca916c6-8725-415e-b068-8b96aea2e7df_2113153367.jpeg?h=225&w=225,
267536775,Vifon Vegetarian Instant Noodles 70G,https://www.tesco.com/groceries/en-GB/shop/food-cupboard/all?department=World%20Foods&viewAll=department&page=,£0.60,£8.58/kg,,,/groceries/en-GB/products/267536775,https://digitalcontent.api.tesco.com/v2/media/ghs/213ada72-f095-42e8-863a-9dc46200c4be/5d97fa76-f9e3-4f8e-b76d-d14221e3f129_765041381.jpeg?h=225&w=225,
260709064,Port Royal Mixed Vegetable Jamaican Patty 140G,https://www.tesco.com/groceries/en-GB/shop/food-cupboard/all?department=World%20Foods&viewAll=department&page=,£1.10,£0.79/100g,£1.00 Clubcard Price,,/groceries/en-GB/products/260709064,https://digitalcontent.api.tesco.com/v2/media/ghs/4a6443fb-c6bb-4d14-adf1-20b8c4c79d20/ffd3071e-3c9a-4736-bd47-feaf609fee21.jpeg?h=225&w=225,
266639851,Lowicz Twarog Half Fat Curd Cheese 250G,https://www.tesco.com/groceries/en-GB/shop/food-cupboard/all?department=World%20Foods&viewAll=department&page=,£1.25,£5.00/kg,,,/groceries/en-GB/products/266639851,https://digitalcontent.api.tesco.com/v2/media/ghs/d545757e-18be-46ee-b61e-727273a0749f/7dd1e009-e917-4cdd-8de6-08fa069c6abc.jpeg?h=225&w=225,
285097912,Grace Sweet Ripe Plantain Chips Unsalted 85G,https://www.tesco.com/groceries/en-GB/shop/food-cupboard/all?department=World%20Foods&viewAll=department&page=,£1.00,£1.18/100g,,,/groceries/en-GB/products/285097912,https://digitalcontent.api.tesco.com/v2/media/ghs/3aa77947-63e8-4612-8258-463b4228ba90/2d6695c5-617a-4575-b303-c86c04b842ef_1098771991.jpeg?h=225&w=225,
277805131,Dunns River Black Beans In Salted Water 400G,https://www.tesco.com/groceries/en-GB/shop/food-cupboard/all?department=World%20Foods&viewAll=department&page=,£0.80,£3.48/kg DR.WT,,,/groceries/en-GB/products/277805131,https://digitalcontent.api.tesco.com/v2/media/ghs/c6c862e5-cd3f-4fa4-a825-bd5a2575d10c/99ca286b-df9b-426b-b1c1-3b5bb9f74eb1_989477927.jpeg?h=225&w=225,
301340920,Mama Noodle Chicken 90G,https://www.tesco.com/groceries/en-GB/shop/food-cupboard/all?department=World%20Foods&viewAll=department&page=,£0.80,£8.89/kg,,,/groceries/en-GB/products/301340920,https://digitalcontent.api.tesco.com/v2/media/ghs/1c50cf5e-4ef3-4b94-a7be-fd51116cd797/93b1d958-6577-468c-a8fe-aa27ba8c4c9f_490576507.jpeg?h=225&w=225,
263565815,Dunns River All Purpose Seasoning 100G,https://www.tesco.com/groceries/en-GB/shop/food-cupboard/all?department=World%20Foods&viewAll=department&page=,£1.00,£1.00/100g,,,/groceries/en-GB/products/263565815,https://digitalcontent.api.tesco.com/v2/media/ghs/e4f2dc1c-5930-4684-815c-daa03e081569/0f670c6d-a8ca-4261-b6c8-5b06588c0d9b_1436149828.jpeg?h=225&w=225,
288591313,Morliny Wiejska Smoked Pork Sausages Slices 100G,https://www.tesco.com/groceries/en-GB/shop/food-cupboard/all?department=World%20Foods&viewAll=department&page=,£1.10,£1.10/100g,,,/groceries/en-GB/products/288591313,https://digitalcontent.api.tesco.com/v2/media/ghs/23a0fe86-cbb2-41aa-9307-857673d17b61/62130e62-4f1d-41b9-b102-2eef21af3769.jpeg?h=225&w=225,
304783673,Balcerzak Turkey Breast Slices 100G,https://www.tesco.com/groceries/en-GB/shop/food-cupboard/all?department=World%20Foods&viewAll=department&page=,£1.15,£1.15/100g,,,/groceries/en-GB/products/304783673,https://digitalcontent.api.tesco.com/v2/media/ghs/0f50f250-b66b-4228-810d-cffcfd1e4e5c/1c04efd2-625c-4c1c-a0bd-2933407f3d8c.jpeg?h=225&w=225,
297242869,Pride Coconut Milk Light 400Ml,https://www.tesco.com/groceries/en-GB/shop/food-cupboard/all?department=World%20Foods&viewAll=department&page=,£1.00,£2.50/litre,,,/groceries/en-GB/products/297242869,https://digitalcontent.api.tesco.com/v2/media/ghs/1470aada-d7e4-4c6e-a7e1-b301b2028cbd/9c0faf3e-522b-48ab-94c6-0b0d5861ad17_542055988.jpeg?h=225&w=225,
272409815,Aasani Chapattis 8S 360G,https://www.tesco.com/groceries/en-GB/shop/food-cupboard/all?department=World%20Foods&viewAll=department&page=,£1.20,£0.33/100g,,,/groceries/en-GB/products/272409815,https://digitalcontent.api.tesco.com/v2/media/ghs/6df5258c-f71a-4076-aed4-50425e239ac3/47315c5e-80ce-4576-a06e-ccda6a9d53a2_191175474.jpeg?h=225&w=225,
288568895,Mlekovita 18% Fat Sour Cream 400G,https://www.tesco.com/groceries/en-GB/shop/food-cupboard/all?department=World%20Foods&viewAll=department&page=,£1.25,£0.31/100g,,,/groceries/en-GB/products/288568895,https://digitalcontent.api.tesco.com/v2/media/ghs/10d9ce8f-e5b5-49f8-98be-05c8c4400863/613ecdfb-6519-4d7d-9050-ec87085f7d80.jpeg?h=225&w=225,
275460391,Pudliszki Mild Tomato Ketchup 480G,https://www.tesco.com/groceries/en-GB/shop/food-cupboard/all?department=World%20Foods&viewAll=department&page=,£1.15,£0.24/100g,,,/groceries/en-GB/products/275460391,https://digitalcontent.api.tesco.com/v2/media/ghs/f984976b-0e52-4956-a588-10a6fe0c0255/e6505997-bce9-4a0f-8ccf-50a496237c47_2110273363.jpeg?h=225&w=225,
264286049,Mlekovita Gouda Polish Cheese Slices 150G,https://www.tesco.com/groceries/en-GB/shop/food-cupboard/all?department=World%20Foods&viewAll=department&page=,£1.30,£8.67/kg,,,/groceries/en-GB/products/264286049,https://digitalcontent.api.tesco.com/v2/media/ghs/61a00acf-b655-47d5-83e3-17f7254e1ac0/54ae5cc9-8206-4f11-ad25-0930c9492e6f.jpeg?h=225&w=225,
254407292,Pride Lemon Juice 250Ml,https://www.tesco.com/groceries/en-GB/shop/food-cupboard/all?department=World%20Foods&viewAll=department&page=,£0.75,£0.30/100ml,,,/groceries/en-GB/products/254407292,https://digitalcontent.api.tesco.com/v2/media/ghs/004d66b0-cad4-43d1-8264-233de07bec07/5a862315-64fb-45ac-a512-0b5197238aef_840604767.jpeg?h=225&w=225,
255218992,Heineken Lager 650Ml Bottle,https://www.tesco.com/groceries/en-GB/shop/food-cupboard/all?department=World%20Foods&viewAll=department&page=,£2.00,£3.08/litre,Any 3 for £5 Clubcard Price - Selected Beers 330ml - 710ml,,/groceries/en-GB/products/255218992,https://digitalcontent.api.tesco.com/v2/media/ghs/4641f3e0-b6b4-45fc-a0f4-c7da8dbc19c5/c3466388-1ca8-4c99-a95d-b51c12f2e13b_387552971.jpeg?h=225&w=225,
263197611,Jutrzenka Familijne Chocolate Wafers 180G,https://www.tesco.com/groceries/en-GB/shop/food-cupboard/all?department=World%20Foods&viewAll=department&page=,£0.80,£0.44/100g,60p Clubcard Price,,/groceries/en-GB/products/263197611,https://digitalcontent.api.tesco.com/v2/media/ghs/83b53d19-86ca-4abf-9691-5c72d023dc7e/385b7eae-90c6-4f63-8995-538e337aeae7_31751017.jpeg?h=225&w=225,
254866507,Rubicon Sparkling Mango Juice Drink 330Ml,https://www.tesco.com/groceries/en-GB/shop/food-cupboard/all?department=World%20Foods&viewAll=department&page=,£0.50,£0.15/100ml,,,/groceries/en-GB/products/254866507,https://digitalcontent.api.tesco.com/v2/media/ghs/b6aed83f-9aa0-4fd4-baf5-76699efef164/9e7577da-2d3d-45ec-ad0d-70df00367d8e_1811257946.jpeg?h=225&w=225,
275389585,K.A. Sparkling Fruit Punch Can 330Ml,https://www.tesco.com/groceries/en-GB/shop/food-cupboard/all?department=World%20Foods&viewAll=department&page=,£0.45,£0.14/100ml,,,/groceries/en-GB/products/275389585,https://digitalcontent.api.tesco.com/v2/media/ghs/032f53b9-979d-4adf-82dc-b8db8529d474/f3ba039b-d30f-4c46-bc55-f0256e79ccfc_1119598716.jpeg?h=225&w=225,
275351480,K.A. Sparkling Black Grape Soda Can 330Ml,https://www.tesco.com/groceries/en-GB/shop/food-cupboard/all?department=World%20Foods&viewAll=department&page=,£0.45,£0.14/100ml,,,/groceries/en-GB/products/275351480,https://digitalcontent.api.tesco.com/v2/media/ghs/8a7af96d-fa29-40f4-98b1-c866ebe2d696/f2487ec7-6587-4a5d-94c2-40f5302421aa_595270199.jpeg?h=225&w=225,
302274379,Sol. Original Beer 12X330ml,https://www.tesco.com/groceries/en-GB/shop/food-cupboard/all?department=World%20Foods&viewAll=department&page=,£8.00,£2.03/litre,,,/groceries/en-GB/products/302274379,https://digitalcontent.api.tesco.com/v2/media/ghs/1ade421b-c92b-4ffb-88a7-5fd69f6e2f23/0f035fc5-31a9-4f1d-9d2e-0a6a1d6dd5f2_1243986103.jpeg?h=225&w=225,
267584066,Prymat Sweet Paprika 20G,https://www.tesco.com/groceries/en-GB/shop/food-cupboard/all?department=World%20Foods&viewAll=department&page=,£0.35,£0.18/10g,25p Clubcard Price,,/groceries/en-GB/products/267584066,https://digitalcontent.api.tesco.com/v2/media/ghs/2cb01d6c-543e-4a14-a16c-4fdc74110d4e/430a3615-a0e2-425b-9127-5b7fbf4607d0_1314485453.jpeg?h=225&w=225,
287967879,Tesco Thai Hom Mali Aaa Jasmine Fragrant Rice 5Kg,https://www.tesco.com/groceries/en-GB/shop/food-cupboard/all?department=World%20Foods&viewAll=department&page=,£8.40,£1.68/kg,,,/groceries/en-GB/products/287967879,https://digitalcontent.api.tesco.com/v2/media/ghs/ca5ad719-60fd-432e-8944-cc7813b17c5f/snapshotimagehandler_568356459.jpeg?h=225&w=225,
250613290,Gilberts Salt Beef Brisket 170G,https://www.tesco.com/groceries/en-GB/shop/food-cupboard/all?department=World%20Foods&viewAll=department&page=,£6.50,£3.83/100g,,,/groceries/en-GB/products/250613290,https://digitalcontent.api.tesco.com/v2/media/ghs/f4407f34-31e6-48a0-8740-871c035ed99a/8bd470b7-2d23-40ed-b7c6-c83e2576f62d.jpeg?h=225&w=225,
272672231,Blue Dragon Rice Vinegar 150Ml,https://www.tesco.com/groceries/en-GB/shop/food-cupboard/all?department=World%20Foods&viewAll=department&page=,£2.10,£1.40/100ml,,,/groceries/en-GB/products/272672231,https://digitalcontent.api.tesco.com/v2/media/ghs/cc35cd08-77c4-45a5-b3a3-a3184389ea4e/244c88cb-5daf-46d3-a984-66b51b02eb85_1429827728.jpeg?h=225&w=225,
282511494,Grace Coconut Water 1 Litre,https://www.tesco.com/groceries/en-GB/shop/food-cupboard/all?department=World%20Foods&viewAll=department&page=,£2.70,£0.27/100ml,£2.25 Clubcard Price,,/groceries/en-GB/products/282511494,https://digitalcontent.api.tesco.com/v2/media/ghs/a0d3aa81-c3c9-46e6-8391-2cf111543df8/snapshotimagehandler_1236647493.jpeg?h=225&w=225,
276732425,Lee Kum Kee Premium Dark Soy Sauce 500Ml,https://www.tesco.com/groceries/en-GB/shop/food-cupboard/all?department=World%20Foods&viewAll=department&page=,£2.30,£0.46/100ml,,,/groceries/en-GB/products/276732425,https://digitalcontent.api.tesco.com/v2/media/ghs/a5399d15-3acb-4188-a483-7e68418e2a85/a5de55e2-848b-45c3-9eaf-b832ffd8939c_154896687.jpeg?h=225&w=225,
301413443,Samyang Hot Chicken Flavour Cup Ramen 70G,https://www.tesco.com/groceries/en-GB/shop/food-cupboard/all?department=World%20Foods&viewAll=department&page=,£1.25,£17.86/kg,,,/groceries/en-GB/products/301413443,https://digitalcontent.api.tesco.com/v2/media/ghs/cab1a0e6-3e4d-4ef3-bb0c-f27839025f85/b58a9dbf-a62d-4e71-8bb8-7acdecff58f8_1575091200.jpeg?h=225&w=225,
258519055,Old Jamaica Ginger Beer 1.5 Litres,https://www.tesco.com/groceries/en-GB/shop/food-cupboard/all?department=World%20Foods&viewAll=department&page=,£1.85,£0.12/100ml,,,/groceries/en-GB/products/258519055,https://digitalcontent.api.tesco.com/v2/media/ghs/fb21f17c-7cf5-4369-939c-6565bf081448/3873eb5b-99a7-4ea1-bc7f-0d845a0aecce_863356800.jpeg?h=225&w=225,
302036496,Humza Paratha Original 400G,https://www.tesco.com/groceries/en-GB/shop/food-cupboard/all?department=World%20Foods&viewAll=department&page=,£1.80,£0.45/100g,,,/groceries/en-GB/products/302036496,https://digitalcontent.api.tesco.com/v2/media/ghs/1d2671ed-a41c-4688-a7a7-c52ef38b9763/69328193-2eef-4b28-9564-df1fb43652a2.jpeg?h=225&w=225,
306499769,Najma Mini Chicken Smoked Sausages 400G,https://www.tesco.com/groceries/en-GB/shop/food-cupboard/all?department=World%20Foods&viewAll=department&page=,£2.00,£0.50/100g DR.WT,,,/groceries/en-GB/products/306499769,https://digitalcontent.api.tesco.com/v2/media/ghs/899663a0-5756-4585-9e43-cb653bc8f875/3d7e3b4d-bc49-4fe5-ab0c-7d74fc2df7c4.jpeg?h=225&w=225,
312207740,Tesco Katsu Curry Paste 200G,https://www.tesco.com/groceries/en-GB/shop/food-cupboard/all?department=World%20Foods&viewAll=department&page=,£1.80,£0.90/100g,,New,/groceries/en-GB/products/312207740,https://digitalcontent.api.tesco.com/v2/media/ghs-mktg/b0b04216-fa73-466d-a9d7-c9fcfa1ce9b3/no-image.jpeg,
291347980,Morliny Berlinki Chicken 250G,https://www.tesco.com/groceries/en-GB/shop/food-cupboard/all?department=World%20Foods&viewAll=department&page=,£1.40,£0.56/100g,,,/groceries/en-GB/products/291347980,https://digitalcontent.api.tesco.com/v2/media/ghs/77a58b71-71e5-4e94-9088-3445b56cc73e/5e779e19-20e9-45f0-bbc4-5e32344f3d42.jpeg?h=225&w=225,
301064423,Itsu Miso'easy Traditional Miso 5X21g,https://www.tesco.com/groceries/en-GB/shop/food-cupboard/all?department=World%20Foods&viewAll=department&page=,£2.00,£1.91/100g,£1.50 Clubcard Price,,/groceries/en-GB/products/301064423,https://digitalcontent.api.tesco.com/v2/media/ghs/e513adc1-47d9-408f-95b6-d3ba193bdddd/6141eed9-1546-447b-9803-ee49a4fa73f3_1413378615.jpeg?h=225&w=225,
264594358,Shana Plain Paratha 5 Pack 400G,https://www.tesco.com/groceries/en-GB/shop/food-cupboard/all?department=World%20Foods&viewAll=department&page=,£1.85,£0.46/100g,,,/groceries/en-GB/products/264594358,https://digitalcontent.api.tesco.com/v2/media/ghs/d8a678d6-8bfb-490f-9d3f-2dd4d34cb7ce/aa39d878-db79-486b-950d-7529f38d3359.jpeg?h=225&w=225,
285097892,Grace Green Plantain Chips Salted 85G,https://www.tesco.com/groceries/en-GB/shop/food-cupboard/all?department=World%20Foods&viewAll=department&page=,£1.00,£1.18/100g,,,/groceries/en-GB/products/285097892,https://digitalcontent.api.tesco.com/v2/media/ghs/5fee211d-91d9-49c3-a06b-bf3a2475de3c/f31b6f3e-f635-4238-a946-e636eb47d3f3_319653559.jpeg?h=225&w=225,
259959684,Dunns River Coconut Milk 400Ml,https://www.tesco.com/groceries/en-GB/shop/food-cupboard/all?department=World%20Foods&viewAll=department&page=,£1.10,£2.75/litre,,,/groceries/en-GB/products/259959684,https://digitalcontent.api.tesco.com/v2/media/ghs/26909153-adf8-49fe-beb0-c7f9b02fbdb0/81fb0f6d-9bc9-48ed-b2a9-252bc407ca54_262708820.jpeg?h=225&w=225,
259346827,Grace Cock Flavour Soup Mix 50G,https://www.tesco.com/groceries/en-GB/shop/food-cupboard/all?department=World%20Foods&viewAll=department&page=,£0.65,£1.30/100g,,,/groceries/en-GB/products/259346827,https://digitalcontent.api.tesco.com/v2/media/ghs/e57678c9-4664-4a75-9583-7634bfefdd6b/e750d424-07fc-4402-9218-29b00b4b4f8b_678122472.jpeg?h=225&w=225,
299581556,Yutaka Miso Paste 100G,https://www.tesco.com/groceries/en-GB/shop/food-cupboard/all?department=World%20Foods&viewAll=department&page=,£1.55,£1.55/100g,,,/groceries/en-GB/products/299581556,https://digitalcontent.api.tesco.com/v2/media/ghs/f03d7840-0446-4acc-b08c-43795313e02b/d4c6b35f-dbf5-49f7-a086-e431ccd4e905_269029526.jpeg?h=225&w=225,
268589186,Puck Cheese Spread Alternative 240G,https://www.tesco.com/groceries/en-GB/shop/food-cupboard/all?department=World%20Foods&viewAll=department&page=,£1.50,£6.25/kg,,,/groceries/en-GB/products/268589186,https://digitalcontent.api.tesco.com/v2/media/ghs/28703eb3-ee39-4fb9-8ad9-5c2160131a7f/048b6cc9-d91b-4ef2-a3d2-5c49327d88c3_1284325986.jpeg?h=225&w=225,
257442342,Maggi Liquid Seasoning 101Ml,https://www.tesco.com/groceries/en-GB/shop/food-cupboard/all?department=World%20Foods&viewAll=department&page=,£1.20,£1.19/100ml,£1.00 Clubcard Price,,/groceries/en-GB/products/257442342,https://digitalcontent.api.tesco.com/v2/media/ghs/bb7cfb21-4a67-484e-a104-b3f7d4a8281e/4e3f6d62-32cb-4d8d-a67d-d819da044cc8_1090876615.jpeg?h=225&w=225,
303693527,Yo! Teriyaki Sweet & Sticky Stir Fry Sauce 100G,https://www.tesco.com/groceries/en-GB/shop/food-cupboard/all?department=World%20Foods&viewAll=department&page=,£1.05,£1.05/100g,75p Clubcard Price,,/groceries/en-GB/products/303693527,https://digitalcontent.api.tesco.com/v2/media/ghs/ae44dba0-ef66-4140-9c4d-c88e535828a2/3872c7c6-129b-4d7f-b339-fec5cfd37e49_1307085508.jpeg?h=225&w=225,
274483993,N-Gine Energy Drink Blue 250Ml,https://www.tesco.com/groceries/en-GB/shop/food-cupboard/all?department=World%20Foods&viewAll=department&page=,,,,,/groceries/en-GB/products/274483993,https://digitalcontent.api.tesco.com/v2/media/ghs/2164af72-6e9e-48dc-9b74-26ff571bcda1/f85e693d-4ff8-4aa2-9b36-a8e098c13113_1711067351.jpeg?h=225&w=225,This product's currently out of stock
297133872,Old Jamaica Extra Fiery Zero 330Ml,https://www.tesco.com/groceries/en-GB/shop/food-cupboard/all?department=World%20Foods&viewAll=department&page=,£0.55,£0.17/100ml,,,/groceries/en-GB/products/297133872,https://digitalcontent.api.tesco.com/v2/media/ghs/d4891001-6e39-407c-aaa9-85ae8b7b6123/851eb366-ec18-462c-b582-0ab8b098ae37.jpeg?h=225&w=225,
259636611,Mr Freeds Small Fried Fish Balls 300G,https://www.tesco.com/groceries/en-GB/shop/food-cupboard/all?department=World%20Foods&viewAll=department&page=,£4.75,£1.59/100g,,,/groceries/en-GB/products/259636611,https://digitalcontent.api.tesco.com/v2/media/ghs/9b5524e4-7f99-482c-bcf5-e5b808d26ed6/3c2c9c00-f4b1-4741-847d-92e7f5862557.jpeg?h=225&w=225,
283868450,Gosh Moroccan Falafel 300G,https://www.tesco.com/groceries/en-GB/shop/food-cupboard/all?department=World%20Foods&viewAll=department&page=,£2.95,£0.98/100g,,,/groceries/en-GB/products/283868450,https://digitalcontent.api.tesco.com/v2/media/ghs/7b0d259f-4d87-46c4-94e7-441865f4c651/bdc7846c-cbf7-4051-983c-ede8b7e94466_1618801098.jpeg?h=225&w=225,
263414246,Goldfish Chinese Curry Sauce 405G,https://www.tesco.com/groceries/en-GB/shop/food-cupboard/all?department=World%20Foods&viewAll=department&page=,£2.75,£0.68/100g,,,/groceries/en-GB/products/263414246,,
262524503,Chevington Mild Cheddar Cheese Sliced 200G,https://www.tesco.com/groceries/en-GB/shop/food-cupboard/all?department=World%20Foods&viewAll=department&page=,£2.65,£13.25/kg,,,/groceries/en-GB/products/262524503,https://digitalcontent.api.tesco.com/v2/media/ghs/3acc35d3-9c41-4a3b-9be5-820c71525c91/snapshotimagehandler_1677524472.jpeg?h=225&w=225,
255611140,Supermalt Multipack 6 X 330Ml,https://www.tesco.com/groceries/en-GB/shop/food-cupboard/all?department=World%20Foods&viewAll=department&page=,£4.40,£0.22/100ml,,,/groceries/en-GB/products/255611140,https://digitalcontent.api.tesco.com/v2/media/ghs/6d78d30f-66d3-4dfc-99ac-4612c203215b/fce951bf-d4aa-4cc1-bdec-bd54cb850358_335376687.jpeg?h=225&w=225,
271113164,Dunns River Nurishment Original Vanilla Flavoured 400G,https://www.tesco.com/groceries/en-GB/shop/food-cupboard/all?department=World%20Foods&viewAll=department&page=,£1.40,£0.35/100g,,,/groceries/en-GB/products/271113164,https://digitalcontent.api.tesco.com/v2/media/ghs/72e6d87e-7749-494e-8237-8da6f51b9fda/9d491f07-ac64-44ab-9361-416104f505ab_235697267.jpeg?h=225&w=225,
267776029,East End Popcorn 500G,https://www.tesco.com/groceries/en-GB/shop/food-cupboard/all?department=World%20Foods&viewAll=department&page=,£1.45,£2.90/kg,,,/groceries/en-GB/products/267776029,https://digitalcontent.api.tesco.com/v2/media/ghs/6ac07a4e-8f26-4006-b2d5-8d3a8dd3c8a3/452bf449-d42e-41df-b446-d5522551676f_678986365.jpeg?h=225&w=225,
262280560,Dawtona Tomato Puree 200G,https://www.tesco.com/groceries/en-GB/shop/food-cupboard/all?department=World%20Foods&viewAll=department&page=,£1.10,£5.50/kg,,,/groceries/en-GB/products/262280560,https://digitalcontent.api.tesco.com/v2/media/ghs/8260ea9b-cca0-405c-bba7-4305296f72de/8d8432fc-cccd-4dd2-800f-6484e3d02204_2026945817.jpeg?h=225&w=225,
305247506,Encona Scotch Bonnet Pepper Extra Hot Sauce 220Ml,https://www.tesco.com/groceries/en-GB/shop/food-cupboard/all?department=World%20Foods&viewAll=department&page=,£1.55,£0.70/100ml,,,/groceries/en-GB/products/305247506,https://digitalcontent.api.tesco.com/v2/media/ghs/ede78be2-2338-4000-a6f1-501dcc337a86/8bf19ec8-00aa-4013-8fca-cae35a9d95b6_1822385790.jpeg?h=225&w=225,
303889204,Healthy Boy Sweet Chilli Sauce 350G,https://www.tesco.com/groceries/en-GB/shop/food-cupboard/all?department=World%20Foods&viewAll=department&page=,£1.65,£0.47/100g,,,/groceries/en-GB/products/303889204,https://digitalcontent.api.tesco.com/v2/media/ghs/b8b81cd0-3238-45f8-820a-70d52730b724/320f511c-7d47-4106-811d-74c4d6b0e2d3_525997926.jpeg?h=225&w=225,
259214581,Island Sun Coconut Milk 400Ml,https://www.tesco.com/groceries/en-GB/shop/food-cupboard/all?department=World%20Foods&viewAll=department&page=,£1.00,£2.50/litre,,,/groceries/en-GB/products/259214581,https://digitalcontent.api.tesco.com/v2/media/ghs/8abb75ea-248f-4314-8491-caa7c710fac0/7aa0a349-7cb9-494b-b886-7d528ea33081_1871534197.jpeg?h=225&w=225,
261633289,East End Brown Lentils 500G,https://www.tesco.com/groceries/en-GB/shop/food-cupboard/all?department=World%20Foods&viewAll=department&page=,£1.45,£2.90/kg,,,/groceries/en-GB/products/261633289,https://digitalcontent.api.tesco.com/v2/media/ghs/c0bc7c83-bc88-4b32-a0e8-5c51447ac1c9/0512b9f3-53eb-4be4-8721-45166421cfbb_686126429.jpeg?h=225&w=225,
270951866,Tahira Halal Chicken Frankfurters 10S 340G,https://www.tesco.com/groceries/en-GB/shop/food-cupboard/all?department=World%20Foods&viewAll=department&page=,£1.45,£4.27/kg,,,/groceries/en-GB/products/270951866,https://digitalcontent.api.tesco.com/v2/media/ghs/0d46e4fc-32d7-4278-9133-12c33fe65973/9846498e-3cb4-48e8-b5e5-7ec6d5e5b57a.jpeg?h=225&w=225,
271762074,Grace Pumpkin Soup Mix 50G,https://www.tesco.com/groceries/en-GB/shop/food-cupboard/all?department=World%20Foods&viewAll=department&page=,£0.65,£13.00/kg,,,/groceries/en-GB/products/271762074,https://digitalcontent.api.tesco.com/v2/media/ghs/95ea8081-a6ea-4223-a572-76fe58c68828/fd8a8cb2-1361-4a7b-a264-26ffc80e16cc_1522172595.jpeg?h=225&w=225,
264530776,Chevington Mature Cheddar,https://www.tesco.com/groceries/en-GB/shop/food-cupboard/all?department=World%20Foods&viewAll=department&page=,£2.90,£12.10/kg,,,/groceries/en-GB/products/264530776,https://digitalcontent.api.tesco.com/v2/media/ghs/eead401c-72e8-45a6-bc3d-d056060e51f1/snapshotimagehandler_262718475.jpeg?h=225&w=225,
254352954,Dunns River Jamaican Jerk Seasoning 100G,https://www.tesco.com/groceries/en-GB/shop/food-cupboard/all?department=World%20Foods&viewAll=department&page=,£1.00,£1.00/100g,,,/groceries/en-GB/products/254352954,https://digitalcontent.api.tesco.com/v2/media/ghs/24022c4c-de9a-4258-8558-d0f942fc4c35/cf0f26c3-d0f4-4803-90e6-7b2a024d63f0_1882825613.jpeg?h=225&w=225,
260745740,East End Garlic Powder 100G,https://www.tesco.com/groceries/en-GB/shop/food-cupboard/all?department=World%20Foods&viewAll=department&page=,£1.15,£0.12/10g,,,/groceries/en-GB/products/260745740,https://digitalcontent.api.tesco.com/v2/media/ghs/e4503483-7f1d-4ef7-90b7-251c7cfc11b5/cf37a152-e9b3-4ad6-b90a-a1bbb478bc80_1198486012.jpeg?h=225&w=225,
301341913,Ayam Premium Coconut Milk 200Ml,https://www.tesco.com/groceries/en-GB/shop/food-cupboard/all?department=World%20Foods&viewAll=department&page=,£0.85,£4.25/litre,,,/groceries/en-GB/products/301341913,https://digitalcontent.api.tesco.com/v2/media/ghs/2052fb04-f225-415c-8cac-39badc884606/1320818b-1d50-49a7-bc17-51db4da2c8cd_1228322944.jpeg?h=225&w=225,
287549729,Cofresh Chilli & Lemon Flavour Potato Grills 80G,https://www.tesco.com/groceries/en-GB/shop/food-cupboard/all?department=World%20Foods&viewAll=department&page=,£0.75,£0.94/100g,,,/groceries/en-GB/products/287549729,https://digitalcontent.api.tesco.com/v2/media/ghs/ded5dd02-deab-46f5-a390-d5522f702efd/7955088c-f505-4576-9585-c05f6c7053c2_884579430.jpeg?h=225&w=225,
288568578,Mlekovita Mazdaamer Cheese Slices 150G,https://www.tesco.com/groceries/en-GB/shop/food-cupboard/all?department=World%20Foods&viewAll=department&page=,£1.30,£8.67/kg,,,/groceries/en-GB/products/288568578,https://digitalcontent.api.tesco.com/v2/media/ghs/dd1324f4-c02b-4f55-bafa-c667d11e0a64/e01cb5ad-6b42-4ca5-bfe0-00c827e37936.jpeg?h=225&w=225,
290882116,Lowicz Kefir Yoghurt-Style Drink 400G,https://www.tesco.com/groceries/en-GB/shop/food-cupboard/all?department=World%20Foods&viewAll=department&page=,£0.80,£0.20/100g,,,/groceries/en-GB/products/290882116,https://digitalcontent.api.tesco.com/v2/media/ghs/4cc15077-fe77-4fb7-b4eb-e63111647a88/b616e389-5d74-42e4-9d92-6129d76e8eba.jpeg?h=225&w=225,
299789795,Krombacher Pils 660Ml,https://www.tesco.com/groceries/en-GB/shop/food-cupboard/all?department=World%20Foods&viewAll=department&page=,£2.20,£3.34/litre,Any 3 for £5 Clubcard Price - Selected Beers 330ml - 710ml,,/groceries/en-GB/products/299789795,https://digitalcontent.api.tesco.com/v2/media/ghs/514965c2-cfff-4565-a26d-d8fbd10feff4/44d54e57-6408-4807-ac57-e8ad498e2ca7_1492306814.jpeg?h=225&w=225,
267536562,Vifon Chicken Curry Instant Noodles 70G,https://www.tesco.com/groceries/en-GB/shop/food-cupboard/all?department=World%20Foods&viewAll=department&page=,£0.60,£8.58/kg,,,/groceries/en-GB/products/267536562,https://digitalcontent.api.tesco.com/v2/media/ghs/0244dbbf-2a7e-4afe-8dfb-d4e9e851bec2/9ffefcce-42d2-4af9-8277-cb951749b62d_80462385.jpeg?h=225&w=225,
309771178,Kurkure Masala Munch Dal Corn & Rice Snack 100G,https://www.tesco.com/groceries/en-GB/shop/food-cupboard/all?department=World%20Foods&viewAll=department&page=,£1.05,£1.05/100g,,,/groceries/en-GB/products/309771178,https://digitalcontent.api.tesco.com/v2/media/ghs/dcf30f38-d39e-4345-83a5-975113c640a9/d9970ca1-faa3-4eea-ab06-15665ca82496_1595987340.jpeg?h=225&w=225,
285648759,7 Days Croissant Double Max With Cocoa & Vanilla 60G,https://www.tesco.com/groceries/en-GB/shop/food-cupboard/all?department=World%20Foods&viewAll=department&page=,£0.45,£0.75/100g,,,/groceries/en-GB/products/285648759,https://digitalcontent.api.tesco.com/v2/media/ghs/4dc8a165-e590-4110-86ed-4b3a81b8634a/9d440730-c402-49da-8026-68fbcf3f89cc.jpeg?h=225&w=225,
271631040,Goplana Grzeski Chocolate Wafer 36G,https://www.tesco.com/groceries/en-GB/shop/food-cupboard/all?department=World%20Foods&viewAll=department&page=,£0.45,£1.25/100g,,,/groceries/en-GB/products/271631040,https://digitalcontent.api.tesco.com/v2/media/ghs/f3c21d45-06db-4c13-8b78-a42a981bc7e9/f1b16f05-78d6-4aa7-bc87-e5723c54a6d7_1201146700.jpeg?h=225&w=225,
275602817,Jutrzenka Bebe Herbatniki 16G,https://www.tesco.com/groceries/en-GB/shop/food-cupboard/all?department=World%20Foods&viewAll=department&page=,£0.20,£1.25/100g,,,/groceries/en-GB/products/275602817,https://digitalcontent.api.tesco.com/v2/media/ghs/87eab86e-b29b-4777-a374-f3d6daeb7240/c2c81b27-090f-4fce-bd86-b05bcce714ed_688031148.jpeg?h=225&w=225,
271113204,Dunns River Nurishment Original Strawberry 400G,https://www.tesco.com/groceries/en-GB/shop/food-cupboard/all?department=World%20Foods&viewAll=department&page=,£1.40,£0.35/100g,,,/groceries/en-GB/products/271113204,https://digitalcontent.api.tesco.com/v2/media/ghs/8fd52284-4321-4319-ba35-6a90a1f66963/26a7bd3c-de58-4675-a8dd-f7764be9472b_1994458341.jpeg?h=225&w=225,
279842342,Kubus Apple Banana Carrot & Strawberry Mousse 100G,https://www.tesco.com/groceries/en-GB/shop/food-cupboard/all?department=World%20Foods&viewAll=department&page=,£0.75,£0.75/100g,,,/groceries/en-GB/products/279842342,https://digitalcontent.api.tesco.com/v2/media/ghs/f1c2ed5b-91b4-4e65-9cd9-ea9066b22ec3/e5a60542-f309-4c9a-b866-80852241ba5e_1994773825.jpeg?h=225&w=225,
263294513,Laciate Milk 3.2% 1 Litre,https://www.tesco.com/groceries/en-GB/shop/food-cupboard/all?department=World%20Foods&viewAll=department&page=,£1.20,£1.20/litre,,,/groceries/en-GB/products/263294513,https://digitalcontent.api.tesco.com/v2/media/ghs/e359040e-3dcf-4746-8c3f-c1e1306bbeef/a1e41598-bd84-4d25-98d4-926f707aedd8_599607401.jpeg?h=225&w=225,
301518792,Itsu Seaweed Sweet Soy Multipack 3X5g,https://www.tesco.com/groceries/en-GB/shop/food-cupboard/all?department=World%20Foods&viewAll=department&page=,£2.00,£13.34/100g,£1.50 Clubcard Price,,/groceries/en-GB/products/301518792,https://digitalcontent.api.tesco.com/v2/media/ghs/0dd57958-17cd-4988-bc5a-eb6a44e77c36/e016d468-2672-423f-8a37-b88e8af67ed6_1158873663.jpeg?h=225&w=225,
281343475,Kuchnia Polska Sour Cucumber 700G,https://www.tesco.com/groceries/en-GB/shop/food-cupboard/all?department=World%20Foods&viewAll=department&page=,£1.50,£0.38/100g,,,/groceries/en-GB/products/281343475,https://digitalcontent.api.tesco.com/v2/media/ghs/3d62f1c4-40cb-4ec9-af6a-37423febd74d/365bd77e-f7bb-42ac-ba7b-552e72bff9f8_518986993.jpeg?h=225&w=225,
264056368,U Jedrusia Cottage Cheese Dumplings 400G,https://www.tesco.com/groceries/en-GB/shop/food-cupboard/all?department=World%20Foods&viewAll=department&page=,£1.45,£3.63/kg,,,/groceries/en-GB/products/264056368,https://digitalcontent.api.tesco.com/v2/media/ghs/66a96666-4e46-4ac2-8a9a-b67d4563cc0f/475d270e-9b43-44ec-aff6-9b8c8f23cdba_240508380.jpeg?h=225&w=225,
260148214,Tropical Sun Jmcan Ackee In Salted Water 280G,https://www.tesco.com/groceries/en-GB/shop/food-cupboard/all?department=World%20Foods&viewAll=department&page=,£2.70,£9.65/kg,,,/groceries/en-GB/products/260148214,https://digitalcontent.api.tesco.com/v2/media/ghs/b7740f76-2cc8-4786-85fc-ef02e780824b/78d93fb5-adbe-4da1-86d3-faef8abc8adb_971692782.jpeg?h=225&w=225,
259685863,East End Ground Coriander Powder 100G,https://www.tesco.com/groceries/en-GB/shop/food-cupboard/all?department=World%20Foods&viewAll=department&page=,£1.15,£0.12/10g,,,/groceries/en-GB/products/259685863,https://digitalcontent.api.tesco.com/v2/media/ghs/799d725a-d400-452d-935a-aa69932a1415/3899c3c6-3a3e-44cf-a76a-ad9a75e345c2_1320675926.jpeg?h=225&w=225,
276731668,Lee Kum Kee Panda Oyster Sauce 510G,https://www.tesco.com/groceries/en-GB/shop/food-cupboard/all?department=World%20Foods&viewAll=department&page=,£2.35,£0.46/100g,,,/groceries/en-GB/products/276731668,https://digitalcontent.api.tesco.com/v2/media/ghs/b359f329-142a-4f5f-a0e1-c1381986af68/2bd1aa00-ac4f-4eed-b9b1-ce4dc5abd457_1614983653.jpeg?h=225&w=225,
274308044,Pakeeza Henna Very Low Fat Natural Yogurt 1Kg,https://www.tesco.com/groceries/en-GB/shop/food-cupboard/all?department=World%20Foods&viewAll=department&page=,£1.50,£0.15/100g,,,/groceries/en-GB/products/274308044,https://digitalcontent.api.tesco.com/v2/media/ghs/35ba3a9b-21f5-4519-996d-8b7b10c55c1b/a4e4e391-6084-424f-a62d-a72093a8b19c.jpeg?h=225&w=225,
254390067,Rubicon Passion Fruit Juice Drink 1Ltr,https://www.tesco.com/groceries/en-GB/shop/food-cupboard/all?department=World%20Foods&viewAll=department&page=,£1.50,£0.15/100ml,,,/groceries/en-GB/products/254390067,https://digitalcontent.api.tesco.com/v2/media/ghs/2fb8f383-0a24-4703-b9fc-8eb80c8c68bf/45c25e82-10b2-4aa1-b241-c1c33dd9e9ab_1138372108.jpeg?h=225&w=225,
259685759,East End Garam Masala Powder 100G,https://www.tesco.com/groceries/en-GB/shop/food-cupboard/all?department=World%20Foods&viewAll=department&page=,£1.15,£0.12/10g,,,/groceries/en-GB/products/259685759,https://digitalcontent.api.tesco.com/v2/media/ghs/11a6ce60-4ea9-4dae-8295-1a8fb2bba448/f87f2555-969d-48cc-b432-c3438f7fdb1a_1971433032.jpeg?h=225&w=225,
272556945,Regal Lightly Salted Popcorn 150G,https://www.tesco.com/groceries/en-GB/shop/food-cupboard/all?department=World%20Foods&viewAll=department&page=,£1.50,£1.00/100g,,,/groceries/en-GB/products/272556945,https://digitalcontent.api.tesco.com/v2/media/ghs/b5e7131e-15ab-42db-8cd6-2ff84f59ebad/9f02c84f-4df2-471b-9477-9102c5d7d960_136750373.jpeg?h=225&w=225,
271113187,Dunns River Nurishment Original Chocolate Flavoured 400G,https://www.tesco.com/groceries/en-GB/shop/food-cupboard/all?department=World%20Foods&viewAll=department&page=,£1.40,£0.35/100g,,,/groceries/en-GB/products/271113187,https://digitalcontent.api.tesco.com/v2/media/ghs/0be017f7-83f2-42c6-b088-703b7dba0f98/26acab45-86c1-40e7-b4e0-7058d0a21838_688987875.jpeg?h=225&w=225,
267798084,East End Lychees In Syrup 567G,https://www.tesco.com/groceries/en-GB/shop/food-cupboard/all?department=World%20Foods&viewAll=department&page=,£1.25,£2.21/kg,,,/groceries/en-GB/products/267798084,https://digitalcontent.api.tesco.com/v2/media/ghs/4d4905bf-3a45-46fa-a850-ceddc53b4785/c88239e5-2663-48c3-ae44-182a87ecfd1c_1827279300.jpeg?h=225&w=225,
261625437,Rubicon Mango Exotic Juice Drink 288Ml,https://www.tesco.com/groceries/en-GB/shop/food-cupboard/all?department=World%20Foods&viewAll=department&page=,£0.60,£0.21/100ml,,,/groceries/en-GB/products/261625437,https://digitalcontent.api.tesco.com/v2/media/ghs/00e900df-6951-4bf0-96f1-deedcfaeb587/63fbdfa1-ad7a-4878-ace8-71b319433967_1329952222.jpeg?h=225&w=225,
272556968,Regal Cinema Style Sweet Popcorn 250G,https://www.tesco.com/groceries/en-GB/shop/food-cupboard/all?department=World%20Foods&viewAll=department&page=,£1.50,£0.60/100g,,,/groceries/en-GB/products/272556968,https://digitalcontent.api.tesco.com/v2/media/ghs/367467ed-0426-4753-8814-b5d00f3257fa/77165290-955a-4960-943c-bb01516c18ac_120951137.jpeg?h=225&w=225,
305522313,Magicorn Eazypop Microwave Popcorn Salted Flavour 85G,https://www.tesco.com/groceries/en-GB/shop/food-cupboard/all?department=World%20Foods&viewAll=department&page=,£0.70,£0.82/100g,,,/groceries/en-GB/products/305522313,https://digitalcontent.api.tesco.com/v2/media/ghs/8237bb80-d76c-4510-85ab-8b76f80a387d/9ed76c03-4ba3-4e3b-a22d-7bac96c4f80e_1078467565.jpeg?h=225&w=225,
282845317,Kuchnia Polska Sauerkraut 520G,https://www.tesco.com/groceries/en-GB/shop/food-cupboard/all?department=World%20Foods&viewAll=department&page=,£0.85,£0.16/100g,,,/groceries/en-GB/products/282845317,https://digitalcontent.api.tesco.com/v2/media/ghs/cefa66d1-a7ad-4a68-8c61-053fca972958/2e9b2890-d230-41e1-adfd-6ded8b9703d6_1428168011.jpeg?h=225&w=225,
290696187,Tyskie Polish Lager 650Ml,https://www.tesco.com/groceries/en-GB/shop/food-cupboard/all?department=World%20Foods&viewAll=department&page=,£2.20,£3.39/litre,Any 3 for £5 Clubcard Price - Selected Beers 330ml - 710ml,,/groceries/en-GB/products/290696187,https://digitalcontent.api.tesco.com/v2/media/ghs/9141b7e6-2b45-40dd-95c7-1c29a95a9ab8/91d1ea45-7e34-4b24-8c9b-8cd72ec7699c_1629742594.jpeg?h=225&w=225,
260747790,East End Green Cardamom 50G,https://www.tesco.com/groceries/en-GB/shop/food-cupboard/all?department=World%20Foods&viewAll=department&page=,£2.60,£0.52/10g,,,/groceries/en-GB/products/260747790,https://digitalcontent.api.tesco.com/v2/media/ghs/53739887-1565-4fb3-a66c-31a8aded6317/5e09dc13-efd7-45c5-8da0-7e7d79a812ee_1982008656.jpeg?h=225&w=225,
275389752,K.A. Sparkling Pineapple Soda Can 330Ml,https://www.tesco.com/groceries/en-GB/shop/food-cupboard/all?department=World%20Foods&viewAll=department&page=,£0.45,£0.14/100ml,,,/groceries/en-GB/products/275389752,https://digitalcontent.api.tesco.com/v2/media/ghs/08bf2008-a579-4a79-bcb0-76260d94375b/4ea7e595-edcf-410d-a885-616d6ff2373b_1127013453.jpeg?h=225&w=225,
280805714,Alibi Max Chocolate Bar With Coconut & Caramel 49G,https://www.tesco.com/groceries/en-GB/shop/food-cupboard/all?department=World%20Foods&viewAll=department&page=,£0.40,£0.82/100g,,,/groceries/en-GB/products/280805714,https://digitalcontent.api.tesco.com/v2/media/ghs/0db3b1ef-98a3-47b6-bc71-fd8126ebd0c4/3880942b-f315-4efc-a139-ea8c28101562_454612283.jpeg?h=225&w=225,
260148289,Nestle Nido Instant Full Cream Milk Powder 400G,https://www.tesco.com/groceries/en-GB/shop/food-cupboard/all?department=World%20Foods&viewAll=department&page=,£5.00,£1.25/100g,,,/groceries/en-GB/products/260148289,https://digitalcontent.api.tesco.com/v2/media/ghs/8a3898fd-113a-4ec0-b7f0-8b4ece2cbd30/8473a249-2c45-40e0-ad69-0725285dbefd_369458955.jpeg?h=225&w=225,
297199776,Dino's Famous Big Dogs 1030G,https://www.tesco.com/groceries/en-GB/shop/food-cupboard/all?department=World%20Foods&viewAll=department&page=,£5.00,£0.70/100g DR.WT,,,/groceries/en-GB/products/297199776,https://digitalcontent.api.tesco.com/v2/media/ghs/24fc9626-d157-41ba-9622-72950012eacc/72383e7f-0cab-45ce-959a-ec29ff4cafd1_1066439632.jpeg?h=225&w=225,
266258950,Nestle Nido Instant Full Cream Milk Powder 900G,https://www.tesco.com/groceries/en-GB/shop/food-cupboard/all?department=World%20Foods&viewAll=department&page=,£8.50,£0.94/100g,,,/groceries/en-GB/products/266258950,https://digitalcontent.api.tesco.com/v2/media/ghs/cc526808-656d-4167-b1a1-2b383688aaa4/4fca99c3-b885-4398-b62e-8603444d764c_1414943895.jpeg?h=225&w=225,
255218744,Heineken Lager 5% Cans 6 X 330Ml,https://www.tesco.com/groceries/en-GB/shop/food-cupboard/all?department=World%20Foods&viewAll=department&page=,£6.30,£3.19/litre,£4.50 Clubcard Price,,/groceries/en-GB/products/255218744,https://digitalcontent.api.tesco.com/v2/media/ghs/251deae9-6f51-4754-9e1d-236985cce684/032c45f8-d1cb-4f4c-8124-1ac6dcf26982.jpeg?h=225&w=225,
305050548,Cawoods Skinless & Boneless Saltfish 200G,https://www.tesco.com/groceries/en-GB/shop/food-cupboard/all?department=World%20Foods&viewAll=department&page=,£2.60,£1.30/100g,,,/groceries/en-GB/products/305050548,https://digitalcontent.api.tesco.com/v2/media/ghs/924def27-4bda-499a-ab6a-34ee379fe452/334a6abe-4bb8-4943-93c8-6ea9645dd5ab_771842402.jpeg?h=225&w=225,
268585864,Tesco Sushi Rice 500G,https://www.tesco.com/groceries/en-GB/shop/food-cupboard/all?department=World%20Foods&viewAll=department&page=,£1.80,£3.60/kg,,,/groceries/en-GB/products/268585864,https://digitalcontent.api.tesco.com/v2/media/ghs/e2d59b36-56b7-4fb4-bc8b-dea253912e96/snapshotimagehandler_11624650.jpeg?h=225&w=225,
301269417,Rubicon Sparkling Mango Drink 18 X 330Ml,https://www.tesco.com/groceries/en-GB/shop/food-cupboard/all?department=World%20Foods&viewAll=department&page=,£6.50,£0.11/100ml,,,/groceries/en-GB/products/301269417,https://digitalcontent.api.tesco.com/v2/media/ghs/3d1610c2-173c-450e-83fb-928531502b5e/8d5e297f-c0b8-4286-a681-c5bdb124f875_814549489.jpeg?h=225&w=225,
262524371,Chevington Sliced Light Cheese 200G,https://www.tesco.com/groceries/en-GB/shop/food-cupboard/all?department=World%20Foods&viewAll=department&page=,£2.65,£13.25/kg,,,/groceries/en-GB/products/262524371,https://digitalcontent.api.tesco.com/v2/media/ghs/8b1f0bb4-60bd-432b-818e-41842dd157a1/snapshotimagehandler_1485977835.jpeg?h=225&w=225,
271657355,Tesco Medium Chapatti Flour 10Kg,https://www.tesco.com/groceries/en-GB/shop/food-cupboard/all?department=World%20Foods&viewAll=department&page=,£5.50,£0.55/kg,,,/groceries/en-GB/products/271657355,https://digitalcontent.api.tesco.com/v2/media/ghs/ff2cc61d-121a-4da6-9abc-cbeb35161f48/a12423e8-88b2-4ede-87be-89956ea3736d_1775486767.jpeg?h=225&w=225,
303870116,Hapi Dry Roasted Edamame With Sea Salt Beans 100G,https://www.tesco.com/groceries/en-GB/shop/food-cupboard/all?department=World%20Foods&viewAll=department&page=,£1.50,£1.50/100g,,,/groceries/en-GB/products/303870116,https://digitalcontent.api.tesco.com/v2/media/ghs/272719da-60ce-4816-95b1-f8e8c1030248/99bb7090-22ab-410e-b3f2-37143c353b94_466253938.jpeg?h=225&w=225,
291547259,Najma Halal Sliced Turkey Chorizo 80G,https://www.tesco.com/groceries/en-GB/shop/food-cupboard/all?department=World%20Foods&viewAll=department&page=,£1.50,£1.88/100g,,,/groceries/en-GB/products/291547259,https://digitalcontent.api.tesco.com/v2/media/ghs/28b5b3dc-da33-4366-9548-75a84b3d770d/c553fcee-400d-448f-8b03-9cff444a6173_1851755924.jpeg?h=225&w=225,
252395497,Carnation Light Evaporated Milk 410G,https://www.tesco.com/groceries/en-GB/shop/food-cupboard/all?department=World%20Foods&viewAll=department&page=,£1.40,£3.42/kg,,,/groceries/en-GB/products/252395497,https://digitalcontent.api.tesco.com/v2/media/ghs/e08c7f91-11e9-4c17-9894-332a33e07912/a92cb47a-e5dd-4335-8d3c-4b1b5a3d7b5c_1918868246.jpeg?h=225&w=225,
305251063,Thai Dragon Fish Sauce 200Ml,https://www.tesco.com/groceries/en-GB/shop/food-cupboard/all?department=World%20Foods&viewAll=department&page=,£1.75,£0.88/100ml,,,/groceries/en-GB/products/305251063,https://digitalcontent.api.tesco.com/v2/media/ghs/4b8381bf-9d54-43bc-9ef5-6c6196b539a8/deee0c44-7099-4547-a5d2-12c553ae07d4_907910195.jpeg?h=225&w=225,
259740971,East End Turmeric Powder 100G,https://www.tesco.com/groceries/en-GB/shop/food-cupboard/all?department=World%20Foods&viewAll=department&page=,£1.15,£0.12/10g,,,/groceries/en-GB/products/259740971,https://digitalcontent.api.tesco.com/v2/media/ghs/9e84fddd-5f52-40f4-9475-ea81ee845b86/1216de87-9019-44bb-865b-6285cbc8e332_1580553791.jpeg?h=225&w=225,
291894498,Me Too! Jalapeno Houmous 250G,https://www.tesco.com/groceries/en-GB/shop/food-cupboard/all?department=World%20Foods&viewAll=department&page=,£1.80,£0.72/100g,,,/groceries/en-GB/products/291894498,https://digitalcontent.api.tesco.com/v2/media/ghs/affb8ded-7bef-4770-ac6f-6d556dfff6c0/3c1a86b3-faef-42f4-8a60-25a37e48cc9b.jpeg?h=225&w=225,
304795872,Duda Torunska Sausage 440G,https://www.tesco.com/groceries/en-GB/shop/food-cupboard/all?department=World%20Foods&viewAll=department&page=,£2.50,£0.57/100g,,,/groceries/en-GB/products/304795872,https://digitalcontent.api.tesco.com/v2/media/ghs/5e40c383-5731-45da-8657-b6e391183a56/a8a0f6ac-797e-4c9d-8835-b341db3780c0.jpeg?h=225&w=225,
268312318,Blooms Salami Chub 227G,https://www.tesco.com/groceries/en-GB/shop/food-cupboard/all?department=World%20Foods&viewAll=department&page=,£2.70,£1.19/100g,,,/groceries/en-GB/products/268312318,https://digitalcontent.api.tesco.com/v2/media/ghs/aa27ffd6-9a35-49c4-a3a3-ff8307fbee10/5ea32e01-9a81-4376-ba68-b67e2e334c7c_258666573.jpeg?h=225&w=225,
297762616,Najma Spanish Turkey Salami 80G,https://www.tesco.com/groceries/en-GB/shop/food-cupboard/all?department=World%20Foods&viewAll=department&page=,£1.50,£1.88/100g,,,/groceries/en-GB/products/297762616,https://digitalcontent.api.tesco.com/v2/media/ghs/bea9c8ac-45eb-4a0a-b4ea-888105b9c457/25efda6f-e634-4269-a546-868c5de17deb_472961658.jpeg?h=225&w=225,
271208035,Pride Creamed Coconut 198G,https://www.tesco.com/groceries/en-GB/shop/food-cupboard/all?department=World%20Foods&viewAll=department&page=,£0.95,£0.48/100g,,,/groceries/en-GB/products/271208035,https://digitalcontent.api.tesco.com/v2/media/ghs/9d745f90-b4d6-4034-a624-23b566bd4cc1/3c521360-bf04-417a-a1d6-8325714d51b0_1277207176.jpeg?h=225&w=225,
259685788,East End Cumin Whole Jeera 100G,https://www.tesco.com/groceries/en-GB/shop/food-cupboard/all?department=World%20Foods&viewAll=department&page=,£1.15,£0.12/10g,,,/groceries/en-GB/products/259685788,https://digitalcontent.api.tesco.com/v2/media/ghs/0d627b0e-fb22-4d0c-a654-479f13b4e7cf/ccaa2ee7-623d-408f-a3a5-1209bcc3a4ac_432426700.jpeg?h=225&w=225,
272109404,Grace 100% Halal Corned Beef 340G,https://www.tesco.com/groceries/en-GB/shop/food-cupboard/all?department=World%20Foods&viewAll=department&page=,£2.95,£8.68/kg,,,/groceries/en-GB/products/272109404,https://digitalcontent.api.tesco.com/v2/media/ghs/eab4f82d-e729-40a0-956c-4c4b8fa6f42f/7a8cfd7d-b5cf-4f9a-8a0e-af320ef92997_805664028.jpeg?h=225&w=225,
254352862,Dunns River Everyday Seasoning 100G,https://www.tesco.com/groceries/en-GB/shop/food-cupboard/all?department=World%20Foods&viewAll=department&page=,£1.00,£1.00/100g,,,/groceries/en-GB/products/254352862,https://digitalcontent.api.tesco.com/v2/media/ghs/609c1ada-fbbe-46ff-a3e0-8fbb5da1fb13/5ed04e7e-5123-411e-b580-3fa3d3427d13_749461401.jpeg?h=225&w=225,
282152837,Haribo Halal Gold Bears 100G,https://www.tesco.com/groceries/en-GB/shop/food-cupboard/all?department=World%20Foods&viewAll=department&page=,£1.00,£1.00/100g,,,/groceries/en-GB/products/282152837,https://digitalcontent.api.tesco.com/v2/media/ghs/878d8348-16c3-4b7b-a3cc-7e02d289d627/3d1d7cb0-240d-4024-a690-0fb032afa09a_1012717916.jpeg?h=225&w=225,
260666706,Royal Chai Masala Tea With Out Sugar 180G,https://www.tesco.com/groceries/en-GB/shop/food-cupboard/all?department=World%20Foods&viewAll=department&page=,£2.10,£1.17/100g,,,/groceries/en-GB/products/260666706,https://digitalcontent.api.tesco.com/v2/media/ghs/2d4778ad-665a-4090-9b5c-de4ff6bad362/d1697a78-8e9f-40f8-b846-8b7f40ab3be5_920365864.jpeg?h=225&w=225,
268112336,Samai Sweet Plantain Chips 75G,https://www.tesco.com/groceries/en-GB/shop/food-cupboard/all?department=World%20Foods&viewAll=department&page=,£0.85,£1.14/100g,,,/groceries/en-GB/products/268112336,https://digitalcontent.api.tesco.com/v2/media/ghs/a7493440-e1e3-498c-9ab6-c2c3f5f136f3/6761f61d-1e7e-4f66-9108-8266d3d3b97c_1988297402.jpeg?h=225&w=225,
268111844,Samai Salted Plantain Chips 75G,https://www.tesco.com/groceries/en-GB/shop/food-cupboard/all?department=World%20Foods&viewAll=department&page=,£0.85,£1.14/100g,,,/groceries/en-GB/products/268111844,https://digitalcontent.api.tesco.com/v2/media/ghs/1325dbcd-ed0b-4956-805b-d3be83b0bcca/ba7dac77-bd66-439a-b06a-1d1933bdf862_1709245498.jpeg?h=225&w=225,
275061713,Serge Island Peanut Punch 240Ml,https://www.tesco.com/groceries/en-GB/shop/food-cupboard/all?department=World%20Foods&viewAll=department&page=,£0.80,£0.33/100ml,,,/groceries/en-GB/products/275061713,https://digitalcontent.api.tesco.com/v2/media/ghs/b142db78-b865-44eb-9660-5ab1fdec8052/672661f4-55bf-49e7-982b-92073bd57f85_1312588235.jpeg?h=225&w=225,
267766295,Jammin Sparkling Black Grape Drink 2 Litres,https://www.tesco.com/groceries/en-GB/shop/food-cupboard/all?department=World%20Foods&viewAll=department&page=,£0.90,£0.04/100ml,,,/groceries/en-GB/products/267766295,https://digitalcontent.api.tesco.com/v2/media/ghs/efaa4259-8450-46b9-beff-cf2f49fff714/3be0ad28-bb42-4a4a-a1a6-e11945dd15f1_1774823779.jpeg?h=225&w=225,
267778766,Jammin Sparkling Fruit Punch Drink 2 Litres,https://www.tesco.com/groceries/en-GB/shop/food-cupboard/all?department=World%20Foods&viewAll=department&page=,£0.90,£0.04/100ml,,,/groceries/en-GB/products/267778766,https://digitalcontent.api.tesco.com/v2/media/ghs/66843fd5-326c-46ca-8502-30330bc039bd/947e2ea4-f03a-4ad4-86f7-fe39ef8c67c0_2136814756.jpeg?h=225&w=225,
273169578,Wonderfarm Young Coconut Water 310Ml,https://www.tesco.com/groceries/en-GB/shop/food-cupboard/all?department=World%20Foods&viewAll=department&page=,£0.65,£0.21/100ml,,,/groceries/en-GB/products/273169578,https://digitalcontent.api.tesco.com/v2/media/ghs/1c1d3cc6-88b7-4db4-afb2-699c32cfa3ad/8db627cc-a8a0-4528-bbdb-ad4c4977ed9a_534020840.jpeg?h=225&w=225,
266573271,Prymat Chicken Seasoning 30G,https://www.tesco.com/groceries/en-GB/shop/food-cupboard/all?department=World%20Foods&viewAll=department&page=,£0.35,£0.12/10g,25p Clubcard Price,,/groceries/en-GB/products/266573271,https://digitalcontent.api.tesco.com/v2/media/ghs/43f05ff3-b8fb-4515-b02b-26b861c4bbb7/f7f23e43-9a61-4a2c-bf96-dea6fb213f24_657848891.jpeg?h=225&w=225,
281865197,Kikkoman Soy Sauce 1 Litre,https://www.tesco.com/groceries/en-GB/shop/food-cupboard/all?department=World%20Foods&viewAll=department&page=,£6.90,£0.69/100ml,,,/groceries/en-GB/products/281865197,https://digitalcontent.api.tesco.com/v2/media/ghs/00bd1aa6-2936-4af7-8695-b6594641c3f6/f2ead805-079c-4da1-838d-e033de0f1cc4_1562279801.jpeg?h=225&w=225,
303881649,Ocean's Halo Sushi Nori 28G,https://www.tesco.com/groceries/en-GB/shop/food-cupboard/all?department=World%20Foods&viewAll=department&page=,£3.00,£10.72/100g,,,/groceries/en-GB/products/303881649,https://digitalcontent.api.tesco.com/v2/media/ghs/da84ec73-07b7-407c-8e35-c9403a1cd6b0/1337f427-03dc-497c-9e35-cc81fed131ff_1100073057.jpeg?h=225&w=225,
302471285,Tahira Chicken Smoked Sausages Hot Dogs 500G,https://www.tesco.com/groceries/en-GB/shop/food-cupboard/all?department=World%20Foods&viewAll=department&page=,£2.70,£0.54/100g,,,/groceries/en-GB/products/302471285,https://digitalcontent.api.tesco.com/v2/media/ghs/e856ba6f-8635-42dc-8851-515774d69a7b/b7aad833-0b96-42af-ac79-7e8e7eeb37a8_895026747.jpeg?h=225&w=225,
306824719,Al'fez Moroccan Meatball Sauce 450G,https://www.tesco.com/groceries/en-GB/shop/food-cupboard/all?department=World%20Foods&viewAll=department&page=,£2.25,£0.50/100g,,,/groceries/en-GB/products/306824719,https://digitalcontent.api.tesco.com/v2/media/ghs/b547e495-7850-4d20-95f0-1cc55363d060/371e6a0c-2f66-40bd-9da6-62eaf7b59f34_1726884950.jpeg?h=225&w=225,
291546266,Najma Sliced Chicken With Herbs 150G,https://www.tesco.com/groceries/en-GB/shop/food-cupboard/all?department=World%20Foods&viewAll=department&page=,£2.30,£1.54/100g,,,/groceries/en-GB/products/291546266,https://digitalcontent.api.tesco.com/v2/media/ghs/136bcaff-4b3b-4371-8eb3-7ed108cdc8c6/7d2acaa6-bb9c-4a02-87d0-71be223de5e1_1481809882.jpeg?h=225&w=225,
286058586,Tchibo Family Roasted Ground Coffee 250G,https://www.tesco.com/groceries/en-GB/shop/food-cupboard/all?department=World%20Foods&viewAll=department&page=,£2.00,£0.80/100g,,,/groceries/en-GB/products/286058586,https://digitalcontent.api.tesco.com/v2/media/ghs/880cb378-b0fe-49bc-8d69-f5c0c2fb4a45/f4aac024-08ae-4b47-8504-cd9a2111cb5c_1687893347.jpeg?h=225&w=225,
305735211,Island Sun Dried Salted Skinless & Boneless Saltfish 250G,https://www.tesco.com/groceries/en-GB/shop/food-cupboard/all?department=World%20Foods&viewAll=department&page=,£2.90,£1.16/100g,,,/groceries/en-GB/products/305735211,https://digitalcontent.api.tesco.com/v2/media/ghs/067ae569-1e67-4172-873a-a694d2f97518/6c48c7ba-359b-4a43-b73e-d8141d15c760_1904950782.jpeg?h=225&w=225,
297569500,Rajah Jeera Ground Cumin 400G,https://www.tesco.com/groceries/en-GB/shop/food-cupboard/all?department=World%20Foods&viewAll=department&page=,£2.00,£0.05/10g,,,/groceries/en-GB/products/297569500,https://digitalcontent.api.tesco.com/v2/media/ghs/0d51a118-6e3b-4394-9360-1dfc5d329530/18f78250-3b26-4542-9baf-db08c6ffff53_2104475801.jpeg?h=225&w=225,
305053666,Thai Dragon Green Curry Paste 400G,https://www.tesco.com/groceries/en-GB/shop/food-cupboard/all?department=World%20Foods&viewAll=department&page=,£1.95,£0.49/100g,,,/groceries/en-GB/products/305053666,https://digitalcontent.api.tesco.com/v2/media/ghs/0e99b737-3fb5-48b2-9b38-6ddcbbcd580d/5401964f-8254-4e97-94cf-9f20b09bf28e_1887755952.jpeg?h=225&w=225,
301413368,Shandy Carib Sorrel 275Ml,https://www.tesco.com/groceries/en-GB/shop/food-cupboard/all?department=World%20Foods&viewAll=department&page=,£1.50,£5.46/litre,,,/groceries/en-GB/products/301413368,https://digitalcontent.api.tesco.com/v2/media/ghs/8522724e-76fe-4a59-9875-ee9a87f9766e/4b0d08cb-862b-40ad-a8d0-52a7365e5be1_1993742597.jpeg?h=225&w=225,
259347319,Grace Chicken Flavour Noodle Soup Mix 60G,https://www.tesco.com/groceries/en-GB/shop/food-cupboard/all?department=World%20Foods&viewAll=department&page=,£0.65,£1.09/100g,,,/groceries/en-GB/products/259347319,https://digitalcontent.api.tesco.com/v2/media/ghs/1e95c35a-7271-4d7a-bbd9-ac2e064d5a48/1be1324d-c661-48ba-a9a1-b90865f5ba7f_1745990748.jpeg?h=225&w=225,
271197109,Cofresh Karela 300G,https://www.tesco.com/groceries/en-GB/shop/food-cupboard/all?department=World%20Foods&viewAll=department&page=,£1.00,£3.34/kg,,,/groceries/en-GB/products/271197109,https://digitalcontent.api.tesco.com/v2/media/ghs/ff54ea68-510b-4982-bb32-d16e314e10c4/c4afa15e-8252-4eb3-a0f8-4ab28556ea8d.jpeg?h=225&w=225,
301596127,Pride Lime Juice 250Ml,https://www.tesco.com/groceries/en-GB/shop/food-cupboard/all?department=World%20Foods&viewAll=department&page=,£0.90,£0.36/100ml,,,/groceries/en-GB/products/301596127,https://digitalcontent.api.tesco.com/v2/media/ghs/eda8812a-3871-46be-967f-f2b1dff52353/86d3e188-2af7-4534-b5a7-b4287165af93_1664940713.jpeg?h=225&w=225,
308464019,Haribo Halal Happy Cola Zing 100G,https://www.tesco.com/groceries/en-GB/shop/food-cupboard/all?department=World%20Foods&viewAll=department&page=,£1.00,£1.00/100g,,,/groceries/en-GB/products/308464019,https://digitalcontent.api.tesco.com/v2/media/ghs/99980c90-ebae-40e0-ae16-50337b350e32/2c7d765e-6d70-4bd6-994e-40a7e9ab20fa_2022786905.jpeg?h=225&w=225,
271113227,Dunns River Nurishment Original Banana Flavoured 400G,https://www.tesco.com/groceries/en-GB/shop/food-cupboard/all?department=World%20Foods&viewAll=department&page=,£1.40,£0.35/100g,,,/groceries/en-GB/products/271113227,https://digitalcontent.api.tesco.com/v2/media/ghs/a3566acd-c8ee-425b-934c-78ae6f7ed641/7173f177-4587-4118-a5ea-f4d0c64a6eee_650439723.jpeg?h=225&w=225,
263294438,Laciate Milk 2% 1 Litre,https://www.tesco.com/groceries/en-GB/shop/food-cupboard/all?department=World%20Foods&viewAll=department&page=,£1.20,£1.20/litre,,,/groceries/en-GB/products/263294438,https://digitalcontent.api.tesco.com/v2/media/ghs/8e9e44c1-2455-42a1-ab32-557d91287459/3f7889de-ca97-41f4-876e-19dc2482dab7_1282751555.jpeg?h=225&w=225,
259488457,Pudliszki Hot Tomato Ketchup 480G,https://www.tesco.com/groceries/en-GB/shop/food-cupboard/all?department=World%20Foods&viewAll=department&page=,£1.15,£0.24/100g,,,/groceries/en-GB/products/259488457,https://digitalcontent.api.tesco.com/v2/media/ghs/080600e0-7cc7-412a-b0bd-a67d0abca86b/ab02d64f-94c7-422b-af00-d64eb336189a_522769467.jpeg?h=225&w=225,
262279482,Dawtona Tomato Juice 330Ml,https://www.tesco.com/groceries/en-GB/shop/food-cupboard/all?department=World%20Foods&viewAll=department&page=,£0.95,£0.29/100ml,,,/groceries/en-GB/products/262279482,https://digitalcontent.api.tesco.com/v2/media/ghs/a34e55fc-03cc-4ac8-b7e4-89fb496fb6ca/ed8b1c91-047b-4acf-90c9-61bacd31c8b4_1733683883.jpeg?h=225&w=225,
287547708,Cofresh Spicy Balti Mix 325G,https://www.tesco.com/groceries/en-GB/shop/food-cupboard/all?department=World%20Foods&viewAll=department&page=,£1.00,£0.31/100g,,,/groceries/en-GB/products/287547708,https://digitalcontent.api.tesco.com/v2/media/ghs/faea3dcb-a345-450f-81c5-3ba57225182b/47a7b1cc-8cf1-4051-8453-c0f3bfe9ec7f_1980229579.jpeg?h=225&w=225,
260666954,Royal Chai Masala Tea With Sugar 220G,https://www.tesco.com/groceries/en-GB/shop/food-cupboard/all?department=World%20Foods&viewAll=department&page=,£2.10,£0.96/100g,,,/groceries/en-GB/products/260666954,https://digitalcontent.api.tesco.com/v2/media/ghs/a11c740d-2994-46df-8db8-e64a35da217f/26f4f695-21bd-410f-b76c-2e0619e0f28c_869402822.jpeg?h=225&w=225,
271630945,Goplana Grzeski Hazelnut Wafer 36G,https://www.tesco.com/groceries/en-GB/shop/food-cupboard/all?department=World%20Foods&viewAll=department&page=,£0.45,£1.25/100g,,,/groceries/en-GB/products/271630945,https://digitalcontent.api.tesco.com/v2/media/ghs/6ed786d9-7a1d-4f31-8c7a-7283d725346c/5a776524-8a52-4369-a2a1-f75a0968ddb3_1399483508.jpeg?h=225&w=225,
302718254,Hell Energy Drink Classic 250Ml,https://www.tesco.com/groceries/en-GB/shop/food-cupboard/all?department=World%20Foods&viewAll=department&page=,£0.70,£0.28/100ml,,,/groceries/en-GB/products/302718254,https://digitalcontent.api.tesco.com/v2/media/ghs/803dae61-378f-425e-a06d-c02ba74e57b5/0a965fa1-8a69-4884-922e-651918d2166a_1186552320.jpeg?h=225&w=225,
267765676,Jammin Sparkling Pineapple Drink 2 Litres,https://www.tesco.com/groceries/en-GB/shop/food-cupboard/all?department=World%20Foods&viewAll=department&page=,£0.90,£0.04/100ml,,,/groceries/en-GB/products/267765676,https://digitalcontent.api.tesco.com/v2/media/ghs/a810aa8a-b1df-4ae4-9ff6-0e48cd37b17d/9a14b0b8-7efb-4ed6-bab6-50ca31ba2f75_1933784505.jpeg?h=225&w=225,
297003525,Cheezees Original 45G,https://www.tesco.com/groceries/en-GB/shop/food-cupboard/all?department=World%20Foods&viewAll=department&page=,£0.70,£1.56/100g,,,/groceries/en-GB/products/297003525,https://digitalcontent.api.tesco.com/v2/media/ghs/61812027-b611-4eaf-942f-023e640f1569/edd11548-7f81-48aa-8f1e-5706b0123e44_155336586.jpeg?h=225&w=225,
267573995,Maltina Classic Malt Drink Bottle 330Ml,https://www.tesco.com/groceries/en-GB/shop/food-cupboard/all?department=World%20Foods&viewAll=department&page=,£0.85,£0.26/100ml,,,/groceries/en-GB/products/267573995,https://digitalcontent.api.tesco.com/v2/media/ghs/14baf007-040e-4515-b8c6-592b992d0806/35a5aa06-8020-4b7d-9942-aa35171c9df8_855620807.jpeg?h=225&w=225,
271639066,Tymbark Apple Peach Strawberry Drink 200Ml,https://www.tesco.com/groceries/en-GB/shop/food-cupboard/all?department=World%20Foods&viewAll=department&page=,£0.35,£0.18/100ml,,,/groceries/en-GB/products/271639066,https://digitalcontent.api.tesco.com/v2/media/ghs/e631bcfc-5034-4eb9-8279-1054a2d879b6/4b143895-3478-4053-97f3-5eb9c48424d9_1155057211.jpeg?h=225&w=225,
301868463,Nestle Condensed Milk 397G,https://www.tesco.com/groceries/en-GB/shop/food-cupboard/all?department=World%20Foods&viewAll=department&page=,£1.30,£3.28/kg,,,/groceries/en-GB/products/301868463,https://digitalcontent.api.tesco.com/v2/media/ghs/5ede7c9a-81ca-4fc9-bb5e-177b2b24d633/ce7a0cbc-802c-4504-a309-ddaaf6cec16e_1478366598.jpeg?h=225&w=225,
293236653,Tilda Pure Original Basmati Rice 5Kg,https://www.tesco.com/groceries/en-GB/shop/food-cupboard/all?department=World%20Foods&viewAll=department&page=,£15.00,£3.00/kg,£12.00 Clubcard Price,,/groceries/en-GB/products/293236653,https://digitalcontent.api.tesco.com/v2/media/ghs/0676e3c4-d24e-4db0-a125-a69daa2a488c/b87dd94f-583c-4e12-8895-ab0a5ebbb74d_1022493883.jpeg?h=225&w=225,
293354386,Laila Basmati Rice 5Kg,https://www.tesco.com/groceries/en-GB/shop/food-cupboard/all?department=World%20Foods&viewAll=department&page=,£9.00,£1.80/kg,,,/groceries/en-GB/products/293354386,https://digitalcontent.api.tesco.com/v2/media/ghs/174943a2-7ec7-4c25-a1f3-f49d27e2dd62/be4eda22-d340-4963-8237-c894f13d1ca4_1930979664.jpeg?h=225&w=225,
267791644,East End Pure Butter Ghee 500G,https://www.tesco.com/groceries/en-GB/shop/food-cupboard/all?department=World%20Foods&viewAll=department&page=,£5.40,£10.80/kg,,,/groceries/en-GB/products/267791644,https://digitalcontent.api.tesco.com/v2/media/ghs/8258c525-a615-483d-badb-1de0cebcf366/91e94634-6c99-4a15-9b51-e1fb12645d7d_206934984.jpeg?h=225&w=225,
293428213,Solidarnosc Golden Cherry Chocolates In Liqueur 190G,https://www.tesco.com/groceries/en-GB/shop/food-cupboard/all?department=World%20Foods&viewAll=department&page=,£3.00,£1.58/100g,£2.50 Clubcard Price,,/groceries/en-GB/products/293428213,https://digitalcontent.api.tesco.com/v2/media/ghs/01ecbf69-c56b-4409-8544-9ffe95beec90/cf214467-dbcd-4007-a149-13607d8baa25_737265843.jpeg?h=225&w=225,
276731075,Lee Kum Kee Hoisin Sauce 210G,https://www.tesco.com/groceries/en-GB/shop/food-cupboard/all?department=World%20Foods&viewAll=department&page=,£2.10,£1.00/100g,,,/groceries/en-GB/products/276731075,https://digitalcontent.api.tesco.com/v2/media/ghs/0298c508-4766-45c5-b4b6-f90fa7d20988/bee78efe-7e94-4259-b953-9320a2242359_2133598399.jpeg?h=225&w=225,
276865043,Tiger Tiger 5Mm Rice Sticks 400G,https://www.tesco.com/groceries/en-GB/shop/food-cupboard/all?department=World%20Foods&viewAll=department&page=,£2.40,£6.00/kg,,,/groceries/en-GB/products/276865043,https://digitalcontent.api.tesco.com/v2/media/ghs/1754f8c7-3133-4e71-bc13-e60b5b6336c1/853b2aa4-c545-4483-a3e3-6e09f603e842_1325357260.jpeg?h=225&w=225,
254851824,Tahira Sliced Turkey Salami Slices 200G,https://www.tesco.com/groceries/en-GB/shop/food-cupboard/all?department=World%20Foods&viewAll=department&page=,£2.50,£1.25/100g,,,/groceries/en-GB/products/254851824,https://digitalcontent.api.tesco.com/v2/media/ghs/68b3cc0e-fc01-4a30-84a1-96b50223df8b/41022a10-1bb4-40b0-9c84-01cf4805576a_1761155825.jpeg?h=225&w=225,
302353448,Tarczynski Classic Pork Kabanos 200G,https://www.tesco.com/groceries/en-GB/shop/food-cupboard/all?department=World%20Foods&viewAll=department&page=,£2.10,£1.05/100g,,,/groceries/en-GB/products/302353448,https://digitalcontent.api.tesco.com/v2/media/ghs/4c54f241-f1d3-4c29-b372-1fabdfbae038/7fb5f54b-7f5f-45e2-a25b-9f56892a949f.jpeg?h=225&w=225,
281002960,Niru Tamarind Paste 454G,https://www.tesco.com/groceries/en-GB/shop/food-cupboard/all?department=World%20Foods&viewAll=department&page=,£2.10,£4.63/kg,,,/groceries/en-GB/products/281002960,https://digitalcontent.api.tesco.com/v2/media/ghs/d90e5322-51e5-4f58-8f33-61639ca90c62/50583c62-383a-4ff5-856c-55426e154a18_80140913.jpeg?h=225&w=225,
272855073,Yutaka Soba Noodles 250G,https://www.tesco.com/groceries/en-GB/shop/food-cupboard/all?department=World%20Foods&viewAll=department&page=,£1.40,£5.60/kg,,,/groceries/en-GB/products/272855073,https://digitalcontent.api.tesco.com/v2/media/ghs/64627ab7-dd81-4de7-bf34-05a7b8d11eea/9db625cb-8637-4cf5-a72c-dd01c15c2cff_765104101.jpeg?h=225&w=225,
259685828,East End Paprika Powder 100G,https://www.tesco.com/groceries/en-GB/shop/food-cupboard/all?department=World%20Foods&viewAll=department&page=,£1.15,£0.12/10g,,,/groceries/en-GB/products/259685828,https://digitalcontent.api.tesco.com/v2/media/ghs/ab7b3e18-6a36-4a8f-9254-b33475b959cb/19a17fcb-5acb-4d25-ba5b-138bd24bc601_456141726.jpeg?h=225&w=225,
307349262,Moryn Grated Horseradish 170G,https://www.tesco.com/groceries/en-GB/shop/food-cupboard/all?department=World%20Foods&viewAll=department&page=,£1.00,£0.59/100g,,,/groceries/en-GB/products/307349262,https://digitalcontent.api.tesco.com/v2/media/ghs/fd711142-aee8-4270-9622-03cc865aacdc/2d8b6ed4-1448-4ef7-b311-5bba66834166_901199909.jpeg?h=225&w=225,
265415651,Rubicon Guava Juice Drink 1 Litre,https://www.tesco.com/groceries/en-GB/shop/food-cupboard/all?department=World%20Foods&viewAll=department&page=,£1.50,£0.15/100ml,,,/groceries/en-GB/products/265415651,https://digitalcontent.api.tesco.com/v2/media/ghs/75256836-c6b0-4c53-ad51-93fbe955fae7/585bcd45-f2ec-4c97-890c-831ae06ef502_989764379.jpeg?h=225&w=225,
251286340,Rubicon Lychee Juice Drink 1 Litre,https://www.tesco.com/groceries/en-GB/shop/food-cupboard/all?department=World%20Foods&viewAll=department&page=,£1.50,£0.15/100ml,,,/groceries/en-GB/products/251286340,https://digitalcontent.api.tesco.com/v2/media/ghs/549d52a4-92bd-450d-972b-808d9fc0c3f9/d5c29996-35bc-4645-8b15-950f895058a3_318669414.jpeg?h=225&w=225,
285102222,Excelsior Jamaican Water Crackers 220G,https://www.tesco.com/groceries/en-GB/shop/food-cupboard/all?department=World%20Foods&viewAll=department&page=,£1.00,£0.46/100g,,,/groceries/en-GB/products/285102222,https://digitalcontent.api.tesco.com/v2/media/ghs/cd3263b8-0e1c-44b1-9c45-9e40a3545b51/ad390161-92b1-4782-bb2d-8423b68a5257_1759953156.jpeg?h=225&w=225,
271761473,Dunns River Creamed Coconut 200G,https://www.tesco.com/groceries/en-GB/shop/food-cupboard/all?department=World%20Foods&viewAll=department&page=,£1.20,£0.60/100g,,,/groceries/en-GB/products/271761473,https://digitalcontent.api.tesco.com/v2/media/ghs/d9b46462-a35a-4c8e-9573-03322446bd24/67691fdb-c32b-49fe-a590-dfd098e1b37b_1600237852.jpeg?h=225&w=225,
255934034,Dunns River Gungo Peas 400G,https://www.tesco.com/groceries/en-GB/shop/food-cupboard/all?department=World%20Foods&viewAll=department&page=,£0.80,£2.00/kg,,,/groceries/en-GB/products/255934034,https://digitalcontent.api.tesco.com/v2/media/ghs/d00b122c-14d7-4d1b-9127-594bbd13f3f9/020569ec-b29f-4699-8500-ed7c119460ff_2133129574.jpeg?h=225&w=225,
293272845,Tiger Tiger Ramen Stir Fry Noodles 400G,https://www.tesco.com/groceries/en-GB/shop/food-cupboard/all?department=World%20Foods&viewAll=department&page=,£1.30,£3.25/kg,,,/groceries/en-GB/products/293272845,https://digitalcontent.api.tesco.com/v2/media/ghs/b7b49a26-f411-45e3-bbc7-5d64544c3037/c9e1bc14-70fc-41da-8954-2024d1c9cf6e_1241039711.jpeg?h=225&w=225,
260742933,East End Chinese Cinnamon Sticks 100G,https://www.tesco.com/groceries/en-GB/shop/food-cupboard/all?department=World%20Foods&viewAll=department&page=,£1.15,£0.12/10g,,,/groceries/en-GB/products/260742933,https://digitalcontent.api.tesco.com/v2/media/ghs/030576a5-fdb6-4919-b0be-792e9e027dcf/bf9a15d1-2b90-454c-9bd3-8686b43e6ea4_641087618.jpeg?h=225&w=225,
304794504,Balcerzak Roasted Pork Loin 100G,https://www.tesco.com/groceries/en-GB/shop/food-cupboard/all?department=World%20Foods&viewAll=department&page=,£1.15,£1.15/100g,,,/groceries/en-GB/products/304794504,https://digitalcontent.api.tesco.com/v2/media/ghs/fd0192d6-4610-49f7-a042-79b9afabc39b/941e2288-94a0-49eb-8fd9-7a0d77475fe9.jpeg?h=225&w=225,
301596248,Cofresh Chilli & Lemon Bombay Mix 325G,https://www.tesco.com/groceries/en-GB/shop/food-cupboard/all?department=World%20Foods&viewAll=department&page=,£1.00,£0.31/100g,,,/groceries/en-GB/products/301596248,https://digitalcontent.api.tesco.com/v2/media/ghs/5be85a5a-44dd-4dd5-9d67-f3b5841b6958/978ae85d-d4dc-4b63-86da-819529f3d8dd_788429649.jpeg?h=225&w=225,
273698268,Lowicz Twarog Fat Free Curd Cheese 250G,https://www.tesco.com/groceries/en-GB/shop/food-cupboard/all?department=World%20Foods&viewAll=department&page=,£1.25,£0.50/100g,,,/groceries/en-GB/products/273698268,https://digitalcontent.api.tesco.com/v2/media/ghs/36489bd6-b2c1-45d2-bd7f-2a594593d93b/b22f5759-e0a2-4b03-93d8-e0b94ffe7b24.jpeg?h=225&w=225,
265629526,Drosed Podlaski Chicken Pate 100G,https://www.tesco.com/groceries/en-GB/shop/food-cupboard/all?department=World%20Foods&viewAll=department&page=,£0.50,£0.50/100g,,,/groceries/en-GB/products/265629526,https://digitalcontent.api.tesco.com/v2/media/ghs/be681bf9-45ea-4d67-885e-2069a0900bc2/b844d7fd-f541-41f6-acb7-98a06b117352_1401784975.jpeg?h=225&w=225,
261160750,East End Tamarind Sauce 260G,https://www.tesco.com/groceries/en-GB/shop/food-cupboard/all?department=World%20Foods&viewAll=department&page=,£1.20,£0.46/100g,,,/groceries/en-GB/products/261160750,https://digitalcontent.api.tesco.com/v2/media/ghs/99c1ec95-9c20-442d-8e16-bbb1253a697a/b2d32978-46e9-4190-9d0c-104d644e9c1d_1356657526.jpeg?h=225&w=225,
285099112,Grace Mighty Malt Drink Can 330Ml,https://www.tesco.com/groceries/en-GB/shop/food-cupboard/all?department=World%20Foods&viewAll=department&page=,£1.00,£0.30/100ml,,,/groceries/en-GB/products/285099112,https://digitalcontent.api.tesco.com/v2/media/ghs/79c8f4a9-bf05-4212-aa65-6debf81b3689/f19b8ad3-dd63-4a00-9e35-319136fedbb5_1913492169.jpeg?h=225&w=225,
271681498,7 Days Croissant With Spumante Filling 60G,https://www.tesco.com/groceries/en-GB/shop/food-cupboard/all?department=World%20Foods&viewAll=department&page=,£0.45,£0.75/100g,,,/groceries/en-GB/products/271681498,https://digitalcontent.api.tesco.com/v2/media/ghs/b1d486e5-87d5-416c-8189-b1771ef55fbd/45f00738-9adb-425d-aea4-8be6e4774955_1822484034.jpeg?h=225&w=225,
264640172,Mlekovita Gouda Polish Cheese 350G,https://www.tesco.com/groceries/en-GB/shop/food-cupboard/all?department=World%20Foods&viewAll=department&page=,£2.00,£5.72/kg,,,/groceries/en-GB/products/264640172,https://digitalcontent.api.tesco.com/v2/media/ghs/b0ea70ab-3740-4d9d-8195-927c64415886/e1ca7df5-c124-4211-b378-a73a9730d8f8.jpeg?h=225&w=225,
253320280,Rubicon Lychee Exotic Juice Drink 288Ml,https://www.tesco.com/groceries/en-GB/shop/food-cupboard/all?department=World%20Foods&viewAll=department&page=,£0.60,£0.21/100ml,,,/groceries/en-GB/products/253320280,https://digitalcontent.api.tesco.com/v2/media/ghs/da7e2740-703d-410e-b083-4d45917d6d1b/5299187a-0c25-4f17-89ee-786f05000078_1749198341.jpeg?h=225&w=225,
258503027,Wibisco Shirley Biscuits 105G,https://www.tesco.com/groceries/en-GB/shop/food-cupboard/all?department=World%20Foods&viewAll=department&page=,£0.50,£0.48/100g,,,/groceries/en-GB/products/258503027,https://digitalcontent.api.tesco.com/v2/media/ghs/51d2068a-75d2-4ef2-8a3c-7b8c2a48ffb8/79b92864-eabd-462e-8af9-9f41be178d2e_327675537.jpeg?h=225&w=225,
255577427,Natco Semolina Coarse 1.5Kg,https://www.tesco.com/groceries/en-GB/shop/food-cupboard/all?department=World%20Foods&viewAll=department&page=,£1.50,£1.00/kg,,,/groceries/en-GB/products/255577427,https://digitalcontent.api.tesco.com/v2/media/ghs/e30d2c6a-735d-41cb-b650-2f26d74180d0/71b82f3d-5a46-4153-93c4-a9c7e295883c_719907974.jpeg?h=225&w=225,
297559640,East End Himalayan Pink Salt 250G,https://www.tesco.com/groceries/en-GB/shop/food-cupboard/all?department=World%20Foods&viewAll=department&page=,£2.60,£0.10/10g,,,/groceries/en-GB/products/297559640,https://digitalcontent.api.tesco.com/v2/media/ghs/b3116a88-85f9-48b8-927f-13120502e939/713732c7-6398-4431-b464-e6bb03202d14_424259886.jpeg?h=225&w=225,
276730911,Lee Kum Kee Chiu Chow Chilli Oil 170G,https://www.tesco.com/groceries/en-GB/shop/food-cupboard/all?department=World%20Foods&viewAll=department&page=,£3.00,£1.77/100g,,,/groceries/en-GB/products/276730911,https://digitalcontent.api.tesco.com/v2/media/ghs/0d2e97dc-52a5-42f6-ae40-3d9466a013cb/b5e6c6c8-e3f9-4588-8383-bcfe957703df_559277777.jpeg?h=225&w=225,
303128144,Dunns River Jamaican Jerk Seasoning 300G,https://www.tesco.com/groceries/en-GB/shop/food-cupboard/all?department=World%20Foods&viewAll=department&page=,£2.40,£0.80/100g,,,/groceries/en-GB/products/303128144,https://digitalcontent.api.tesco.com/v2/media/ghs/3315b350-0013-495c-a9de-e002133a1a0c/6703101c-3ea7-4bfe-bc5b-457e282fdeed_1935436066.jpeg?h=225&w=225,
312992943,Miso Tasty Red Miso Soybean Paste 110G,https://www.tesco.com/groceries/en-GB/shop/food-cupboard/all?department=World%20Foods&viewAll=department&page=,£2.90,£2.64/100g,,New,/groceries/en-GB/products/312992943,https://digitalcontent.api.tesco.com/v2/media/ghs/0665480d-d831-4cc1-9ffc-b1f3e53cad28/1c4fada8-deb6-461a-8a01-332e24b918e6_794357315.jpeg?h=225&w=225,
313001146,Miso Tasty Organic White Miso Light Soy Paste 100G,https://www.tesco.com/groceries/en-GB/shop/food-cupboard/all?department=World%20Foods&viewAll=department&page=,£2.90,£2.64/100g,,New,/groceries/en-GB/products/313001146,https://digitalcontent.api.tesco.com/v2/media/ghs/2e19b375-c4d8-46b5-9c19-d2b7bf2d4d33/cfbe268d-a1b7-4104-9163-c615f68ddfc1_1079761615.jpeg?h=225&w=225,
254869280,Natco Red Lentils 2Kg,https://www.tesco.com/groceries/en-GB/shop/food-cupboard/all?department=World%20Foods&viewAll=department&page=,£3.70,£1.85/kg,,,/groceries/en-GB/products/254869280,https://digitalcontent.api.tesco.com/v2/media/ghs/b5a0a4bb-1255-4e2b-873d-73a52fcbedd0/ff34b69e-08f9-40e1-9967-35c21daeb6a2_1826371220.jpeg?h=225&w=225,
250199560,Baldwins Sarsaparilla 1 Litre,https://www.tesco.com/groceries/en-GB/shop/food-cupboard/all?department=World%20Foods&viewAll=department&page=,£1.90,£0.19/100ml,,,/groceries/en-GB/products/250199560,https://digitalcontent.api.tesco.com/v2/media/ghs/0ad3139d-12c7-4eff-afd4-02e037fe7f6f/c8d8e220-4ecf-4451-a16d-55f693b19eac_1597138312.jpeg?h=225&w=225,
262110048,Winiary Mayonnaise 400Ml,https://www.tesco.com/groceries/en-GB/shop/food-cupboard/all?department=World%20Foods&viewAll=department&page=,£2.00,£0.50/100ml,,,/groceries/en-GB/products/262110048,https://digitalcontent.api.tesco.com/v2/media/ghs/9d255d34-4afa-4be9-9b34-37835264f70b/snapshotimagehandler_1439973308.jpeg?h=225&w=225,
277006852,Al'fez Moroccan Spiced Couscous 200G,https://www.tesco.com/groceries/en-GB/shop/food-cupboard/all?department=World%20Foods&viewAll=department&page=,£1.60,£0.80/100g,£1.25 Clubcard Price,,/groceries/en-GB/products/277006852,https://digitalcontent.api.tesco.com/v2/media/ghs/4591a063-7756-4418-a2c6-68a82512717e/3f207c4b-6fce-4441-91ad-8ba66f07dec0_2126746404.jpeg?h=225&w=225,
278770480,Aleyna Sliced Red Jalapeno Peppers 480G,https://www.tesco.com/groceries/en-GB/shop/food-cupboard/all?department=World%20Foods&viewAll=department&page=,£1.15,£0.48/100g DR.WT,,,/groceries/en-GB/products/278770480,https://digitalcontent.api.tesco.com/v2/media/ghs/78612b84-0b4c-4836-b317-9c84131388d9/972aed56-d652-4e0b-89e9-c2a5670197a4_785206802.jpeg?h=225&w=225,
259741019,East End Ground Cumin Powder 100G,https://www.tesco.com/groceries/en-GB/shop/food-cupboard/all?department=World%20Foods&viewAll=department&page=,£1.15,£0.12/10g,,,/groceries/en-GB/products/259741019,https://digitalcontent.api.tesco.com/v2/media/ghs/fed09d5a-10a3-4f3e-9350-9969b0670b79/0bc596dc-455a-4e21-820f-ec0b6c735f35_1420694498.jpeg?h=225&w=225,
280823888,Kubus Apple & Banana Mousse 100G,https://www.tesco.com/groceries/en-GB/shop/food-cupboard/all?department=World%20Foods&viewAll=department&page=,£0.75,£0.75/100g,,,/groceries/en-GB/products/280823888,https://digitalcontent.api.tesco.com/v2/media/ghs/d67505dd-b5a0-400e-83a4-e621619ac447/a0f2bc61-bc15-4d9c-b710-3039fbd6c48c_1473674417.jpeg?h=225&w=225,
271736394,Grace Aloe Vera Drink 500Ml,https://www.tesco.com/groceries/en-GB/shop/food-cupboard/all?department=World%20Foods&viewAll=department&page=,£1.30,£0.26/100ml,,,/groceries/en-GB/products/271736394,https://digitalcontent.api.tesco.com/v2/media/ghs/f3eda15e-9b53-4bb6-b644-508a2db20f76/6d3da35a-4485-4ba6-acd1-3f4979f8b535_1589488793.jpeg?h=225&w=225,
301596283,Cofresh Hot Bombay Mix 325G,https://www.tesco.com/groceries/en-GB/shop/food-cupboard/all?department=World%20Foods&viewAll=department&page=,£1.00,£0.31/100g,,,/groceries/en-GB/products/301596283,https://digitalcontent.api.tesco.com/v2/media/ghs/271cd9ac-0d6c-48fb-88fd-0875b7e6e274/0ad7ba65-02b2-43a7-aec2-fdb727c51f1b_1564852046.jpeg?h=225&w=225,
258519888,Dunns River Red Kidney Beans 400G,https://www.tesco.com/groceries/en-GB/shop/food-cupboard/all?department=World%20Foods&viewAll=department&page=,£0.80,£2.00/kg,,,/groceries/en-GB/products/258519888,https://digitalcontent.api.tesco.com/v2/media/ghs/def264c2-3714-47ea-b039-4b64bca11204/1a11cd60-1098-4bb4-b099-39f6e08289ea_1236631004.jpeg?h=225&w=225,
271327959,Niru Coconut Water With Real Pieces Of Coconut 290Ml,https://www.tesco.com/groceries/en-GB/shop/food-cupboard/all?department=World%20Foods&viewAll=department&page=,£1.00,£0.34/100ml,,,/groceries/en-GB/products/271327959,https://digitalcontent.api.tesco.com/v2/media/ghs/8b1c6d99-797a-48c1-b635-fac6c17ba1a6/6fa0423a-a8b6-4555-afa2-90226fbce95d_1711359208.jpeg?h=225&w=225,
275463088,Kubus Water Strawberry Drink 500Ml,https://www.tesco.com/groceries/en-GB/shop/food-cupboard/all?department=World%20Foods&viewAll=department&page=,£0.80,£0.16/100ml,,,/groceries/en-GB/products/275463088,https://digitalcontent.api.tesco.com/v2/media/ghs/e3d42f82-f7cb-45f9-b968-8876a91d8e07/5fa3084f-bb0e-4fee-91ef-373f8bdce910_41493894.jpeg?h=225&w=225,
271329243,Niru Faluda Drink 290Ml,https://www.tesco.com/groceries/en-GB/shop/food-cupboard/all?department=World%20Foods&viewAll=department&page=,£1.00,£0.34/100ml,,,/groceries/en-GB/products/271329243,https://digitalcontent.api.tesco.com/v2/media/ghs/28af5d16-c1a0-4ad7-8fe6-c8eda6ffcb11/278d8807-baca-48f5-85d1-b4bcc104eb84_1260791870.jpeg?h=225&w=225,
267830720,Regal Crunchy Rusks 200G,https://www.tesco.com/groceries/en-GB/shop/food-cupboard/all?department=World%20Foods&viewAll=department&page=,£1.20,£0.60/100g,,,/groceries/en-GB/products/267830720,https://digitalcontent.api.tesco.com/v2/media/ghs/a6bd7f23-cad9-4be9-81f7-f6a0a41e0f25/62e84947-57e2-4d00-95d7-d6b44ec93fb9_794859937.jpeg?h=225&w=225,
309203368,Vifon Tomato Instant Noodle Soup 70G,https://www.tesco.com/groceries/en-GB/shop/food-cupboard/all?department=World%20Foods&viewAll=department&page=,£0.60,£0.86/100g,,,/groceries/en-GB/products/309203368,https://digitalcontent.api.tesco.com/v2/media/ghs/012f2b80-14ab-4623-9556-713fef50a075/6a5d928d-abee-4978-9931-9593134ba9aa_1881955674.jpeg?h=225&w=225,
305828804,Bundaberg Ginger Beer 375Ml,https://www.tesco.com/groceries/en-GB/shop/food-cupboard/all?department=World%20Foods&viewAll=department&page=,£1.40,£0.37/100ml,,,/groceries/en-GB/products/305828804,https://digitalcontent.api.tesco.com/v2/media/ghs/a0c73d6e-b9fd-4a03-8375-32b39ada6cf5/9f3e4897-6352-4315-bfc5-964c5fb2aec5_821675774.jpeg?h=225&w=225,
304790409,Duda Frankfurter Style Sausage 480G,https://www.tesco.com/groceries/en-GB/shop/food-cupboard/all?department=World%20Foods&viewAll=department&page=,£2.20,£0.46/100g,,,/groceries/en-GB/products/304790409,https://digitalcontent.api.tesco.com/v2/media/ghs/62373676-c519-41ba-bea1-6233906161fc/62637cf3-4cff-470f-a7d3-0c083874f986.jpeg?h=225&w=225,
292809559,Humza Meat Samosa 650G (20 Pieces),https://www.tesco.com/groceries/en-GB/shop/food-cupboard/all?department=World%20Foods&viewAll=department&page=,£4.50,£0.69/100g,,,/groceries/en-GB/products/292809559,https://digitalcontent.api.tesco.com/v2/media/ghs/043b2892-4750-481f-ae5c-7e4dccfcdf6a/1bec28db-d290-467d-87ca-5d58457a84e5.jpeg?h=225&w=225,
297686516,Camden Hells Lager Can 4 X 330Ml,https://www.tesco.com/groceries/en-GB/shop/food-cupboard/all?department=World%20Foods&viewAll=department&page=,£6.00,£4.55/litre,,,/groceries/en-GB/products/297686516,https://digitalcontent.api.tesco.com/v2/media/ghs/2d69cd8e-8dd2-41d1-a9c9-67dc3d8cf12a/eadf6fa0-6d04-4ea2-9a5b-2ab9ced4e579.jpeg?h=225&w=225,
305949442,Red Stripe Lager 6 X 330Ml,https://www.tesco.com/groceries/en-GB/shop/food-cupboard/all?department=World%20Foods&viewAll=department&page=,£6.25,£3.16/litre,,,/groceries/en-GB/products/305949442,https://digitalcontent.api.tesco.com/v2/media/ghs/5cb27495-d246-4d1c-a1ba-7a422fbfc3a9/2bfbd0fe-fe66-4656-858a-255fe6c3a66a_2018636767.jpeg?h=225&w=225,
272515499,Tesco Blended Pomace Oil 5 Litre Pet,https://www.tesco.com/groceries/en-GB/shop/food-cupboard/all?department=World%20Foods&viewAll=department&page=,£9.35,£0.19/100ml,,,/groceries/en-GB/products/272515499,https://digitalcontent.api.tesco.com/v2/media/ghs/efbc947a-09b8-4b38-a4c9-fa23bfad4fae/59959767-ae6b-4c5d-a80f-71391278b315_1417723006.jpeg?h=225&w=225,
279770052,Grace Aloe Vera Drink 1.5 Litres,https://www.tesco.com/groceries/en-GB/shop/food-cupboard/all?department=World%20Foods&viewAll=department&page=,£3.30,£0.22/100ml,,,/groceries/en-GB/products/279770052,https://digitalcontent.api.tesco.com/v2/media/ghs/12e4ca85-a5c0-4904-950b-0b0cb357a998/7c97d912-da9d-4827-9c73-dbec40d1e61b_1431001594.jpeg?h=225&w=225,
272490175,Laila Basmati Rice 2Kg,https://www.tesco.com/groceries/en-GB/shop/food-cupboard/all?department=World%20Foods&viewAll=department&page=,£4.00,£2.00/kg,,,/groceries/en-GB/products/272490175,https://digitalcontent.api.tesco.com/v2/media/ghs/763bd80a-0510-4a53-b128-4c5c5fb46f72/2faccca1-e56f-4f8c-960a-4ff16d7801bc_1731814481.jpeg?h=225&w=225,
267587247,Prymat Fried Onion 300G,https://www.tesco.com/groceries/en-GB/shop/food-cupboard/all?department=World%20Foods&viewAll=department&page=,£2.90,£9.67/kg,,,/groceries/en-GB/products/267587247,https://digitalcontent.api.tesco.com/v2/media/ghs/fafbed0a-bc9d-484d-985b-718e1662a6b4/9fb91077-03ea-4d4d-964b-113c88894e57_2068729158.jpeg?h=225&w=225,
268613056,Krakus Polish Smoked Pork Snack 180G,https://www.tesco.com/groceries/en-GB/shop/food-cupboard/all?department=World%20Foods&viewAll=department&page=,£2.50,£1.39/100g,,,/groceries/en-GB/products/268613056,https://digitalcontent.api.tesco.com/v2/media/ghs/edc85b7f-5e12-4398-baf3-707514ae0267/164bfc3d-d66a-4f60-8a67-09f72a08529d.jpeg?h=225&w=225,
305052765,Duda Hunters Sausage 250G,https://www.tesco.com/groceries/en-GB/shop/food-cupboard/all?department=World%20Foods&viewAll=department&page=,£2.60,£1.04/100g,,,/groceries/en-GB/products/305052765,https://digitalcontent.api.tesco.com/v2/media/ghs/32f2808d-688d-4b01-aaaf-1bb8b765ad06/980ca27d-99eb-401d-a4bb-84374236000e.jpeg?h=225&w=225,
306830632,Winiary Majonez Dekoracyjny 700Ml,https://www.tesco.com/groceries/en-GB/shop/food-cupboard/all?department=World%20Foods&viewAll=department&page=,£2.40,£0.34/100ml,,,/groceries/en-GB/products/306830632,https://digitalcontent.api.tesco.com/v2/media/ghs/e028a6c7-85e2-44ff-8552-87f7cecf7753/cb980820-ebf0-46c4-9ea8-cd3b9614dc24_1468165926.jpeg?h=225&w=225,
303484907,Akash Gold Basmati Rice 10Kg,https://www.tesco.com/groceries/en-GB/shop/food-cupboard/all?department=World%20Foods&viewAll=department&page=,£18.50,£1.85/kg,£12.50 Clubcard Price,,/groceries/en-GB/products/303484907,https://digitalcontent.api.tesco.com/v2/media/ghs/85b71456-6b82-46fa-b028-721744e2cbb6/f4535cff-8e1a-41e9-b05b-3a9baa75c990_2085261241.jpeg?h=225&w=225,
251117841,Yarden Houmous Extra 250G,https://www.tesco.com/groceries/en-GB/shop/food-cupboard/all?department=World%20Foods&viewAll=department&page=,£2.30,£0.92/100g,,,/groceries/en-GB/products/251117841,https://digitalcontent.api.tesco.com/v2/media/ghs/e5d3014f-7018-471b-abc8-5cc89361a4f2/0d8630b1-0a7c-4480-82ab-5a0db487ebfc_255750776.jpeg?h=225&w=225,
296455509,Grace Jamaican Jerk Bbq Sauce 375G,https://www.tesco.com/groceries/en-GB/shop/food-cupboard/all?department=World%20Foods&viewAll=department&page=,£1.80,£0.48/100g,,,/groceries/en-GB/products/296455509,https://digitalcontent.api.tesco.com/v2/media/ghs/3cc293d8-ba87-492b-a7c2-b03a06959425/1e92cccf-3c57-491d-ba81-8a478d476316_622287730.jpeg?h=225&w=225,
297755683,Najma Spanish Selection Pack 120G,https://www.tesco.com/groceries/en-GB/shop/food-cupboard/all?department=World%20Foods&viewAll=department&page=,£2.10,£1.75/100g,,,/groceries/en-GB/products/297755683,https://digitalcontent.api.tesco.com/v2/media/ghs/3888c374-4244-4811-a724-1da0c3f4f2c6/229dfc46-20a3-4207-874e-9f51908d0509_1355320847.jpeg?h=225&w=225,
272854926,Yutaka Udon Noodles 250G,https://www.tesco.com/groceries/en-GB/shop/food-cupboard/all?department=World%20Foods&viewAll=department&page=,£1.40,£5.60/kg,,,/groceries/en-GB/products/272854926,https://digitalcontent.api.tesco.com/v2/media/ghs/3ab0dec8-9508-4ca7-ad45-fa9b988b541d/fa515f9d-f31e-4310-ad9e-e3392ac3d12b_1883752878.jpeg?h=225&w=225,
293258477,Kohinoor Dal Tarka 300G,https://www.tesco.com/groceries/en-GB/shop/food-cupboard/all?department=World%20Foods&viewAll=department&page=,£1.85,£0.62/100g,,,/groceries/en-GB/products/293258477,https://digitalcontent.api.tesco.com/v2/media/ghs/1516f2b5-0d7d-485a-a2fc-87d3e310742a/7bba3eef-7b06-41ff-980f-2a2403e49f3a_1152358518.jpeg?h=225&w=225,
287651164,Natco Green Lentils 1Kg,https://www.tesco.com/groceries/en-GB/shop/food-cupboard/all?department=World%20Foods&viewAll=department&page=,£2.35,£2.35/kg,,,/groceries/en-GB/products/287651164,https://digitalcontent.api.tesco.com/v2/media/ghs/af456e10-17b7-4f88-9807-44aa8491a70b/e84e2f56-5dcc-43ff-abc5-3ef6f20c6b1f_1197091132.jpeg?h=225&w=225,
255575078,Natco Corn Meal Fine 1.5Kg,https://www.tesco.com/groceries/en-GB/shop/food-cupboard/all?department=World%20Foods&viewAll=department&page=,£1.85,£1.24/kg,,,/groceries/en-GB/products/255575078,https://digitalcontent.api.tesco.com/v2/media/ghs/37ad404d-bdae-4efc-be9f-6d2723f01037/3c575cde-875f-4bab-949b-b6b4ec8bd844_1136433835.jpeg?h=225&w=225,
264057806,U Jedrusia Pierogi Meat Dumplings 400G,https://www.tesco.com/groceries/en-GB/shop/food-cupboard/all?department=World%20Foods&viewAll=department&page=,£1.45,£3.63/kg,,,/groceries/en-GB/products/264057806,https://digitalcontent.api.tesco.com/v2/media/ghs/67494312-9f2c-4454-8677-2c34e19ae69e/58d49a48-a4dc-46ca-96c9-a28e87d0875f_1009073048.jpeg?h=225&w=225,
267335304,Cofresh Roasted & Salted Crunchy Corn Nuts 175G,https://www.tesco.com/groceries/en-GB/shop/food-cupboard/all?department=World%20Foods&viewAll=department&page=,£1.00,£5.72/kg,,,/groceries/en-GB/products/267335304,https://digitalcontent.api.tesco.com/v2/media/ghs/eda80e0b-2871-44fe-837f-5fdede2a57ff/15e3deab-33bb-46e5-926d-012621b53b51_1229404254.jpeg?h=225&w=225,
305432159,Supermalt Malt Drink 6 X 330Ml,https://www.tesco.com/groceries/en-GB/shop/food-cupboard/all?department=World%20Foods&viewAll=department&page=,£3.75,£0.19/100ml,,,/groceries/en-GB/products/305432159,https://digitalcontent.api.tesco.com/v2/media/ghs/509949d5-e232-4432-b467-7f8d15e25bc9/c135fa4f-9747-4629-a7bb-559e06389c14_840273537.jpeg?h=225&w=225,
276732834,Lee Kum Kee Premium Light Soy Sauce 150Ml,https://www.tesco.com/groceries/en-GB/shop/food-cupboard/all?department=World%20Foods&viewAll=department&page=,£1.35,£0.90/100ml,,,/groceries/en-GB/products/276732834,https://digitalcontent.api.tesco.com/v2/media/ghs/d444e6a8-2a31-451e-bd48-2b8d939685b7/33edd087-2f40-4a7a-89a5-6394a05259d9_1873717492.jpeg?h=225&w=225,
271138474,Grace Coconut Water Smooth 310Ml,https://www.tesco.com/groceries/en-GB/shop/food-cupboard/all?department=World%20Foods&viewAll=department&page=,£1.10,£0.36/100ml,,,/groceries/en-GB/products/271138474,https://digitalcontent.api.tesco.com/v2/media/ghs/484f34d8-2f73-4aa1-98c9-a9e165a2cdb8/7e22ab73-4852-4299-ab87-299051910f1b_1249521825.jpeg?h=225&w=225,
282300219,Laila Alphonso Mango Pulp 850G,https://www.tesco.com/groceries/en-GB/shop/food-cupboard/all?department=World%20Foods&viewAll=department&page=,£2.15,£2.53/kg,,,/groceries/en-GB/products/282300219,https://digitalcontent.api.tesco.com/v2/media/ghs/7be45b96-5d6f-4d9e-a77a-d0965b64cb91/dbbe22e9-28d6-4d20-a591-d9b48d8af2b1_449528894.jpeg?h=225&w=225,
287547979,Cofresh Sev Mamra 325G,https://www.tesco.com/groceries/en-GB/shop/food-cupboard/all?department=World%20Foods&viewAll=department&page=,£1.00,£0.31/100g,,,/groceries/en-GB/products/287547979,https://digitalcontent.api.tesco.com/v2/media/ghs/81c30602-02c0-430b-a646-db064f86a9d3/448838b8-0c25-4670-83be-55b7436fd7f0_849648585.jpeg?h=225&w=225,
301602922,Milka Chocolate Hazelnut Bar 100G,https://www.tesco.com/groceries/en-GB/shop/food-cupboard/all?department=World%20Foods&viewAll=department&page=,£1.10,£1.10/100g,,,/groceries/en-GB/products/301602922,https://digitalcontent.api.tesco.com/v2/media/ghs/b0b792c7-5e0e-4b09-aa7d-75d882517b60/c95d95d9-a5eb-4068-a40a-da6e7be54aa0_1170613762.jpeg?h=225&w=225,
261633433,East End Moong Dall Washed 500G,https://www.tesco.com/groceries/en-GB/shop/food-cupboard/all?department=World%20Foods&viewAll=department&page=,£1.45,£2.90/kg,,,/groceries/en-GB/products/261633433,https://digitalcontent.api.tesco.com/v2/media/ghs/f02b90bb-2764-4a10-9460-157382df5e42/6e879a6f-ddfc-46bd-9acd-4e1dc2222495_1528125137.jpeg?h=225&w=225,
262109206,Jutrzenka Familijne Hazelnut Wafers 180G,https://www.tesco.com/groceries/en-GB/shop/food-cupboard/all?department=World%20Foods&viewAll=department&page=,£0.80,£0.44/100g,60p Clubcard Price,,/groceries/en-GB/products/262109206,https://digitalcontent.api.tesco.com/v2/media/ghs/38852188-4728-49aa-a8ac-ad5a44dce35c/5c370f4b-1863-421f-a0dc-49678a81dbef_1405098653.jpeg?h=225&w=225,
279767609,Honey Bun Penny Fruit Bun 128G,https://www.tesco.com/groceries/en-GB/shop/food-cupboard/all?department=World%20Foods&viewAll=department&page=,£0.80,£0.62/100g,,,/groceries/en-GB/products/279767609,https://digitalcontent.api.tesco.com/v2/media/ghs/2359124f-27e3-44d6-9f2f-4a851a22eb67/fb4aef6b-a670-441c-a3df-56c07d698362_918111415.jpeg?h=225&w=225,
298513375,E Wedel Pawelek Advocaat 45G,https://www.tesco.com/groceries/en-GB/shop/food-cupboard/all?department=World%20Foods&viewAll=department&page=,£0.60,£1.34/100g,45p Clubcard Price,,/groceries/en-GB/products/298513375,https://digitalcontent.api.tesco.com/v2/media/ghs/b6fe865d-a981-4a43-ad20-b7e3f30af13c/6a60557d-2e60-42ad-9d1a-1e63271b8c2b_995816969.jpeg?h=225&w=225,
298576979,4Move Active Vitamins Drink 250Ml,https://www.tesco.com/groceries/en-GB/shop/food-cupboard/all?department=World%20Foods&viewAll=department&page=,£0.60,£0.24/100ml,,,/groceries/en-GB/products/298576979,https://digitalcontent.api.tesco.com/v2/media/ghs/5e758932-6ca9-49ec-9d53-585c3e0edfa1/eafc874b-c86a-4603-a113-fd3c2e3d9aa8_824734636.jpeg?h=225&w=225,
293247162,Tilda Pure Original Basmati Rice 10Kg,https://www.tesco.com/groceries/en-GB/shop/food-cupboard/all?department=World%20Foods&viewAll=department&page=,£26.00,£2.60/kg,,,/groceries/en-GB/products/293247162,https://digitalcontent.api.tesco.com/v2/media/ghs/48649fde-1554-4ad9-90b1-3a58b3f9928c/a65b5774-3055-4fc5-b64d-8e59bee94e78_1980954499.jpeg?h=225&w=225,
256171675,Laila Basmati Rice 10Kg,https://www.tesco.com/groceries/en-GB/shop/food-cupboard/all?department=World%20Foods&viewAll=department&page=,£16.00,£1.60/kg,,,/groceries/en-GB/products/256171675,https://digitalcontent.api.tesco.com/v2/media/ghs/87d316df-badb-4c19-bcc5-90a62a567d60/b784001b-0c5d-4cb3-9c78-a932504a6e5d_1418786535.jpeg?h=225&w=225,
299964789,Asahi Super Dry 4X330ml,https://www.tesco.com/groceries/en-GB/shop/food-cupboard/all?department=World%20Foods&viewAll=department&page=,£5.50,£4.17/litre,,,/groceries/en-GB/products/299964789,https://digitalcontent.api.tesco.com/v2/media/ghs/bf757b46-c238-4497-bdbc-690676946eee/7798c061-941b-497b-951f-26e79d85ac37.jpeg?h=225&w=225,
293702666,Humza Chicken 1Kg,https://www.tesco.com/groceries/en-GB/shop/food-cupboard/all?department=World%20Foods&viewAll=department&page=,£5.00,£5.00/kg,,,/groceries/en-GB/products/293702666,https://digitalcontent.api.tesco.com/v2/media/ghs/c6ac0118-0d5b-4d9b-a762-aced05c35542/5a66a613-dec5-4c63-ac52-f5e9edfd200a.jpeg?h=225&w=225,
276761603,Lee Kum Kee Teriyaki Sauce 200G,https://www.tesco.com/groceries/en-GB/shop/food-cupboard/all?department=World%20Foods&viewAll=department&page=,£2.10,£1.05/100g,,,/groceries/en-GB/products/276761603,https://digitalcontent.api.tesco.com/v2/media/ghs/4b8d2c4d-6ac3-4002-bbc4-ce3b5739f54f/a2c995d6-0851-4f71-8896-b1d1dd9b8ce6_1518724170.jpeg?h=225&w=225,
266231526,Pan Pre-Cooked White Maize Meal 1Kg,https://www.tesco.com/groceries/en-GB/shop/food-cupboard/all?department=World%20Foods&viewAll=department&page=,£2.30,£0.23/100g,,,/groceries/en-GB/products/266231526,https://digitalcontent.api.tesco.com/v2/media/ghs/a3b9ce7f-4e4d-4989-9f7c-4d7c4394405c/dc48007d-d1a6-4696-b8e9-c496f4172b54_1980296492.jpeg?h=225&w=225,
309205239,Tarczynski Exclusive Pork Kabanos 105G,https://www.tesco.com/groceries/en-GB/shop/food-cupboard/all?department=World%20Foods&viewAll=department&page=,£2.10,£2.00/100g,,,/groceries/en-GB/products/309205239,https://digitalcontent.api.tesco.com/v2/media/ghs/e95c7415-817b-40bf-80ee-647edf2d408d/d1e4a13d-99cb-466f-a638-f33155a6ae2d_1202478863.jpeg?h=225&w=225,
302036594,Humza Paratha Spring Onion 400G,https://www.tesco.com/groceries/en-GB/shop/food-cupboard/all?department=World%20Foods&viewAll=department&page=,£1.80,£0.45/100g,,,/groceries/en-GB/products/302036594,https://digitalcontent.api.tesco.com/v2/media/ghs/c35fa972-1f78-43c6-82ae-1a20b7c3dcee/ff48ba82-1c15-4a80-9324-d4b940b36b56.jpeg?h=225&w=225,
265413941,Nomadic Mango Lassi Yogurt Drink 500Ml,https://www.tesco.com/groceries/en-GB/shop/food-cupboard/all?department=World%20Foods&viewAll=department&page=,£1.60,£0.32/100ml,,,/groceries/en-GB/products/265413941,https://digitalcontent.api.tesco.com/v2/media/ghs/fa6776f1-94dd-4258-92e3-0ced059c0693/26804ba6-b726-484f-aaee-fccf780b0174.jpeg?h=225&w=225,
260743172,East End Mild Madras Curry Powder 100G,https://www.tesco.com/groceries/en-GB/shop/food-cupboard/all?department=World%20Foods&viewAll=department&page=,£1.15,£0.12/10g,,,/groceries/en-GB/products/260743172,https://digitalcontent.api.tesco.com/v2/media/ghs/70505615-5318-4bf9-9d0d-f12e7e304ac3/e0d0eb80-b9da-42f4-95b2-8648ada5d3eb_2092486884.jpeg?h=225&w=225,
308080974,Najma Halal Chicken Pieces Hickory Bbq 125G,https://www.tesco.com/groceries/en-GB/shop/food-cupboard/all?department=World%20Foods&viewAll=department&page=,£2.20,£1.76/100g,,,/groceries/en-GB/products/308080974,https://digitalcontent.api.tesco.com/v2/media/ghs/66e5ce88-8ba0-44d2-acb2-671d71e6fc1f/f9ed342f-c4d3-48cd-b495-1310f554538d.jpeg?h=225&w=225,
259740896,East End Chilli Powder Extra Hot 100G,https://www.tesco.com/groceries/en-GB/shop/food-cupboard/all?department=World%20Foods&viewAll=department&page=,£1.15,£0.12/10g,,,/groceries/en-GB/products/259740896,https://digitalcontent.api.tesco.com/v2/media/ghs/63517b61-5853-4387-bc62-fe505dad0b53/a49bf41e-eb3d-49a6-b549-ca45892bea5f_1666394729.jpeg?h=225&w=225,
290240905,Morliny Berlinki Hot Dog With Cheese 250G,https://www.tesco.com/groceries/en-GB/shop/food-cupboard/all?department=World%20Foods&viewAll=department&page=,£1.40,£0.56/100g,,,/groceries/en-GB/products/290240905,https://digitalcontent.api.tesco.com/v2/media/ghs/fa7569e0-0fea-4304-86c9-0269ca8a7b2e/a37c3507-0c90-46e9-98a3-701352c80ef5.jpeg?h=225&w=225,
266258944,Maggi Liquid Seasoning Hot 100Ml,https://www.tesco.com/groceries/en-GB/shop/food-cupboard/all?department=World%20Foods&viewAll=department&page=,£1.20,£1.20/100ml,£1.00 Clubcard Price,,/groceries/en-GB/products/266258944,https://digitalcontent.api.tesco.com/v2/media/ghs/86a89139-33cf-4dad-8783-6409866b1cbc/64d60528-21c7-425f-be65-194ab294aba3_1359667244.jpeg?h=225&w=225,
259903883,Dg Dragon Stout 284Ml,https://www.tesco.com/groceries/en-GB/shop/food-cupboard/all?department=World%20Foods&viewAll=department&page=,£1.50,£5.29/litre,,,/groceries/en-GB/products/259903883,https://digitalcontent.api.tesco.com/v2/media/ghs/6cfbf8ab-8c07-43c9-97d9-1705ebcedfb2/snapshotimagehandler_921859306.jpeg?h=225&w=225,
290900309,Supermalt Extra Original Malt Drink 500Ml,https://www.tesco.com/groceries/en-GB/shop/food-cupboard/all?department=World%20Foods&viewAll=department&page=,£1.15,£0.23/100ml,,,/groceries/en-GB/products/290900309,https://digitalcontent.api.tesco.com/v2/media/ghs/4d687e7f-082b-450a-96c9-7d0e67355b39/8ffa9986-adda-4c8e-ad27-8d943f2ad181_2143795584.jpeg?h=225&w=225,
267459428,Regal Puff Pastry Finger Biscuits 200G,https://www.tesco.com/groceries/en-GB/shop/food-cupboard/all?department=World%20Foods&viewAll=department&page=,£1.00,£0.50/100g,,,/groceries/en-GB/products/267459428,https://digitalcontent.api.tesco.com/v2/media/ghs/f1c36569-6621-481f-8aff-1bf341a54047/73823519-678d-4943-aa62-b319ec03f361_795140626.jpeg?h=225&w=225,
298576490,7Days Bake Rolls Pizza 160G,https://www.tesco.com/groceries/en-GB/shop/food-cupboard/all?department=World%20Foods&viewAll=department&page=,£0.90,£0.56/100g,,,/groceries/en-GB/products/298576490,https://digitalcontent.api.tesco.com/v2/media/ghs/d0582fa3-1f22-4014-9c9f-2fccaa73330b/5f97c9cc-e3c0-49df-8983-4ff0134dae7a_895478269.jpeg?h=225&w=225,
258503091,Wibisco Shirley Coconut Biscuits 105G,https://www.tesco.com/groceries/en-GB/shop/food-cupboard/all?department=World%20Foods&viewAll=department&page=,£0.50,£0.48/100g,,,/groceries/en-GB/products/258503091,https://digitalcontent.api.tesco.com/v2/media/ghs/7383be2e-2478-464f-b08a-4343d0154ba6/fc049794-ee2c-4976-9c15-f5ff77603520_1620666803.jpeg?h=225&w=225,
309193637,Frugo Wild Punch Watermelon Strawberry Energy 330Ml,https://www.tesco.com/groceries/en-GB/shop/food-cupboard/all?department=World%20Foods&viewAll=department&page=,£0.65,£0.20/100ml,,,/groceries/en-GB/products/309193637,https://digitalcontent.api.tesco.com/v2/media/ghs/3fc82dc9-2749-462b-b867-609856e04635/366846bd-32d5-4620-9b14-081e4bdacfca_107062955.jpeg?h=225&w=225,
308102633,Schwartz Slow Cook Sticky American Bbq Brisket 35G,https://www.tesco.com/groceries/en-GB/shop/food-cupboard/all?department=World%20Foods&viewAll=department&page=,£1.00,£2.86/100g,Any 4 for £2 Clubcard Price - Selected Schwartz Recipe Mix 20g-41g ,,/groceries/en-GB/products/308102633,https://digitalcontent.api.tesco.com/v2/media/ghs/c00b01f2-a1be-466b-8db0-d382b1726ec2/def3bee6-5a31-4b1e-aff7-e0ab8f76ed73_363957539.jpeg?h=225&w=225,
259536574,Nestle Milo 400G,https://www.tesco.com/groceries/en-GB/shop/food-cupboard/all?department=World%20Foods&viewAll=department&page=,£4.75,£1.19/100g,,,/groceries/en-GB/products/259536574,https://digitalcontent.api.tesco.com/v2/media/ghs/66873a61-1360-45c4-80f5-714ab4072fba/88fa5254-b2fd-4f42-9cb7-c463156d26a8_1631377192.jpeg?h=225&w=225,
276846475,Yangtse River Longkou Vermicelli 8X50g,https://www.tesco.com/groceries/en-GB/shop/food-cupboard/all?department=World%20Foods&viewAll=department&page=,£2.60,£6.50/kg,,,/groceries/en-GB/products/276846475,https://digitalcontent.api.tesco.com/v2/media/ghs/bf416711-eec6-4a97-84c3-1dad65f73f83/0085b4be-289c-4e4f-a6dc-909479f57673_1690749612.jpeg?h=225&w=225,
313012029,Baxters Kimchi 300G,https://www.tesco.com/groceries/en-GB/shop/food-cupboard/all?department=World%20Foods&viewAll=department&page=,£3.50,£1.17/100g,,New,/groceries/en-GB/products/313012029,https://digitalcontent.api.tesco.com/v2/media/ghs/69652198-6232-40d1-8c18-76a1f5049e17/e3b9bbf4-259e-4e50-b685-826c89b8a96f_1625863374.jpeg?h=225&w=225,
275114905,Tesco Shaoxing Rice Wine 150Ml,https://www.tesco.com/groceries/en-GB/shop/food-cupboard/all?department=World%20Foods&viewAll=department&page=,£3.15,£2.10/100ml,,,/groceries/en-GB/products/275114905,https://digitalcontent.api.tesco.com/v2/media/ghs/b4b4cf5f-714c-4350-80da-cc050f71d366/snapshotimagehandler_771537321.jpeg?h=225&w=225,
253656458,Yutaka Sushi Rice 500G,https://www.tesco.com/groceries/en-GB/shop/food-cupboard/all?department=World%20Foods&viewAll=department&page=,£2.10,£4.20/kg,,,/groceries/en-GB/products/253656458,https://digitalcontent.api.tesco.com/v2/media/ghs/49350b0c-b066-4943-80f4-bd2b63f11414/8ad893cd-9591-440c-a3c1-1a115ba27fbb_956160070.jpeg?h=225&w=225,
276785903,Satono Yuki Tofu 300G,https://www.tesco.com/groceries/en-GB/shop/food-cupboard/all?department=World%20Foods&viewAll=department&page=,£1.80,£6.00/kg,,,/groceries/en-GB/products/276785903,https://digitalcontent.api.tesco.com/v2/media/ghs/a6936ad4-4f72-4e30-8027-4879c1186204/00c0d39f-af42-45ae-9b6f-a8e7ce2fd336_393206420.jpeg?h=225&w=225,
265181200,Koh-I-Noor Besan Gram Flour 1Kg,https://www.tesco.com/groceries/en-GB/shop/food-cupboard/all?department=World%20Foods&viewAll=department&page=,£1.90,£1.90/kg,,,/groceries/en-GB/products/265181200,https://digitalcontent.api.tesco.com/v2/media/ghs/1a9d2a16-d3c9-49d0-82ef-f6d163567b4d/82c81f00-06f6-42c9-9a54-e48b21caae4f_575286719.jpeg?h=225&w=225,
273027879,Tiger Tiger Rice Vermicelli 400G,https://www.tesco.com/groceries/en-GB/shop/food-cupboard/all?department=World%20Foods&viewAll=department&page=,£2.20,£5.50/kg,,,/groceries/en-GB/products/273027879,https://digitalcontent.api.tesco.com/v2/media/ghs/4caeda54-bfbd-468b-a110-29139f2ee1b9/c5f47a4a-af30-4150-8ec3-412bd72f0dca_1488624054.jpeg?h=225&w=225,
259494478,Spring Home Tyj Spring Roll Pastry 550G,https://www.tesco.com/groceries/en-GB/shop/food-cupboard/all?department=World%20Foods&viewAll=department&page=,£2.10,£3.82/kg,,,/groceries/en-GB/products/259494478,https://digitalcontent.api.tesco.com/v2/media/ghs/f3e1292f-efba-4258-85ef-036fdbc70d3d/2db6c1db-0e21-4089-9eef-1e837627cf14.jpeg?h=225&w=225,
291197275,Lisner Vegetable Salad With Green Peas 500G,https://www.tesco.com/groceries/en-GB/shop/food-cupboard/all?department=World%20Foods&viewAll=department&page=,£2.00,£0.40/100g,,,/groceries/en-GB/products/291197275,https://digitalcontent.api.tesco.com/v2/media/ghs/55a506a8-78af-4bd4-8548-3e8b7090feb8/5cff6380-34bc-4e6b-b7f2-47e59f50d14c.jpeg?h=225&w=225,
285985906,Kujawski Extra Virgin Rapeseed Oil 1 Litre,https://www.tesco.com/groceries/en-GB/shop/food-cupboard/all?department=World%20Foods&viewAll=department&page=,£2.75,£0.28/100ml,,,/groceries/en-GB/products/285985906,https://digitalcontent.api.tesco.com/v2/media/ghs/0716d402-a53d-4f33-9e9b-9b125d467493/103e9e99-5aa9-48fe-baa4-ea6a87e489ca_1204543779.jpeg?h=225&w=225,
301554143,Dalgety Instant Ginger Tea 126G,https://www.tesco.com/groceries/en-GB/shop/food-cupboard/all?department=World%20Foods&viewAll=department&page=,£1.85,£1.47/100g,,,/groceries/en-GB/products/301554143,https://digitalcontent.api.tesco.com/v2/media/ghs/38ebb208-bc7b-400f-8dd9-cbc1090f21ac/a170e165-c60d-44ce-bae3-f8de29dc8900_730256606.jpeg?h=225&w=225,
307750189,Lisner Vegetable Salad With Egg 500G,https://www.tesco.com/groceries/en-GB/shop/food-cupboard/all?department=World%20Foods&viewAll=department&page=,£2.00,£0.40/100g,,,/groceries/en-GB/products/307750189,https://digitalcontent.api.tesco.com/v2/media/ghs/c161201b-6ea5-4afe-ab86-0b92855836bb/371c8965-5563-4d54-9bce-215857642296.jpeg?h=225&w=225,
272322934,Bolands Jam Mallows 250G,https://www.tesco.com/groceries/en-GB/shop/food-cupboard/all?department=World%20Foods&viewAll=department&page=,£1.90,£0.76/100g,,,/groceries/en-GB/products/272322934,https://digitalcontent.api.tesco.com/v2/media/ghs/4a83b3b0-d9a7-4378-a815-a81a142ac913/c33bcc98-2420-428c-b99e-27222ce72409_1339879748.jpeg?h=225&w=225,
287508992,Pimlico Vegetarian Fizzy Fruit Flavoured Jelly Sweets 450G,https://www.tesco.com/groceries/en-GB/shop/food-cupboard/all?department=World%20Foods&viewAll=department&page=,£2.00,£0.44/100g,,,/groceries/en-GB/products/287508992,https://digitalcontent.api.tesco.com/v2/media/ghs/8c7e782f-1d25-4fb2-a3e1-f7700616b1c2/007bb10a-1d49-4b5d-a2c1-2acd18731ea9_28100428.jpeg?h=225&w=225,
264801783,Lisner Herring Creamy Sauce 280G,https://www.tesco.com/groceries/en-GB/shop/food-cupboard/all?department=World%20Foods&viewAll=department&page=,£1.85,£6.61/kg,,,/groceries/en-GB/products/264801783,https://digitalcontent.api.tesco.com/v2/media/ghs/4b3bdb7e-8091-46cf-84d6-7ae86770e0f6/a29f7ab6-0387-463a-8540-0e9747d796b9.jpeg?h=225&w=225,
295015324,Tygryski Corn Puffs 50G,https://www.tesco.com/groceries/en-GB/shop/food-cupboard/all?department=World%20Foods&viewAll=department&page=,£0.95,£1.90/100g,,,/groceries/en-GB/products/295015324,https://digitalcontent.api.tesco.com/v2/media/ghs/66b043f4-723c-46b0-9c36-a35e164e175f/26149a77-063c-4175-a1d2-a7676c43aab3_1407493807.jpeg?h=225&w=225,
255779768,Grace Tropical Rhythms Fruit Punch 475Ml,https://www.tesco.com/groceries/en-GB/shop/food-cupboard/all?department=World%20Foods&viewAll=department&page=,£1.65,£0.35/100ml,,,/groceries/en-GB/products/255779768,https://digitalcontent.api.tesco.com/v2/media/ghs/aee63d64-adfb-471d-85f0-96e61dc0bf5c/snapshotimagehandler_985482340.jpeg?h=225&w=225,
309162467,Bigga Grape Flavour Soft Drink 600Ml,https://www.tesco.com/groceries/en-GB/shop/food-cupboard/all?department=World%20Foods&viewAll=department&page=,£1.30,£0.22/100ml,,,/groceries/en-GB/products/309162467,https://digitalcontent.api.tesco.com/v2/media/ghs/0923b037-db0d-4148-b1c5-68e0d3fb214f/bf4f7e5b-eda6-47d2-a9c1-daee891bbd7d_281212549.jpeg?h=225&w=225,
275290355,Rubicon Sparkling Mango Juice Drink 2Ltr,https://www.tesco.com/groceries/en-GB/shop/food-cupboard/all?department=World%20Foods&viewAll=department&page=,£1.70,£0.08/100ml,,,/groceries/en-GB/products/275290355,https://digitalcontent.api.tesco.com/v2/media/ghs/c34e20bb-fdea-4854-bae1-46a10c66b7c9/44ca18cb-a07d-4ed1-be00-4b823002666d_113717376.jpeg?h=225&w=225,
302288329,Rubicon Sparkling Zero Added Sugar Mango 2 Litre,https://www.tesco.com/groceries/en-GB/shop/food-cupboard/all?department=World%20Foods&viewAll=department&page=,£1.70,£0.08/100ml,,,/groceries/en-GB/products/302288329,https://digitalcontent.api.tesco.com/v2/media/ghs/fe30b589-f904-4dfc-8cc3-8190acc26f5f/0cf520c3-1ca4-46e6-9d13-af2406a2aff0_428556076.jpeg?h=225&w=225,
276732004,Lee Kum Kee Premium Dark Soy Sauce 150Ml,https://www.tesco.com/groceries/en-GB/shop/food-cupboard/all?department=World%20Foods&viewAll=department&page=,£1.35,£0.90/100ml,,,/groceries/en-GB/products/276732004,https://digitalcontent.api.tesco.com/v2/media/ghs/a97566c0-9566-4ede-a90e-78e36259371f/ae762bb5-7670-4a3e-aa8e-f804f21b5713_539705635.jpeg?h=225&w=225,
260365204,Chevington Gouda Cheese,https://www.tesco.com/groceries/en-GB/shop/food-cupboard/all?department=World%20Foods&viewAll=department&page=,£3.18,£11.55/kg,,,/groceries/en-GB/products/260365204,https://digitalcontent.api.tesco.com/v2/media/ghs/ea63df8b-dd50-41d2-b8ae-92d7746dfe44/snapshotimagehandler_190111454.jpeg?h=225&w=225,
293229057,Vita Lemon Tea Drink 250Ml,https://www.tesco.com/groceries/en-GB/shop/food-cupboard/all?department=World%20Foods&viewAll=department&page=,£0.75,£0.30/100ml,,,/groceries/en-GB/products/293229057,https://digitalcontent.api.tesco.com/v2/media/ghs/c9b47ba0-d7ec-48c5-9f20-4a1fc161fc56/2444224e-1270-48dd-ba57-a88116100315_2056226548.jpeg?h=225&w=225,
306658214,Duda Poultry & Pork Pate 300G,https://www.tesco.com/groceries/en-GB/shop/food-cupboard/all?department=World%20Foods&viewAll=department&page=,£1.05,£0.35/100g,,,/groceries/en-GB/products/306658214,https://digitalcontent.api.tesco.com/v2/media/ghs/366eebfb-9130-40fd-89c1-436e3af52561/338d8ee6-bd05-46ad-b664-82218dfa86e5.jpeg?h=225&w=225,
305051991,Grace Sweet Chilli Plantain Chips Salted 85G,https://www.tesco.com/groceries/en-GB/shop/food-cupboard/all?department=World%20Foods&viewAll=department&page=,£1.00,£1.18/100g,,,/groceries/en-GB/products/305051991,https://digitalcontent.api.tesco.com/v2/media/ghs/a8863bde-1fb7-4def-bc72-efad64aa4a68/c5c09a28-00d1-4b15-a7fe-16a0bef65004_1429931625.jpeg?h=225&w=225,
297003485,Tropical Sun Drink Aloe Vera & Blueberry 500Ml,https://www.tesco.com/groceries/en-GB/shop/food-cupboard/all?department=World%20Foods&viewAll=department&page=,£1.05,£0.21/100ml,,,/groceries/en-GB/products/297003485,https://digitalcontent.api.tesco.com/v2/media/ghs/fa61bd42-b7e2-48c8-b229-8199ec13f57c/eb4c30da-fde1-4853-9476-f7290dfac4d5_507333193.jpeg?h=225&w=225,
264932201,East End Cumin Powder (Jeera) 300G,https://www.tesco.com/groceries/en-GB/shop/food-cupboard/all?department=World%20Foods&viewAll=department&page=,£2.35,£0.08/10g,£1.60 Clubcard Price,,/groceries/en-GB/products/264932201,https://digitalcontent.api.tesco.com/v2/media/ghs/68114de0-6b2a-45c7-9f77-739f5659d5a8/e5bd7c79-bd4a-4824-8ef3-40b3e79d8874_348232320.jpeg?h=225&w=225,
262287529,Jutrzenka Familijne Cream Wafers 180G,https://www.tesco.com/groceries/en-GB/shop/food-cupboard/all?department=World%20Foods&viewAll=department&page=,£0.80,£0.44/100g,60p Clubcard Price,,/groceries/en-GB/products/262287529,https://digitalcontent.api.tesco.com/v2/media/ghs/70753656-0772-4c5d-9947-7ad94d3c4c2c/42b70cb4-2dad-4a76-b5bd-09c604496674_1514676859.jpeg?h=225&w=225,
301358329,Olza Prince Polo Classic Wafer 50G,https://www.tesco.com/groceries/en-GB/shop/food-cupboard/all?department=World%20Foods&viewAll=department&page=,£0.50,£1.00/100g,,,/groceries/en-GB/products/301358329,https://digitalcontent.api.tesco.com/v2/media/ghs/22deeaef-9dd9-40be-b4c6-c831405341d3/326f72f1-3bd5-4d45-a05a-1a0992ee2f44_634485229.jpeg?h=225&w=225,
300420418,Kubus 100% Multivitamin Juice 300Ml,https://www.tesco.com/groceries/en-GB/shop/food-cupboard/all?department=World%20Foods&viewAll=department&page=,£0.75,£0.25/100ml,60p Clubcard Price,,/groceries/en-GB/products/300420418,https://digitalcontent.api.tesco.com/v2/media/ghs/c4c84e61-6e15-458a-bcd9-82e2e1b14a4c/e5f65fa6-2978-4434-8c19-e4556888e571_1693869465.jpeg?h=225&w=225,
260685390,East End Pure Butter Ghee 1Kg,https://www.tesco.com/groceries/en-GB/shop/food-cupboard/all?department=World%20Foods&viewAll=department&page=,£9.60,£9.60/kg,,,/groceries/en-GB/products/260685390,https://digitalcontent.api.tesco.com/v2/media/ghs/4f45f736-51df-49e8-aa28-94dc1bafa1bd/f9a51e26-9ba5-4a48-94e6-073691c464cc_1037758905.jpeg?h=225&w=225,
278273694,Morlinki Cooked & Smoked Chicken Leg Quarter,https://www.tesco.com/groceries/en-GB/shop/food-cupboard/all?department=World%20Foods&viewAll=department&page=,£1.60,£4.70/kg,,,/groceries/en-GB/products/278273694,https://digitalcontent.api.tesco.com/v2/media/ghs/d9cfa6bb-6787-43c0-9518-bcbd8fa4383d/3bce9068-d2e3-4319-beb2-233facb0ec5e.jpeg?h=225&w=225,
285211320,Tahira 12 Halal Chicken & Beef Burgers 780G,https://www.tesco.com/groceries/en-GB/shop/food-cupboard/all?department=World%20Foods&viewAll=department&page=,£4.30,£5.52/kg,,,/groceries/en-GB/products/285211320,https://digitalcontent.api.tesco.com/v2/media/ghs/d315fa63-54c3-478c-bb48-8f5bc4fe9142/7c7bee94-c85f-403d-b2f3-63a3a92bea93.jpeg?h=225&w=225,
306801264,Tarczynski Poultry Kabanos With Pork 105G,https://www.tesco.com/groceries/en-GB/shop/food-cupboard/all?department=World%20Foods&viewAll=department&page=,£2.10,£2.00/100g,,,/groceries/en-GB/products/306801264,https://digitalcontent.api.tesco.com/v2/media/ghs/4b61a34a-8361-4c70-af6a-818ca9592e55/4920164a-ed23-4af0-aeeb-c4dc4b634a45.jpeg?h=225&w=225,
268614007,Krakus Zywiecka Sausages 286G,https://www.tesco.com/groceries/en-GB/shop/food-cupboard/all?department=World%20Foods&viewAll=department&page=,£2.85,£1.00/100g,,,/groceries/en-GB/products/268614007,https://digitalcontent.api.tesco.com/v2/media/ghs/b493bfa0-0665-4a01-9be3-eb7761296250/ea9e1a4a-9633-4c28-a56c-2e64e4238ff9_12305915.jpeg?h=225&w=225,
282224131,Maggi Hot & Sweet Tomato Chilli Sauce 400G,https://www.tesco.com/groceries/en-GB/shop/food-cupboard/all?department=World%20Foods&viewAll=department&page=,£2.25,£0.56/100g,,,/groceries/en-GB/products/282224131,https://digitalcontent.api.tesco.com/v2/media/ghs/1d902924-002a-49ca-b727-9a75d8e230c4/a7d3dea3-7237-494a-a9a3-52a4fe899b76_1681309253.jpeg?h=225&w=225,
282842842,Yutaka Yellow Miso Soup 50G,https://www.tesco.com/groceries/en-GB/shop/food-cupboard/all?department=World%20Foods&viewAll=department&page=,£1.60,£3.20/100g,,,/groceries/en-GB/products/282842842,https://digitalcontent.api.tesco.com/v2/media/ghs/8a5aaacc-f079-447f-b9b5-4d86bff65ae8/0512f797-2e0e-4fb7-acf1-424293b44b20_1183951554.jpeg?h=225&w=225,
268578971,Nomadic Ayran Natural Yogurt Drink 1 Litre,https://www.tesco.com/groceries/en-GB/shop/food-cupboard/all?department=World%20Foods&viewAll=department&page=,£1.70,£0.17/100ml,,,/groceries/en-GB/products/268578971,https://digitalcontent.api.tesco.com/v2/media/ghs/1d81ab00-dad2-47b6-918b-6c96e841158c/44b2a21d-36be-48cb-8e5b-2b7673aa748f.jpeg?h=225&w=225,
293258598,Kohinoor Dal Makhani 300G,https://www.tesco.com/groceries/en-GB/shop/food-cupboard/all?department=World%20Foods&viewAll=department&page=,£1.85,£0.62/100g,,,/groceries/en-GB/products/293258598,https://digitalcontent.api.tesco.com/v2/media/ghs/f0179146-4227-4ea7-962a-46cd65653806/f0f55ba8-d973-4993-ae45-f8c657923a59_1049522044.jpeg?h=225&w=225,
309188304,Lee Kum Kee Sweet Soy Sauce 120Ml,https://www.tesco.com/groceries/en-GB/shop/food-cupboard/all?department=World%20Foods&viewAll=department&page=,£1.50,£1.25/100ml,,,/groceries/en-GB/products/309188304,https://digitalcontent.api.tesco.com/v2/media/ghs/d02b4143-31a3-4bfa-b896-60cf70504d58/a364ac2b-9fac-423e-800b-10f348214689_1191516105.jpeg?h=225&w=225,
275617760,Cocon Assorted Fruit Jelly Pudding 6 X 80G,https://www.tesco.com/groceries/en-GB/shop/food-cupboard/all?department=World%20Foods&viewAll=department&page=,£1.70,£0.36/100g,,,/groceries/en-GB/products/275617760,https://digitalcontent.api.tesco.com/v2/media/ghs/2218cd23-9253-4d20-b643-6a5b499fc367/b1475c34-d5a5-4128-9bcb-9e23e5d6e4f8_558246603.jpeg?h=225&w=225,
273593582,Morliny Garlic Sausage 400G,https://www.tesco.com/groceries/en-GB/shop/food-cupboard/all?department=World%20Foods&viewAll=department&page=,£1.75,£0.44/100g,,,/groceries/en-GB/products/273593582,https://digitalcontent.api.tesco.com/v2/media/ghs/21fb19c0-5afa-4c3f-84c6-6bec59b7a25e/eec785ec-ad61-4fcc-b7c9-690edc0b2d1e.jpeg?h=225&w=225,
301555447,Grace Mackerel Tomato Sauce Hot & Spicy 425G,https://www.tesco.com/groceries/en-GB/shop/food-cupboard/all?department=World%20Foods&viewAll=department&page=,£2.00,£0.47/100g,,,/groceries/en-GB/products/301555447,https://digitalcontent.api.tesco.com/v2/media/ghs/0a85bffc-f3a8-4f92-9945-0ce53208474a/15d33c37-99fa-4751-925a-815b708ab881_851890243.jpeg?h=225&w=225,
308115157,Najma Halal Chicken Pieces Lime & Coriander 125G,https://www.tesco.com/groceries/en-GB/shop/food-cupboard/all?department=World%20Foods&viewAll=department&page=,£2.20,£1.76/100g,,,/groceries/en-GB/products/308115157,https://digitalcontent.api.tesco.com/v2/media/ghs/971de519-f607-4dab-8ba2-ad4cbf42a4c7/6bc4ce84-4b3f-46fb-9d96-236d3291a69e.jpeg?h=225&w=225,
259685840,East End Hot Madras Curry Powder 100G,https://www.tesco.com/groceries/en-GB/shop/food-cupboard/all?department=World%20Foods&viewAll=department&page=,£1.15,£0.12/10g,,,/groceries/en-GB/products/259685840,https://digitalcontent.api.tesco.com/v2/media/ghs/b6ea33fe-1520-450a-aa62-c2a43a99eb26/71877c7b-0268-431f-ae98-48224f5ce049_5835287.jpeg?h=225&w=225,
303673269,Kucharek Chicken Bouillon Cubes 150G,https://www.tesco.com/groceries/en-GB/shop/food-cupboard/all?department=World%20Foods&viewAll=department&page=,£0.90,£0.60/100g,,,/groceries/en-GB/products/303673269,https://digitalcontent.api.tesco.com/v2/media/ghs/9af53956-0167-417b-8c45-d57f15950df3/5fb5fda2-13dc-4af4-87b5-5f9010dedd26_1025409067.jpeg?h=225&w=225,
309753769,Milo Activ-Go Cocoa Malt Beverage 240Ml,https://www.tesco.com/groceries/en-GB/shop/food-cupboard/all?department=World%20Foods&viewAll=department&page=,£1.50,£0.62/100ml,£1.00 Clubcard Price,,/groceries/en-GB/products/309753769,https://digitalcontent.api.tesco.com/v2/media/ghs/6c6c3b6a-84ff-4fa8-be8e-2c0de066725a/8ceb2fb6-f900-4e8c-bf3e-9072bf72c703_1761204307.jpeg?h=225&w=225,
267830668,Regal Classic Fruit Cake Slices 7S,https://www.tesco.com/groceries/en-GB/shop/food-cupboard/all?department=World%20Foods&viewAll=department&page=,£1.25,£0.60/100g,,,/groceries/en-GB/products/267830668,https://digitalcontent.api.tesco.com/v2/media/ghs/ff9f33d3-b7f5-41a7-865c-70d2a270da22/5d305ac6-b3b3-4028-9c8b-b8dd16db08a0_1769782099.jpeg?h=225&w=225,
267144455,Nishaan Ginger Paste 283G,https://www.tesco.com/groceries/en-GB/shop/food-cupboard/all?department=World%20Foods&viewAll=department&page=,£1.15,£0.41/100g,,,/groceries/en-GB/products/267144455,https://digitalcontent.api.tesco.com/v2/media/ghs/a12e2ae8-1d70-410b-b948-2878bcc00fd1/37be98d7-1791-401f-9c88-9489ba1bd375_245553040.jpeg?h=225&w=225,
302309259,Regal Madeira Double Slice 370G,https://www.tesco.com/groceries/en-GB/shop/food-cupboard/all?department=World%20Foods&viewAll=department&page=,£1.25,£0.34/100g,,,/groceries/en-GB/products/302309259,https://digitalcontent.api.tesco.com/v2/media/ghs/6fb4f2b6-685a-433a-ba8f-4ddda794ada7/2c19982a-a9f2-4f29-93e7-e3a7ee8d23d0_1023984493.jpeg?h=225&w=225,
310170842,E.Wedel Pawelek Milk Chocolate Bar With Creamy Filling 45G,https://www.tesco.com/groceries/en-GB/shop/food-cupboard/all?department=World%20Foods&viewAll=department&page=,£0.60,£1.34/100g,45p Clubcard Price,,/groceries/en-GB/products/310170842,https://digitalcontent.api.tesco.com/v2/media/ghs/207bb6c7-4a9b-46a6-9783-8669e292b1b5/cba83f02-aed2-4d59-a280-f97e8fec859e_631127709.jpeg?h=225&w=225,
287569671,Cofresh Mild & Tangy Jalapeno Potato Grills 80G,https://www.tesco.com/groceries/en-GB/shop/food-cupboard/all?department=World%20Foods&viewAll=department&page=,£0.75,£0.94/100g,,,/groceries/en-GB/products/287569671,https://digitalcontent.api.tesco.com/v2/media/ghs/76f0114d-6434-4e86-8a04-4753a19b279d/cb0761c2-aae2-4db7-92bc-0dd25a8487e9_1524455783.jpeg?h=225&w=225,
258049553,Carnation Fat Free Condensed Milk 405G,https://www.tesco.com/groceries/en-GB/shop/food-cupboard/all?department=World%20Foods&viewAll=department&page=,£1.55,£3.83/kg,£1.25 Clubcard Price,,/groceries/en-GB/products/258049553,https://digitalcontent.api.tesco.com/v2/media/ghs/df333fc5-ee83-4c78-a11b-0060e942cdcd/3e09d04d-7176-419a-832e-f6b5b98f9eb9_918134339.jpeg?h=225&w=225,
262194368,Black Energy Drink 250Ml,https://www.tesco.com/groceries/en-GB/shop/food-cupboard/all?department=World%20Foods&viewAll=department&page=,£0.70,£0.28/100ml,,,/groceries/en-GB/products/262194368,https://digitalcontent.api.tesco.com/v2/media/ghs/2970c839-7ac0-4bcf-9fec-b55b6542f455/d6ebdb06-5272-45d7-879c-d55af495ed8a_484655519.jpeg?h=225&w=225,
279842181,Prymat Sarepska Mustard 180G,https://www.tesco.com/groceries/en-GB/shop/food-cupboard/all?department=World%20Foods&viewAll=department&page=,£0.65,£0.36/100g,,,/groceries/en-GB/products/279842181,https://digitalcontent.api.tesco.com/v2/media/ghs/13584073-cf97-4a33-b042-6ce8920779bf/16aa11f4-f404-4a54-be8b-a863a1a711b3_1867820626.jpeg?h=225&w=225,
275902733,E.Wedel Milk Chocolate With Hazelnuts 100G,https://www.tesco.com/groceries/en-GB/shop/food-cupboard/all?department=World%20Foods&viewAll=department&page=,£1.00,£1.00/100g,,,/groceries/en-GB/products/275902733,https://digitalcontent.api.tesco.com/v2/media/ghs/386bf15b-0014-4f36-aa59-9adc23b88d7d/df8962a7-4e2e-490b-8a21-449c69889b03_299665891.jpeg?h=225&w=225,
302036571,Humza Chicken Seeth Kebab Microwave 600G,https://www.tesco.com/groceries/en-GB/shop/food-cupboard/all?department=World%20Foods&viewAll=department&page=,£5.50,£9.17/kg,,,/groceries/en-GB/products/302036571,https://digitalcontent.api.tesco.com/v2/media/ghs/4d02a399-8c8d-49f8-a5e8-0afb4da02a69/78f68338-d796-4480-a12d-6e273f8dbcd8.jpeg?h=225&w=225,
292809571,Humza Vegetable Samosa 650G 20 Pieces,https://www.tesco.com/groceries/en-GB/shop/food-cupboard/all?department=World%20Foods&viewAll=department&page=,£4.50,£0.69/100g,,,/groceries/en-GB/products/292809571,https://digitalcontent.api.tesco.com/v2/media/ghs/e536b27c-3e50-4b5f-afb6-3abbd42cd827/3a3b35a6-d338-4b3a-9d62-ca7bbc39a65a.jpeg?h=225&w=225,
305735349,Nestle Milo 400G,https://www.tesco.com/groceries/en-GB/shop/food-cupboard/all?department=World%20Foods&viewAll=department&page=,£4.50,£1.13/100g,,,/groceries/en-GB/products/305735349,https://digitalcontent.api.tesco.com/v2/media/ghs/98f9ecb1-0598-4b51-803e-693f164e884e/013b5787-f8d3-44d5-991c-d209bb02ce82_110905359.jpeg?h=225&w=225,
303881541,Royal Umbrella Thai Jasmine Rice 1Kg,https://www.tesco.com/groceries/en-GB/shop/food-cupboard/all?department=World%20Foods&viewAll=department&page=,£2.95,£2.95/kg,,,/groceries/en-GB/products/303881541,https://digitalcontent.api.tesco.com/v2/media/ghs/273cb491-354e-46bf-9018-b0c56680d233/214e0dec-2c34-4b2e-94d8-4f0914ff7efb_235962070.jpeg?h=225&w=225,
287651498,Natco Red Kidney Beans 1Kg,https://www.tesco.com/groceries/en-GB/shop/food-cupboard/all?department=World%20Foods&viewAll=department&page=,£2.95,£2.95/kg,,,/groceries/en-GB/products/287651498,https://digitalcontent.api.tesco.com/v2/media/ghs/30c5be3c-e918-49a8-8595-4c4490bbadd1/7f7cdb16-7adf-47f3-95e9-5800bb2ed82e_2080824236.jpeg?h=225&w=225,
295724907,Innis & Gunn Lager Beer 4X440ml,https://www.tesco.com/groceries/en-GB/shop/food-cupboard/all?department=World%20Foods&viewAll=department&page=,£4.29,£2.44/litre,,,/groceries/en-GB/products/295724907,https://digitalcontent.api.tesco.com/v2/media/ghs/9acb43c0-d75b-4d1c-b8d0-4d52332e572d/2a0d1e80-2ee6-4ea6-bd2a-fce52720efab.jpeg?h=225&w=225,
256607708,Sun Exotic Pineapple & Coconut Juice Drink 1Ltr,https://www.tesco.com/groceries/en-GB/shop/food-cupboard/all?department=World%20Foods&viewAll=department&page=,£1.50,£0.15/100ml,,,/groceries/en-GB/products/256607708,https://digitalcontent.api.tesco.com/v2/media/ghs/17dc07df-6eb1-472b-9b17-78634dd431b2/6105d012-8279-42ed-9842-066042618759_801641017.jpeg?h=225&w=225,
301555361,Grace Macaroni & Cheese 206G,https://www.tesco.com/groceries/en-GB/shop/food-cupboard/all?department=World%20Foods&viewAll=department&page=,£2.00,£9.71/kg,,,/groceries/en-GB/products/301555361,https://digitalcontent.api.tesco.com/v2/media/ghs/f5e37aac-215a-490a-b9b6-5bc9ee201e08/7a7a3c1b-46cc-4b3c-a6bc-79b0b1a32d03_716747310.jpeg?h=225&w=225,
309191985,Tarczynski Pork Kabanos & Chilli 105G,https://www.tesco.com/groceries/en-GB/shop/food-cupboard/all?department=World%20Foods&viewAll=department&page=,£2.10,£2.00/100g,,,/groceries/en-GB/products/309191985,https://digitalcontent.api.tesco.com/v2/media/ghs/11a1092a-b93b-426c-9f4d-5b7c18966167/eb105a06-f966-4894-9299-1efc8768b098_1147519949.jpeg?h=225&w=225,
276761540,Lee Kum Kee Sweet Hoisin Sauce 567G,https://www.tesco.com/groceries/en-GB/shop/food-cupboard/all?department=World%20Foods&viewAll=department&page=,£3.15,£0.56/100g,,,/groceries/en-GB/products/276761540,https://digitalcontent.api.tesco.com/v2/media/ghs/8451d7ab-2479-49ab-b043-7b5cc9cf9ca9/1a7dfc71-3472-4f8c-a079-958f01cc07b4_1862696275.jpeg?h=225&w=225,
264937829,East End Ground Turmeric Powder 300G,https://www.tesco.com/groceries/en-GB/shop/food-cupboard/all?department=World%20Foods&viewAll=department&page=,£2.35,£0.08/10g,£1.60 Clubcard Price,,/groceries/en-GB/products/264937829,https://digitalcontent.api.tesco.com/v2/media/ghs/a0c20252-7ce3-427e-ac9b-d9bbb73eb3e2/524c405d-4c19-4c3f-966b-d21efab2cf38_1160689178.jpeg?h=225&w=225,
265833599,Lowicz Plum Butter Jam 290G,https://www.tesco.com/groceries/en-GB/shop/food-cupboard/all?department=World%20Foods&viewAll=department&page=,£1.40,£0.48/100g,,,/groceries/en-GB/products/265833599,https://digitalcontent.api.tesco.com/v2/media/ghs/ac3345c2-7481-4780-9b71-1a164e2719e7/760ee76c-ad09-4782-9df6-efe318f49395_2020142554.jpeg?h=225&w=225,
275634756,Zott Monte Chocolate & Hazelnut Pudding 400G,https://www.tesco.com/groceries/en-GB/shop/food-cupboard/all?department=World%20Foods&viewAll=department&page=,£2.20,£0.55/100g,,,/groceries/en-GB/products/275634756,https://digitalcontent.api.tesco.com/v2/media/ghs/03d94563-6118-4562-a8cd-e74d3c0059cf/41c3d605-f765-4b04-a1a3-30d0a2db92e5.jpeg?h=225&w=225,
301064400,Itsu Miso'easy Chilli Miso 3X20g,https://www.tesco.com/groceries/en-GB/shop/food-cupboard/all?department=World%20Foods&viewAll=department&page=,£2.00,£3.34/100g,£1.50 Clubcard Price,,/groceries/en-GB/products/301064400,https://digitalcontent.api.tesco.com/v2/media/ghs/3b78efdd-a9fa-4dd6-8e37-32a82bd65365/44bdc7f8-b7ae-472f-85df-cfa7e9f75e14_1223313901.jpeg?h=225&w=225,
259588074,Cofresh Chakri Rice Sticks 300G,https://www.tesco.com/groceries/en-GB/shop/food-cupboard/all?department=World%20Foods&viewAll=department&page=,£1.50,£0.50/100g,,,/groceries/en-GB/products/259588074,https://digitalcontent.api.tesco.com/v2/media/ghs/91092219-b633-4bdc-81be-e9d345883271/932c8d9a-22de-492b-8b9d-34e324050176_893341217.jpeg?h=225&w=225,
302549350,Winiary Tartar Sauce 250Ml,https://www.tesco.com/groceries/en-GB/shop/food-cupboard/all?department=World%20Foods&viewAll=department&page=,£1.40,£0.56/100ml,,,/groceries/en-GB/products/302549350,https://digitalcontent.api.tesco.com/v2/media/ghs/ccf5456e-3095-4b5b-9786-61b26f4d5145/31509618-4643-40ab-a497-e19c097fac64_698784802.jpeg?h=225&w=225,
260340251,Singha Beer 630Ml,https://www.tesco.com/groceries/en-GB/shop/food-cupboard/all?department=World%20Foods&viewAll=department&page=,£2.20,£3.50/litre,Any 3 for £5 Clubcard Price - Selected Beers 330ml - 710ml,,/groceries/en-GB/products/260340251,https://digitalcontent.api.tesco.com/v2/media/ghs/da301884-36e1-43bf-8b27-5ba2a4949bd5/3d8611b7-b89d-45ef-b8f1-626fc532c3f2_824838483.jpeg?h=225&w=225,
275492116,Lowicz Raspberry & Lemon Syrup 400Ml,https://www.tesco.com/groceries/en-GB/shop/food-cupboard/all?department=World%20Foods&viewAll=department&page=,£1.50,£0.38/100ml,,,/groceries/en-GB/products/275492116,https://digitalcontent.api.tesco.com/v2/media/ghs/4035c793-d7e1-4228-b4cd-d8dfc40189c0/cd085616-bede-47f7-a583-2a017c544e8d_294736399.jpeg?h=225&w=225,
293236618,Shayona Phooli Ganthia 170G,https://www.tesco.com/groceries/en-GB/shop/food-cupboard/all?department=World%20Foods&viewAll=department&page=,£1.30,£0.76/100g,,,/groceries/en-GB/products/293236618,https://digitalcontent.api.tesco.com/v2/media/ghs/e7b74b38-5ab3-454f-9cc8-061b1ba0bac0/72823caf-1b88-4623-8c09-57adfbfab139_473052796.jpeg?h=225&w=225,
264207784,Hochland Almette Soft Cheese 150G,https://www.tesco.com/groceries/en-GB/shop/food-cupboard/all?department=World%20Foods&viewAll=department&page=,£1.30,£8.67/kg,,,/groceries/en-GB/products/264207784,https://digitalcontent.api.tesco.com/v2/media/ghs/cfb067c1-ddf3-4e85-9c23-6b202ab04e49/8bce849f-79b1-4118-b9a1-063187cf6edb.jpeg?h=225&w=225,
267335264,Cofresh Crunchy Corn Nuts Chilli & Lemon 175G,https://www.tesco.com/groceries/en-GB/shop/food-cupboard/all?department=World%20Foods&viewAll=department&page=,£1.00,£5.72/kg,,,/groceries/en-GB/products/267335264,https://digitalcontent.api.tesco.com/v2/media/ghs/eebebc41-2134-422b-a959-c4005434c95a/bf480803-d172-4255-8257-e2e8f003d082_1837601297.jpeg?h=225&w=225,
287548362,Cofresh Gujarati Mix 325G,https://www.tesco.com/groceries/en-GB/shop/food-cupboard/all?department=World%20Foods&viewAll=department&page=,£1.00,£0.31/100g,,,/groceries/en-GB/products/287548362,https://digitalcontent.api.tesco.com/v2/media/ghs/9ec7ecd2-aabe-429e-9d55-90d2636a337d/61fb1d4a-4eca-4a45-a40c-d779d43c87c4_1825656001.jpeg?h=225&w=225,
278329163,Mlekovita Sokol Polish Cheese 150G,https://www.tesco.com/groceries/en-GB/shop/food-cupboard/all?department=World%20Foods&viewAll=department&page=,£1.30,£0.87/100g,,,/groceries/en-GB/products/278329163,https://digitalcontent.api.tesco.com/v2/media/ghs/86ac8a69-d6f8-40cd-b494-c3d5e2597af0/8523cda1-65b2-4a20-b5de-20facd711eca.jpeg?h=225&w=225,
305835529,Bundaberg Root Beer 375Ml,https://www.tesco.com/groceries/en-GB/shop/food-cupboard/all?department=World%20Foods&viewAll=department&page=,£1.40,£0.37/100ml,,,/groceries/en-GB/products/305835529,https://digitalcontent.api.tesco.com/v2/media/ghs/4103a362-3163-4a55-8c9d-4ee43172b73a/ac83fa28-cf46-493a-af43-32d095960916_1424232537.jpeg?h=225&w=225,
310680492,Tropical Sun All Purpose Seasoning 100G,https://www.tesco.com/groceries/en-GB/shop/food-cupboard/all?department=World%20Foods&viewAll=department&page=,£1.00,£1.00/100g,,,/groceries/en-GB/products/310680492,https://digitalcontent.api.tesco.com/v2/media/ghs/aedcb798-a842-4aa4-9232-3736cdec6591/cb7ab929-087d-43bc-83f3-a24d1d7b8618_1761980052.jpeg?h=225&w=225,
287569515,Cofresh Cheese & Onion Flavour Potato Grills 80G,https://www.tesco.com/groceries/en-GB/shop/food-cupboard/all?department=World%20Foods&viewAll=department&page=,£0.75,£0.94/100g,,,/groceries/en-GB/products/287569515,https://digitalcontent.api.tesco.com/v2/media/ghs/2820fedb-766a-4c57-9d8e-a09e3a992b9c/98e4d71a-8d82-4324-806f-9ee370277e23_577118633.jpeg?h=225&w=225,
287593468,Cofresh Hot Chilli Flavour Potato Hoops 80G,https://www.tesco.com/groceries/en-GB/shop/food-cupboard/all?department=World%20Foods&viewAll=department&page=,£0.75,£0.94/100g,,,/groceries/en-GB/products/287593468,https://digitalcontent.api.tesco.com/v2/media/ghs/cc5fad50-375c-4019-bad2-f1d81d3b9510/4753f078-ee9f-4346-a4ef-282b6778adf2_1933036877.jpeg?h=225&w=225,
254794428,East End Tandoori Masala 300G,https://www.tesco.com/groceries/en-GB/shop/food-cupboard/all?department=World%20Foods&viewAll=department&page=,£1.90,£0.06/10g,£1.60 Clubcard Price,,/groceries/en-GB/products/254794428,https://digitalcontent.api.tesco.com/v2/media/ghs/c6a7b9d1-be8d-44db-a668-3af782a00801/e4d31adb-1790-4d7b-9a2a-d3d9062a7427_1795634061.jpeg?h=225&w=225,
265627947,Drosed Podlaski Chicken Pate & Tomatoes 100G,https://www.tesco.com/groceries/en-GB/shop/food-cupboard/all?department=World%20Foods&viewAll=department&page=,£0.50,£0.50/100g,,,/groceries/en-GB/products/265627947,https://digitalcontent.api.tesco.com/v2/media/ghs/fd43a53d-8757-4894-90ca-f986039caa21/fb2777e9-6e40-4011-95bc-ffecd907655a_1577761839.jpeg?h=225&w=225,
292809536,Humza Chicken Samosa 20 Pieces 650G,https://www.tesco.com/groceries/en-GB/shop/food-cupboard/all?department=World%20Foods&viewAll=department&page=,£4.50,£0.69/100g,,,/groceries/en-GB/products/292809536,https://digitalcontent.api.tesco.com/v2/media/ghs/015d5031-12c6-416b-a1d5-3b0c87244545/cc7d2e59-216a-4924-88d2-dd0fc145affb.jpeg?h=225&w=225,
272943124,Red Label Jamaican Aperitif 750Ml,https://www.tesco.com/groceries/en-GB/shop/food-cupboard/all?department=World%20Foods&viewAll=department&page=,£7.00,£7.00/75cl,,,/groceries/en-GB/products/272943124,https://digitalcontent.api.tesco.com/v2/media/ghs/7fc52b54-0422-4aae-a042-4e717cc02388/65273aee-a0b8-486d-8aaa-9a90d071e664_1625835486.jpeg?h=225&w=225,
307346674,Sokolow Bukowe Poultry & Pork Sausages 600G,https://www.tesco.com/groceries/en-GB/shop/food-cupboard/all?department=World%20Foods&viewAll=department&page=,£2.60,£0.43/100g,,,/groceries/en-GB/products/307346674,https://digitalcontent.api.tesco.com/v2/media/ghs/d40767d5-0f33-4e1b-b2c1-594bc25f355c/f6be3468-85e1-418d-afc5-3ab0ac862bc0.jpeg?h=225&w=225,
285983908,Morliny Masurian Sausage 520G,https://www.tesco.com/groceries/en-GB/shop/food-cupboard/all?department=World%20Foods&viewAll=department&page=,£3.00,£0.58/100g,,,/groceries/en-GB/products/285983908,https://digitalcontent.api.tesco.com/v2/media/ghs/9230881b-ef4e-4812-a250-6699aef3b20d/0908acd9-7c58-4783-b8ea-34b6833b0fbc.jpeg?h=225&w=225,
303630689,Kikkoman Teriyaki Sauce & Garlic 250Ml,https://www.tesco.com/groceries/en-GB/shop/food-cupboard/all?department=World%20Foods&viewAll=department&page=,£3.00,£1.20/100ml,£2.15 Clubcard Price,,/groceries/en-GB/products/303630689,https://digitalcontent.api.tesco.com/v2/media/ghs/986c3d9f-e08a-448e-ba76-5d944e6d0e6f/b96a0aee-d173-49b6-98dc-638f873cc292_1872551505.jpeg?h=225&w=225,
267797217,Regal Original Cake Rusks 28 Pieces,https://www.tesco.com/groceries/en-GB/shop/food-cupboard/all?department=World%20Foods&viewAll=department&page=,£3.30,£0.12/each,,,/groceries/en-GB/products/267797217,https://digitalcontent.api.tesco.com/v2/media/ghs/77b00e6c-c7d3-45b4-98b1-6b6e1fb656b1/3e681812-d409-4d93-b336-b584a53e5db0_1522107920.jpeg?h=225&w=225,
277551240,Honey Bun Jamaican Spiced Bun 795G,https://www.tesco.com/groceries/en-GB/shop/food-cupboard/all?department=World%20Foods&viewAll=department&page=,£3.65,£0.46/100g,,,/groceries/en-GB/products/277551240,https://digitalcontent.api.tesco.com/v2/media/ghs/9825e9a0-420a-42d7-ba15-1df059a574c9/92134e5c-9702-43f2-a006-1b9248690d75_1965654355.jpeg?h=225&w=225,
281936200,Tao Kae Noi Tempura Seaweed Original 40G,https://www.tesco.com/groceries/en-GB/shop/food-cupboard/all?department=World%20Foods&viewAll=department&page=,£1.90,£4.75/100g,,,/groceries/en-GB/products/281936200,https://digitalcontent.api.tesco.com/v2/media/ghs/20454e3f-d05e-498d-8b2c-77342189f390/ede10df9-3ca0-43fa-9124-9dc824691f39_36102559.jpeg?h=225&w=225,
290359587,Lisner Matjas Herring Fillets 400G,https://www.tesco.com/groceries/en-GB/shop/food-cupboard/all?department=World%20Foods&viewAll=department&page=,£2.60,£6.50/kg,,,/groceries/en-GB/products/290359587,https://digitalcontent.api.tesco.com/v2/media/ghs/1f27cfd4-f41f-4064-9a2d-7abc104b6948/837c6eb0-c18d-4ea5-8202-4c19f1a241e5_1767657427.jpeg?h=225&w=225,
266402526,Guinness Nigerian Stout 600Ml,https://www.tesco.com/groceries/en-GB/shop/food-cupboard/all?department=World%20Foods&viewAll=department&page=,£3.50,£5.84/litre,,,/groceries/en-GB/products/266402526,https://digitalcontent.api.tesco.com/v2/media/ghs/ef6d4abd-d367-4d97-89ff-1f04eb869a28/b1fceffa-d238-4410-bf4a-f2b921f23bbb_892243694.jpeg?h=225&w=225,
292944064,Laila Chilli & Garlic Sauce 1 Litre,https://www.tesco.com/groceries/en-GB/shop/food-cupboard/all?department=World%20Foods&viewAll=department&page=,£1.70,£0.17/100ml,,,/groceries/en-GB/products/292944064,https://digitalcontent.api.tesco.com/v2/media/ghs/8f5c5cf6-143d-45c4-a284-094c75168c32/b733f4e7-b575-4c48-a462-fd97f568a898_417134164.jpeg?h=225&w=225,
300399656,E.Wedel Krowka Milky Fudge 250G,https://www.tesco.com/groceries/en-GB/shop/food-cupboard/all?department=World%20Foods&viewAll=department&page=,£1.70,£0.68/100g,,,/groceries/en-GB/products/300399656,https://digitalcontent.api.tesco.com/v2/media/ghs/5294e76a-d77b-4694-8aa4-f2a5aa452983/a3f0f1b7-5490-49ec-8b74-51ea2e21cdf4_1935632836.jpeg?h=225&w=225,
286003640,Kielecki Mayonnaise 310Ml,https://www.tesco.com/groceries/en-GB/shop/food-cupboard/all?department=World%20Foods&viewAll=department&page=,£1.45,£0.47/100ml,,,/groceries/en-GB/products/286003640,https://digitalcontent.api.tesco.com/v2/media/ghs/dca99773-e109-418e-aee6-836bc80480e2/ebbb2f3f-76d6-4028-90fc-ec596f059707_1053105155.jpeg?h=225&w=225,
301510777,Hello Panda Chocolate Biscuits 50G,https://www.tesco.com/groceries/en-GB/shop/food-cupboard/all?department=World%20Foods&viewAll=department&page=,£1.20,£2.40/100g,,,/groceries/en-GB/products/301510777,https://digitalcontent.api.tesco.com/v2/media/ghs/1d895463-b230-4408-880a-162c56d4edad/2d6661d6-8afe-48d3-b369-5a6c9a8c8676_732484988.jpeg?h=225&w=225,
255778838,Grace Tropical Rhythms Sorrell Ginger 475Ml,https://www.tesco.com/groceries/en-GB/shop/food-cupboard/all?department=World%20Foods&viewAll=department&page=,£1.65,£0.35/100ml,,,/groceries/en-GB/products/255778838,https://digitalcontent.api.tesco.com/v2/media/ghs/59c7fe51-4678-416c-87e1-374cf877a37b/89143cfd-c7b8-48d7-84c2-ba86147d40b1_505777987.jpeg?h=225&w=225,
266272039,Pronto Cinnamon Pot Porridge Mix 60G,https://www.tesco.com/groceries/en-GB/shop/food-cupboard/all?department=World%20Foods&viewAll=department&page=,£1.15,£1.92/100g,,,/groceries/en-GB/products/266272039,https://digitalcontent.api.tesco.com/v2/media/ghs/8b22c8b6-b5b4-4f86-bd47-7dacb49d71cf/05eaf18d-05f2-4b47-9787-3374858cdebc_682399432.jpeg?h=225&w=225,
280710745,Laila Kesar Mango Pulp 850G,https://www.tesco.com/groceries/en-GB/shop/food-cupboard/all?department=World%20Foods&viewAll=department&page=,£1.85,£2.18/kg,,,/groceries/en-GB/products/280710745,https://digitalcontent.api.tesco.com/v2/media/ghs/47361ee5-8217-4a12-b4a4-dcb391dd42b4/b1765c13-5b67-4a36-9586-94860e8e5959_904915960.jpeg?h=225&w=225,
255762346,Big Bamboo Irish Moss Vanilla Flavoured Drink 284Ml,https://www.tesco.com/groceries/en-GB/shop/food-cupboard/all?department=World%20Foods&viewAll=department&page=,£1.20,£0.42/100ml,,,/groceries/en-GB/products/255762346,https://digitalcontent.api.tesco.com/v2/media/ghs/c517aab8-18a6-4f87-9429-52009befe111/4c22f957-c92d-40c2-b0aa-7cc65e17d76d_35526195.jpeg?h=225&w=225,
309160249,4Move Vitamin Water Citrus Flavour 667Ml,https://www.tesco.com/groceries/en-GB/shop/food-cupboard/all?department=World%20Foods&viewAll=department&page=,£1.30,£0.20/100ml,,,/groceries/en-GB/products/309160249,https://digitalcontent.api.tesco.com/v2/media/ghs/96feeccc-eff3-4267-82e9-8d0a3ebcc2cf/7e07172a-890d-4410-a2a1-39c6625c7f3c_229082862.jpeg?h=225&w=225,
276003678,K.A. Sparkling Pineapple Drink 2 Litre,https://www.tesco.com/groceries/en-GB/shop/food-cupboard/all?department=World%20Foods&viewAll=department&page=,£1.65,£0.08/100ml,,,/groceries/en-GB/products/276003678,https://digitalcontent.api.tesco.com/v2/media/ghs/4eb17129-8298-4d3e-bbed-3b56cb6d8489/37895bff-4a47-410c-a8df-b4462ef79dbf_413452569.jpeg?h=225&w=225,
297003502,Cheezees Jalapeno 45G,https://www.tesco.com/groceries/en-GB/shop/food-cupboard/all?department=World%20Foods&viewAll=department&page=,£0.70,£1.56/100g,,,/groceries/en-GB/products/297003502,https://digitalcontent.api.tesco.com/v2/media/ghs/aa0f5e01-951c-4223-9da4-eb34b2352b55/5fc303b8-7293-42c5-807e-b0aea5ca39b6_1523690312.jpeg?h=225&w=225,
272126084,Tropical Sun Natural Coconut Water 330Ml,https://www.tesco.com/groceries/en-GB/shop/food-cupboard/all?department=World%20Foods&viewAll=department&page=,£1.05,£0.32/100ml,,,/groceries/en-GB/products/272126084,https://digitalcontent.api.tesco.com/v2/media/ghs/4cda1e05-3d13-4559-8916-28ece52b3a1e/2ef7e4ad-1b47-41e0-a1f5-12da67003ff5_1710764987.jpeg?h=225&w=225,
309197472,Milka Oreo Chocolate Bar 100G,https://www.tesco.com/groceries/en-GB/shop/food-cupboard/all?department=World%20Foods&viewAll=department&page=,£1.10,£1.10/100g,,,/groceries/en-GB/products/309197472,https://digitalcontent.api.tesco.com/v2/media/ghs/f0b9bf30-e92b-4991-9e43-11369bb37a7a/76b4a62f-e061-4af9-9a3f-97ca7b31d8cd_1996445919.jpeg?h=225&w=225,
263201953,Tymbark Apple & Mint Drink 250Ml,https://www.tesco.com/groceries/en-GB/shop/food-cupboard/all?department=World%20Foods&viewAll=department&page=,£0.60,£0.24/100ml,,,/groceries/en-GB/products/263201953,https://digitalcontent.api.tesco.com/v2/media/ghs/056220a3-9327-48e2-8794-268732bc916f/b075a5b9-0289-473d-8510-04cdaeb7a7ac_115384035.jpeg?h=225&w=225,
266317057,Carib Caribbean Lager 330Ml,https://www.tesco.com/groceries/en-GB/shop/food-cupboard/all?department=World%20Foods&viewAll=department&page=,£1.35,£4.10/litre,,,/groceries/en-GB/products/266317057,https://digitalcontent.api.tesco.com/v2/media/ghs/6437dd5f-a235-4729-8ffa-efc20ec303b1/996cbd71-27a7-4e25-8a66-e840a60fe4e5_520628936.jpeg?h=225&w=225,
275287878,Winiary Dark Gravy Mix 30G,https://www.tesco.com/groceries/en-GB/shop/food-cupboard/all?department=World%20Foods&viewAll=department&page=,£0.50,£1.67/100g,,,/groceries/en-GB/products/275287878,https://digitalcontent.api.tesco.com/v2/media/ghs/7033835a-7551-432b-a2cf-7da1d0effd5d/2c1e9f8b-8479-4dd7-b612-1e4a8095aa2d_180290144.jpeg?h=225&w=225,
259312128,Jamaicas Pride Hot Pepper Sauce 85Ml,https://www.tesco.com/groceries/en-GB/shop/food-cupboard/all?department=World%20Foods&viewAll=department&page=,£0.60,£0.71/100ml,,,/groceries/en-GB/products/259312128,https://digitalcontent.api.tesco.com/v2/media/ghs-mktg/b0b04216-fa73-466d-a9d7-c9fcfa1ce9b3/no-image.jpeg,
272191886,Nestle Cerelac Honey & Wheat Baby Food 1Kg,https://www.tesco.com/groceries/en-GB/shop/food-cupboard/all?department=World%20Foods&viewAll=department&page=,£8.50,£0.85/100g,,,/groceries/en-GB/products/272191886,https://digitalcontent.api.tesco.com/v2/media/ghs/8cb7f75d-7fe2-4455-bf43-29b768dd0608/61c27c2c-fa09-4aec-ac9c-8af20521d14c_40004283.jpeg?h=225&w=225,
302036559,Humza Meat Kebab 600G,https://www.tesco.com/groceries/en-GB/shop/food-cupboard/all?department=World%20Foods&viewAll=department&page=,£5.50,£9.17/kg,,,/groceries/en-GB/products/302036559,https://digitalcontent.api.tesco.com/v2/media/ghs/1db1a77f-ef2d-46e4-9584-0ba688f45301/baec65f5-2eb2-4792-863e-bd0f16d98e66.jpeg?h=225&w=225,
303881132,Ocean's Halo Organic Ramen Noodles 240G,https://www.tesco.com/groceries/en-GB/shop/food-cupboard/all?department=World%20Foods&viewAll=department&page=,£3.00,£12.50/kg,,,/groceries/en-GB/products/303881132,https://digitalcontent.api.tesco.com/v2/media/ghs/51378d90-ba69-4298-a89d-aef47c5b07ce/a2c48132-e09c-466b-88bc-e62e25d6b63c_1370860552.jpeg?h=225&w=225,
268614036,Krakus Podwawelska Sausages 520G,https://www.tesco.com/groceries/en-GB/shop/food-cupboard/all?department=World%20Foods&viewAll=department&page=,£3.65,£0.70/100g,,,/groceries/en-GB/products/268614036,https://digitalcontent.api.tesco.com/v2/media/ghs/79449961-422d-4475-9947-4680c84948df/aa41f9cd-f036-4146-a1ae-9efaa9d41270.jpeg?h=225&w=225,
283869155,Great Food Sweet Potato Pakora 300G,https://www.tesco.com/groceries/en-GB/shop/food-cupboard/all?department=World%20Foods&viewAll=department&page=,£2.95,£0.98/100g,,,/groceries/en-GB/products/283869155,https://digitalcontent.api.tesco.com/v2/media/ghs/01ac92cd-8023-46dd-a26d-b5f36fbe2079/f51a44ea-fdc3-4b1f-8a75-21c79df1ab35.jpeg?h=225&w=225,
303126935,Kikkoman Teriyaki Sauce Sesame 250Ml,https://www.tesco.com/groceries/en-GB/shop/food-cupboard/all?department=World%20Foods&viewAll=department&page=,£3.00,£1.20/100ml,£2.15 Clubcard Price,,/groceries/en-GB/products/303126935,https://digitalcontent.api.tesco.com/v2/media/ghs/3f7410ef-0af4-4ac8-8dd9-44f92135d829/cc7bb8b9-9e96-431f-a8cd-2fd8e43173b0_1623408426.jpeg?h=225&w=225,
306825028,Al'fez Apricot & Coriander Sauce 450G,https://www.tesco.com/groceries/en-GB/shop/food-cupboard/all?department=World%20Foods&viewAll=department&page=,£2.25,£0.50/100g,,,/groceries/en-GB/products/306825028,https://digitalcontent.api.tesco.com/v2/media/ghs/b57ec558-3e6c-4ba9-9dec-95e881a815e2/4c8e5edc-e03f-49c4-9da0-3d8039dfa8fc_1037184616.jpeg?h=225&w=225,
289037552,Rajah Haldi Ground Turmeric 400G,https://www.tesco.com/groceries/en-GB/shop/food-cupboard/all?department=World%20Foods&viewAll=department&page=,£2.00,£0.05/10g,,,/groceries/en-GB/products/289037552,https://digitalcontent.api.tesco.com/v2/media/ghs/0e7b87b8-481f-44a1-a805-ddba5d6e69f4/d9d05792-9898-4a5b-8468-d9e971f7ef98_1344533021.jpeg?h=225&w=225,
289037480,Rajah Chilli Powder 400G,https://www.tesco.com/groceries/en-GB/shop/food-cupboard/all?department=World%20Foods&viewAll=department&page=,£2.00,£0.05/10g,,,/groceries/en-GB/products/289037480,https://digitalcontent.api.tesco.com/v2/media/ghs/2b528bdd-829d-4c35-80e0-fb953ecd58e6/65079998-b829-46f1-9556-a82ab424337b_806279745.jpeg?h=225&w=225,
271638689,Dawtona Swedish Salad 500G,https://www.tesco.com/groceries/en-GB/shop/food-cupboard/all?department=World%20Foods&viewAll=department&page=,£1.60,£0.68/100g DR.WT,,,/groceries/en-GB/products/271638689,https://digitalcontent.api.tesco.com/v2/media/ghs/6e8ce142-1713-41b1-a522-97d9e3d65db6/c4f9d5c3-a8f6-4156-9247-7c7216115f88_440736021.jpeg?h=225&w=225,
304780313,Supermalt Ginger Beer 4X330ml,https://www.tesco.com/groceries/en-GB/shop/food-cupboard/all?department=World%20Foods&viewAll=department&page=,£3.00,£0.23/100ml,,,/groceries/en-GB/products/304780313,https://digitalcontent.api.tesco.com/v2/media/ghs/1f7a4358-b510-4d8d-a781-0363e5577021/0c62aa45-b693-4037-8c4e-5c7687c4b72e_1387739775.jpeg?h=225&w=225,
301554189,Dalgety Honey & Ginger Tea 72G,https://www.tesco.com/groceries/en-GB/shop/food-cupboard/all?department=World%20Foods&viewAll=department&page=,£1.90,£2.64/100g,,,/groceries/en-GB/products/301554189,https://digitalcontent.api.tesco.com/v2/media/ghs/6e7d56e4-b68e-44a5-9d93-89c9c52546af/3a9830fc-cd11-447d-b28e-81f05bab5ac7_786393775.jpeg?h=225&w=225,
309201369,Tarczynski Kabanos Gryzzale Chicken 90G,https://www.tesco.com/groceries/en-GB/shop/food-cupboard/all?department=World%20Foods&viewAll=department&page=,£1.95,£2.17/100g,,,/groceries/en-GB/products/309201369,https://digitalcontent.api.tesco.com/v2/media/ghs/73181e78-25d2-41ca-925e-49a3bfb17b9a/7ce54dc9-ce32-4801-a0d0-c24dd4e99887_1312199570.jpeg?h=225&w=225,
293315617,Dawtona Carrots With Peas 510G,https://www.tesco.com/groceries/en-GB/shop/food-cupboard/all?department=World%20Foods&viewAll=department&page=,£1.15,£0.35/100g DR.WT,,,/groceries/en-GB/products/293315617,https://digitalcontent.api.tesco.com/v2/media/ghs/b5bdce2a-b9fa-4860-8886-58f00c522031/5778d179-d1b8-4764-9952-091a6b293e49_975033161.jpeg?h=225&w=225,
254880858,Bovril Beef Extract 250G,https://www.tesco.com/groceries/en-GB/shop/food-cupboard/all?department=Jams%2C%20Sweet%20%26%20Savoury%20Spreads&viewAll=department&page=,£4.40,£1.76/100g,,,/groceries/en-GB/products/254880858,https://digitalcontent.api.tesco.com/v2/media/ghs/1d7e3736-1446-4f9e-a9d9-d5c19da6305b/0959ebdd-6fda-4f56-a556-afaea718ef01_1933241094.jpeg?h=225&w=225,
296981617,Rowse Honey Squeezy 680G,https://www.tesco.com/groceries/en-GB/shop/food-cupboard/all?department=Jams%2C%20Sweet%20%26%20Savoury%20Spreads&viewAll=department&page=,£4.00,£0.59/100g,,,/groceries/en-GB/products/296981617,https://digitalcontent.api.tesco.com/v2/media/ghs/5ceb3acc-17a8-4a1b-94a8-49c35e166091/40e3c89d-1bac-4428-8b43-a1fcc62a3556_758893748.jpeg?h=225&w=225,
250782952,Bonne Maman Strawberry Conserve 370G,https://www.tesco.com/groceries/en-GB/shop/food-cupboard/all?department=Jams%2C%20Sweet%20%26%20Savoury%20Spreads&viewAll=department&page=,£2.80,£0.76/100g,,,/groceries/en-GB/products/250782952,https://digitalcontent.api.tesco.com/v2/media/ghs/16c96e57-96e7-46c2-884d-751038bd6e08/87a8b9ea-d830-4e28-9a02-5ded7a043f71_1778716126.jpeg?h=225&w=225,
255771108,Rowse Squeezy Clear Honey 340G,https://www.tesco.com/groceries/en-GB/shop/food-cupboard/all?department=Jams%2C%20Sweet%20%26%20Savoury%20Spreads&viewAll=department&page=,£3.00,£0.88/100g,£2.50 Clubcard Price,,/groceries/en-GB/products/255771108,https://digitalcontent.api.tesco.com/v2/media/ghs/deeb1741-4296-43e0-93b5-efd167b31762/5dd277e4-cf99-4118-aa4e-c6e9b8b8f6fb_1907867389.jpeg?h=225&w=225,
301252805,Hilltop Squeezy Blossom Honey 340G,https://www.tesco.com/groceries/en-GB/shop/food-cupboard/all?department=Jams%2C%20Sweet%20%26%20Savoury%20Spreads&viewAll=department&page=,£2.50,£0.74/100g,,,/groceries/en-GB/products/301252805,https://digitalcontent.api.tesco.com/v2/media/ghs/eee1db94-fb6e-43a0-a024-e8b02a037588/a4e3cb52-1673-457c-b461-b3b3f14bb6cf_972565518.jpeg?h=225&w=225,
250782923,Bonne Maman Raspberry Conserve 370G,https://www.tesco.com/groceries/en-GB/shop/food-cupboard/all?department=Jams%2C%20Sweet%20%26%20Savoury%20Spreads&viewAll=department&page=,£2.80,£0.76/100g,,,/groceries/en-GB/products/250782923,https://digitalcontent.api.tesco.com/v2/media/ghs/ea58689f-f499-4405-bd14-9cdcc1a435b0/d0dc9815-f643-431f-bfc3-d7acfed05c37_699845298.jpeg?h=225&w=225,
263926798,Whole Earth Original Crunchy Peanut Butter 454G,https://www.tesco.com/groceries/en-GB/shop/food-cupboard/all?department=Jams%2C%20Sweet%20%26%20Savoury%20Spreads&viewAll=department&page=,£3.90,£0.86/100g,£2.50 Clubcard Price,,/groceries/en-GB/products/263926798,https://digitalcontent.api.tesco.com/v2/media/ghs/c6cde330-d3dd-48a1-b514-b1eaada810b1/467564ce-b041-4ad8-b06d-3da4b77c29af_615334482.jpeg?h=225&w=225,
255571203,Frank Coopers Fine Cut Oxford Marmalade 454G,https://www.tesco.com/groceries/en-GB/shop/food-cupboard/all?department=Jams%2C%20Sweet%20%26%20Savoury%20Spreads&viewAll=department&page=,£2.30,£0.51/100g,,,/groceries/en-GB/products/255571203,https://digitalcontent.api.tesco.com/v2/media/ghs/1e88c97b-cfd9-4735-a1cb-4f18f95a2797/b49f90b5-bdfa-4e44-b31a-7bb6f264902a_1103680285.jpeg?h=225&w=225,
281928072,Lotus Biscuit Spread Smooth 400G,https://www.tesco.com/groceries/en-GB/shop/food-cupboard/all?department=Jams%2C%20Sweet%20%26%20Savoury%20Spreads&viewAll=department&page=,£2.75,£0.69/100g,,,/groceries/en-GB/products/281928072,https://digitalcontent.api.tesco.com/v2/media/ghs/bfc80ef0-f750-4426-81bb-3fdd5c835475/91a3cb74-05dd-45c4-a257-98f8dd14106f_2057139665.jpeg?h=225&w=225,
256023385,Robertsons Golden Shredless Marmalade 454G,https://www.tesco.com/groceries/en-GB/shop/food-cupboard/all?department=Jams%2C%20Sweet%20%26%20Savoury%20Spreads&viewAll=department&page=,£2.00,£0.44/100g,,,/groceries/en-GB/products/256023385,https://digitalcontent.api.tesco.com/v2/media/ghs/cd23ddbd-492b-476e-a92a-c91d5af89214/c68ecfb6-091f-417c-80be-0650438c769a_2125671226.jpeg?h=225&w=225,
308117748,Nutella Hazelnut & Chocolate Spread 630G,https://www.tesco.com/groceries/en-GB/shop/food-cupboard/all?department=Jams%2C%20Sweet%20%26%20Savoury%20Spreads&viewAll=department&page=,£3.99,£0.63/100g,Aldi Price Match,,/groceries/en-GB/products/308117748,https://digitalcontent.api.tesco.com/v2/media/ghs/52852bba-f965-4004-a5bd-44ae25de7f79/873afabe-0268-4ba9-bbf1-ee69de1b4be8_585634781.jpeg?h=225&w=225,
292270470,Heinz Sandwich Spread 300G,https://www.tesco.com/groceries/en-GB/shop/food-cupboard/all?department=Jams%2C%20Sweet%20%26%20Savoury%20Spreads&viewAll=department&page=,£1.95,£0.65/100g,,,/groceries/en-GB/products/292270470,https://digitalcontent.api.tesco.com/v2/media/ghs/74d2ae5b-9843-4c6b-a05f-66f75fc91c83/9a090068-7174-4cd1-afd2-e1904927b790_1599234493.jpeg?h=225&w=225,
274088885,Tesco Squeezy Honey 340G,https://www.tesco.com/groceries/en-GB/shop/food-cupboard/all?department=Jams%2C%20Sweet%20%26%20Savoury%20Spreads&viewAll=department&page=,£1.80,£0.53/100g,,,/groceries/en-GB/products/274088885,https://digitalcontent.api.tesco.com/v2/media/ghs/3b299fb6-e1b1-419b-badc-5379e67decd6/d542287a-bf9e-4a8f-b253-221c84cbbeae_974594574.jpeg?h=225&w=225,
251170920,Tesco Chocolate Spread 400G,https://www.tesco.com/groceries/en-GB/shop/food-cupboard/all?department=Jams%2C%20Sweet%20%26%20Savoury%20Spreads&viewAll=department&page=,£1.65,£0.41/100g,,,/groceries/en-GB/products/251170920,https://digitalcontent.api.tesco.com/v2/media/ghs/0bf74ba8-90db-4fa0-9207-d0a01aef17ee/fc4575be-1c88-4473-8204-e482e6f964e0_504429819.jpeg?h=225&w=225,
307157609,Nuts About Nature Peanut Butter Smooth 340G,https://www.tesco.com/groceries/en-GB/shop/food-cupboard/all?department=Jams%2C%20Sweet%20%26%20Savoury%20Spreads&viewAll=department&page=,£1.85,£0.54/100g,,,/groceries/en-GB/products/307157609,https://digitalcontent.api.tesco.com/v2/media/ghs/61873055-fa1f-41d7-b2cf-1679a062113d/snapshotimagehandler_120330820.jpeg?h=225&w=225,
259802530,Nutella Hazelnut Chocolate Spread 200G,https://www.tesco.com/groceries/en-GB/shop/food-cupboard/all?department=Jams%2C%20Sweet%20%26%20Savoury%20Spreads&viewAll=department&page=,£1.90,£0.95/100g,,,/groceries/en-GB/products/259802530,https://digitalcontent.api.tesco.com/v2/media/ghs/fae9adc4-f9ef-4dc9-9604-d013928a160e/42807b7c-d525-4616-b4c6-5c77d4c32b8b_1861813955.jpeg?h=225&w=225,
308459988,Le Vieja Fabrica Fine Cut Seville Orange Marmalade 365G,https://www.tesco.com/groceries/en-GB/shop/food-cupboard/all?department=Jams%2C%20Sweet%20%26%20Savoury%20Spreads&viewAll=department&page=,£1.65,£0.45/100g,,,/groceries/en-GB/products/308459988,https://digitalcontent.api.tesco.com/v2/media/ghs/53e25379-0a81-4932-b5ec-a621d5699af9/42808d36-8e6f-46ba-ba19-dfa7cfe8dbbc_545219708.jpeg?h=225&w=225,
254851421,Lyles Golden Syrup 454G,https://www.tesco.com/groceries/en-GB/shop/food-cupboard/all?department=Jams%2C%20Sweet%20%26%20Savoury%20Spreads&viewAll=department&page=,£1.55,£0.34/100g,,,/groceries/en-GB/products/254851421,https://digitalcontent.api.tesco.com/v2/media/ghs/3db368ef-ab6e-479e-bf7f-4e7d80e5186a/5b260450-3249-4bdf-8e05-fd0c786aeafe_810436033.jpeg?h=225&w=225,
254880991,Marmite Yeast Extract 250G,https://www.tesco.com/groceries/en-GB/shop/food-cupboard/all?department=Jams%2C%20Sweet%20%26%20Savoury%20Spreads&viewAll=department&page=,£2.85,£1.14/100g,,,/groceries/en-GB/products/254880991,https://digitalcontent.api.tesco.com/v2/media/ghs/b6f2aa7e-e220-4c11-a33d-0461a04a3a47/de14dc86-1606-4bd0-89c8-9275b5fa004a_1044688365.jpeg?h=225&w=225,
251735881,Tesco Finest Strawberry Conserve 340G,https://www.tesco.com/groceries/en-GB/shop/food-cupboard/all?department=Jams%2C%20Sweet%20%26%20Savoury%20Spreads&viewAll=department&page=,£2.00,£0.59/100g,£1.35 Clubcard Price,,/groceries/en-GB/products/251735881,https://digitalcontent.api.tesco.com/v2/media/ghs/d6b5d9b1-4a30-495e-843c-4cd0ae39ef9b/f3f6b18e-6a44-436f-ab69-26b49b0609c3_477697247.jpeg?h=225&w=225,
263914432,Nutella Hazelnut Chocolate Spread 350G,https://www.tesco.com/groceries/en-GB/shop/food-cupboard/all?department=Jams%2C%20Sweet%20%26%20Savoury%20Spreads&viewAll=department&page=,£2.75,£0.79/100g,£2.00 Clubcard Price,,/groceries/en-GB/products/263914432,https://digitalcontent.api.tesco.com/v2/media/ghs/3af31fc7-b05e-4491-b875-6163ffe663e9/65b9f70c-1fdd-4d89-b17f-531aa333e94c_1666493561.jpeg?h=225&w=225,
251736275,Tesco Finest Blackcurran Conserve 340G,https://www.tesco.com/groceries/en-GB/shop/food-cupboard/all?department=Jams%2C%20Sweet%20%26%20Savoury%20Spreads&viewAll=department&page=,£2.00,£0.59/100g,£1.35 Clubcard Price,,/groceries/en-GB/products/251736275,https://digitalcontent.api.tesco.com/v2/media/ghs/df404cf8-6374-43a2-bd40-136a39955ce0/193e287e-f959-4433-beaf-11897e8c7a23_1896398382.jpeg?h=225&w=225,
264769626,Tesco Smooth Peanut Butter 340G,https://www.tesco.com/groceries/en-GB/shop/food-cupboard/all?department=Jams%2C%20Sweet%20%26%20Savoury%20Spreads&viewAll=department&page=,£1.45,£0.43/100g,,,/groceries/en-GB/products/264769626,https://digitalcontent.api.tesco.com/v2/media/ghs/e712c1a9-416c-488b-9be6-5a51dd532354/9112d9ce-2995-4786-b5b8-a5124dcb11bf_817711414.jpeg?h=225&w=225,
264769567,Tesco Crunchy Peanut Butter 340G,https://www.tesco.com/groceries/en-GB/shop/food-cupboard/all?department=Jams%2C%20Sweet%20%26%20Savoury%20Spreads&viewAll=department&page=,£1.45,£0.43/100g,,,/groceries/en-GB/products/264769567,https://digitalcontent.api.tesco.com/v2/media/ghs/825cec47-171b-42b5-bc54-061cf235ea06/2f63f654-3cb7-4c33-bdbf-8b9e51e27d90_307994727.jpeg?h=225&w=225,
276976038,Tesco Yeast Extract 225G,https://www.tesco.com/groceries/en-GB/shop/food-cupboard/all?department=Jams%2C%20Sweet%20%26%20Savoury%20Spreads&viewAll=department&page=,£1.95,£0.87/100g,,,/groceries/en-GB/products/276976038,https://digitalcontent.api.tesco.com/v2/media/ghs/b6bdd38f-6da7-4760-a1a6-c7dbfb4e2325/c26e69e7-a102-4bd1-b735-31e2e50496ad_1815582829.jpeg?h=225&w=225,
264604694,Tesco Crunchy Peanut Butter 700G,https://www.tesco.com/groceries/en-GB/shop/food-cupboard/all?department=Jams%2C%20Sweet%20%26%20Savoury%20Spreads&viewAll=department&page=,£2.10,£0.30/100g,,,/groceries/en-GB/products/264604694,https://digitalcontent.api.tesco.com/v2/media/ghs/ea013a84-ff35-4442-9b4c-59dd3221920a/e72a4534-d44c-4f51-8e71-f96d564aabaf_273196058.jpeg?h=225&w=225,
264604671,Tesco Smooth Peanut Butter 700G,https://www.tesco.com/groceries/en-GB/shop/food-cupboard/all?department=Jams%2C%20Sweet%20%26%20Savoury%20Spreads&viewAll=department&page=,£2.10,£0.30/100g,,,/groceries/en-GB/products/264604671,https://digitalcontent.api.tesco.com/v2/media/ghs/bd26cc24-cf2a-4c8a-9635-087a855f62c3/ff1b4bbf-b882-41c4-8622-fabdae087ceb_1118270540.jpeg?h=225&w=225,
293639332,Nutella And Go Multi Pack 96G,https://www.tesco.com/groceries/en-GB/shop/food-cupboard/all?department=Jams%2C%20Sweet%20%26%20Savoury%20Spreads&viewAll=department&page=,£1.50,£1.57/100g,,,/groceries/en-GB/products/293639332,https://digitalcontent.api.tesco.com/v2/media/ghs/6c2d185f-de09-4a4b-aaa2-18a36c754f64/8ba86feb-2bc3-40b4-b123-e7766864b1f3_277965773.jpeg?h=225&w=225,
282337775,Hartleys Best Strawberry Seedless Jam 340G,https://www.tesco.com/groceries/en-GB/shop/food-cupboard/all?department=Jams%2C%20Sweet%20%26%20Savoury%20Spreads&viewAll=department&page=,£1.35,£0.40/100g,,,/groceries/en-GB/products/282337775,https://digitalcontent.api.tesco.com/v2/media/ghs/156cd06c-88ad-4e29-ac3e-aab8426cb746/6d90e686-d8c9-4bb4-87f5-3039eed3a220_2108884604.jpeg?h=225&w=225,
303668040,Tesco Golden Syrup 680G,https://www.tesco.com/groceries/en-GB/shop/food-cupboard/all?department=Jams%2C%20Sweet%20%26%20Savoury%20Spreads&viewAll=department&page=,£1.35,£0.20/100g,,,/groceries/en-GB/products/303668040,https://digitalcontent.api.tesco.com/v2/media/ghs/8c74b38e-6b69-4460-b868-4e2e2ee24a95/c6e7b9e0-85d5-41a7-b9b1-59207dd26477_539395604.jpeg?h=225&w=225,
301323296,Tesco Strawberry Seedless Jam 454G,https://www.tesco.com/groceries/en-GB/shop/food-cupboard/all?department=Jams%2C%20Sweet%20%26%20Savoury%20Spreads&viewAll=department&page=,£1.15,£0.25/100g,,,/groceries/en-GB/products/301323296,https://digitalcontent.api.tesco.com/v2/media/ghs/1f47c1d4-4670-48f2-a62b-352a23eafb72/b9fa9cc9-3c2c-4aeb-b5c6-7459d801e734_166993987.jpeg?h=225&w=225,
300226292,Sunpat Peanut Butter Crunchy 400G,https://www.tesco.com/groceries/en-GB/shop/food-cupboard/all?department=Jams%2C%20Sweet%20%26%20Savoury%20Spreads&viewAll=department&page=,£2.00,£0.50/100g,,,/groceries/en-GB/products/300226292,https://digitalcontent.api.tesco.com/v2/media/ghs/f06ce717-4d87-463d-b03f-4405e437f9f2/340c6dd4-520e-4b3e-80e5-8f7b6883f1be_718376156.jpeg?h=225&w=225,
254849603,Tesco Strawberry Jam 454G,https://www.tesco.com/groceries/en-GB/shop/food-cupboard/all?department=Jams%2C%20Sweet%20%26%20Savoury%20Spreads&viewAll=department&page=,£1.15,£0.25/100g,,,/groceries/en-GB/products/254849603,https://digitalcontent.api.tesco.com/v2/media/ghs/171a459c-059f-4815-b052-23ecea774649/330bcb28-fa50-43ae-9f6c-8bca01388b66_544365794.jpeg?h=225&w=225,
254850860,Tesco Clear Honey 454G,https://www.tesco.com/groceries/en-GB/shop/food-cupboard/all?department=Jams%2C%20Sweet%20%26%20Savoury%20Spreads&viewAll=department&page=,£1.60,£0.35/100g,,,/groceries/en-GB/products/254850860,https://digitalcontent.api.tesco.com/v2/media/ghs/079233f5-8537-4c54-a4ea-1834333e2c70/4ae8acc3-8319-4889-8e03-209f4f0878eb_1158177394.jpeg?h=225&w=225,
254850946,Tesco Pure Set Honey 454G,https://www.tesco.com/groceries/en-GB/shop/food-cupboard/all?department=Jams%2C%20Sweet%20%26%20Savoury%20Spreads&viewAll=department&page=,£1.60,£0.35/100g,,,/groceries/en-GB/products/254850946,https://digitalcontent.api.tesco.com/v2/media/ghs/4e75dfb2-804b-454f-8456-7d8baf70de95/ec8ceb51-9382-4eeb-a751-989aa4e63e9b_2120177935.jpeg?h=225&w=225,
300226319,Sunpat Peanut Butter Smooth 400G,https://www.tesco.com/groceries/en-GB/shop/food-cupboard/all?department=Jams%2C%20Sweet%20%26%20Savoury%20Spreads&viewAll=department&page=,£2.00,£0.50/100g,,,/groceries/en-GB/products/300226319,https://digitalcontent.api.tesco.com/v2/media/ghs/e5e4454b-b156-45ae-b0f3-ae0831be5e57/991237d0-c436-45f8-ac26-b0042c670713_1313355095.jpeg?h=225&w=225,
300388214,Stockwell & Co Crunchy Peanut Butter 340G,https://www.tesco.com/groceries/en-GB/shop/food-cupboard/all?department=Jams%2C%20Sweet%20%26%20Savoury%20Spreads&viewAll=department&page=,£1.09,£0.32/100g,Aldi Price Match,,/groceries/en-GB/products/300388214,https://digitalcontent.api.tesco.com/v2/media/ghs/fc958511-5cfa-411b-882c-b641d771db37/0b3f95be-65c6-450d-95fa-96b4e23dceab_1955722822.jpeg?h=225&w=225,
254850330,Tesco Fine Cut Orange Marmalade 454G,https://www.tesco.com/groceries/en-GB/shop/food-cupboard/all?department=Jams%2C%20Sweet%20%26%20Savoury%20Spreads&viewAll=department&page=,£0.90,£0.20/100g,,,/groceries/en-GB/products/254850330,https://digitalcontent.api.tesco.com/v2/media/ghs/2ba004ce-036f-481d-84f7-37a222428e14/06e5dcd9-5104-4db4-bf0b-49e574a81884_5905095.jpeg?h=225&w=225,
251736033,Tesco Finest Raspberry Conserve 340G.,https://www.tesco.com/groceries/en-GB/shop/food-cupboard/all?department=Jams%2C%20Sweet%20%26%20Savoury%20Spreads&viewAll=department&page=,£2.00,£0.59/100g,£1.35 Clubcard Price,,/groceries/en-GB/products/251736033,https://digitalcontent.api.tesco.com/v2/media/ghs/bb68737f-9167-4f51-af1b-924b6b21f0b3/7b3d8caa-df78-4fdc-9d57-bb32b874fb89_718394591.jpeg?h=225&w=225,
254851398,Tesco Lemon Curd 411G,https://www.tesco.com/groceries/en-GB/shop/food-cupboard/all?department=Jams%2C%20Sweet%20%26%20Savoury%20Spreads&viewAll=department&page=,£0.90,£0.22/100g,,,/groceries/en-GB/products/254851398,https://digitalcontent.api.tesco.com/v2/media/ghs/a55de67e-30f2-4bc9-afc4-11a90cff28cb/eeb57eae-321e-432c-a0de-31be8167f701_1840852422.jpeg?h=225&w=225,
300388197,Stockwell & Co Orange Marmalade 454G,https://www.tesco.com/groceries/en-GB/shop/food-cupboard/all?department=Jams%2C%20Sweet%20%26%20Savoury%20Spreads&viewAll=department&page=,£0.52,£0.12/100g,Aldi Price Match,,/groceries/en-GB/products/300388197,https://digitalcontent.api.tesco.com/v2/media/ghs/6e9c4377-3b30-4bdc-843d-5512c9d27fae/b5c788d1-6814-4102-a507-28f49b0754dc_2035663118.jpeg?h=225&w=225,
254849534,Tesco Seedless Raspberry Jam 454G,https://www.tesco.com/groceries/en-GB/shop/food-cupboard/all?department=Jams%2C%20Sweet%20%26%20Savoury%20Spreads&viewAll=department&page=,£1.15,£0.25/100g,,,/groceries/en-GB/products/254849534,https://digitalcontent.api.tesco.com/v2/media/ghs/a584e599-bd06-4dfd-a162-4f71e30c584d/dc5b3858-428e-431a-a25e-0417eb309495_843956074.jpeg?h=225&w=225,
300257829,Stockwell & Co Honey 340G,https://www.tesco.com/groceries/en-GB/shop/food-cupboard/all?department=Jams%2C%20Sweet%20%26%20Savoury%20Spreads&viewAll=department&page=,£0.75,£0.22/100g,Aldi Price Match,,/groceries/en-GB/products/300257829,https://digitalcontent.api.tesco.com/v2/media/ghs/dc8b4349-0c48-42da-bdf5-d6775857e5f4/57181fe6-a00d-4115-a5ab-fe1a39b5f617_1657234282.jpeg?h=225&w=225,
299600086,Stockwell & Co Strawberry Jam 454G,https://www.tesco.com/groceries/en-GB/shop/food-cupboard/all?department=Jams%2C%20Sweet%20%26%20Savoury%20Spreads&viewAll=department&page=,,,,,/groceries/en-GB/products/299600086,https://digitalcontent.api.tesco.com/v2/media/ghs/68b6800e-616b-41cd-a0b5-71ed11d52327/b97cbf5d-21a0-4021-9859-2c51cd222b10_1894099336.jpeg?h=225&w=225,This product's currently out of stock
301510512,Meridian Crunchy Peanut Butter 1Kg,https://www.tesco.com/groceries/en-GB/shop/food-cupboard/all?department=Jams%2C%20Sweet%20%26%20Savoury%20Spreads&viewAll=department&page=,£6.50,£0.65/100g,,,/groceries/en-GB/products/301510512,https://digitalcontent.api.tesco.com/v2/media/ghs/aaa0a8a4-e43f-449f-877f-f38d5c03cfa9/0eb5a773-9a9f-4fcf-b92d-2560d4f6af10_235402200.jpeg?h=225&w=225,
294224337,Whole Earth Crunchy Peanut Butter 1Kg,https://www.tesco.com/groceries/en-GB/shop/food-cupboard/all?department=Jams%2C%20Sweet%20%26%20Savoury%20Spreads&viewAll=department&page=,£6.80,£0.68/100g,,,/groceries/en-GB/products/294224337,https://digitalcontent.api.tesco.com/v2/media/ghs/6df64f75-f123-4844-a9dc-17294c60d3ba/a27f57fe-c99c-43c6-b690-8fab700d1d49_497233787.jpeg?h=225&w=225,
294224350,Whole Earth Smooth Peanut Butter 1Kg,https://www.tesco.com/groceries/en-GB/shop/food-cupboard/all?department=Jams%2C%20Sweet%20%26%20Savoury%20Spreads&viewAll=department&page=,£6.80,£0.68/100g,,,/groceries/en-GB/products/294224350,https://digitalcontent.api.tesco.com/v2/media/ghs/344ed309-ea0a-4fdd-a6be-529184c71384/b407eabe-1a21-480d-b5f2-bec921d3118a_1181445557.jpeg?h=225&w=225,
267234389,Rowse Squeezy Organic Honey 340G,https://www.tesco.com/groceries/en-GB/shop/food-cupboard/all?department=Jams%2C%20Sweet%20%26%20Savoury%20Spreads&viewAll=department&page=,£3.50,£1.03/100g,,,/groceries/en-GB/products/267234389,,
284847963,Meridian Peanut Butter Crunchy 100% Nuts 280G,https://www.tesco.com/groceries/en-GB/shop/food-cupboard/all?department=Jams%2C%20Sweet%20%26%20Savoury%20Spreads&viewAll=department&page=,£2.80,£1.00/100g,,,/groceries/en-GB/products/284847963,https://digitalcontent.api.tesco.com/v2/media/ghs/835dde42-9da4-4ae7-8e17-4296e29b7d40/d48ce136-22f7-4f5d-a15c-686ffc21f9e6_132281717.jpeg?h=225&w=225,
284847836,Meridian Peanut Butter Smooth 100% Nuts 280G,https://www.tesco.com/groceries/en-GB/shop/food-cupboard/all?department=Jams%2C%20Sweet%20%26%20Savoury%20Spreads&viewAll=department&page=,£2.80,£1.00/100g,,,/groceries/en-GB/products/284847836,https://digitalcontent.api.tesco.com/v2/media/ghs/5319783b-a75c-4ca5-95d2-f13bdf582921/10cd055a-0641-423e-a45f-146b8c3dac0d_461026971.jpeg?h=225&w=225,
252780755,Bonne Maman Orange Fine Shred Marmalade 370G,https://www.tesco.com/groceries/en-GB/shop/food-cupboard/all?department=Jams%2C%20Sweet%20%26%20Savoury%20Spreads&viewAll=department&page=,£2.80,£0.76/100g,,,/groceries/en-GB/products/252780755,https://digitalcontent.api.tesco.com/v2/media/ghs/df24439a-b185-4350-a388-4c748a1e4842/ebdda34a-b1f3-4b12-8c18-828ab5ea0e6b_1435801358.jpeg?h=225&w=225,
250782900,Bonne Maman Apricot Conserve 370G,https://www.tesco.com/groceries/en-GB/shop/food-cupboard/all?department=Jams%2C%20Sweet%20%26%20Savoury%20Spreads&viewAll=department&page=,£2.80,£0.76/100g,,,/groceries/en-GB/products/250782900,https://digitalcontent.api.tesco.com/v2/media/ghs/d6c04082-626c-4230-8111-c6a3905bdc6b/5c951cbc-614e-4978-9ec4-1a7202100c13_273616828.jpeg?h=225&w=225,
251433489,Cadbury Smooth Chocolate Spread 400G,https://www.tesco.com/groceries/en-GB/shop/food-cupboard/all?department=Jams%2C%20Sweet%20%26%20Savoury%20Spreads&viewAll=department&page=,£3.00,£0.75/100g,,,/groceries/en-GB/products/251433489,https://digitalcontent.api.tesco.com/v2/media/ghs/5f886c6c-ee3e-4f18-934b-e2736aff2051/5886d1a9-fab5-4983-9f94-319bf34ae8ab_1202814349.jpeg?h=225&w=225,
254850543,Roses Lemon & Lime Marmalade 454G,https://www.tesco.com/groceries/en-GB/shop/food-cupboard/all?department=Jams%2C%20Sweet%20%26%20Savoury%20Spreads&viewAll=department&page=,£2.20,£0.48/100g,,,/groceries/en-GB/products/254850543,https://digitalcontent.api.tesco.com/v2/media/ghs/fe830120-ecdc-4953-bdad-8c45f5c37aae/6e17cc6f-d37c-4660-8d02-0f157c2d354d_1932017617.jpeg?h=225&w=225,
288745069,Meridian Almond Butter Smooth 170G,https://www.tesco.com/groceries/en-GB/shop/food-cupboard/all?department=Jams%2C%20Sweet%20%26%20Savoury%20Spreads&viewAll=department&page=,£2.70,£1.59/100g,,,/groceries/en-GB/products/288745069,https://digitalcontent.api.tesco.com/v2/media/ghs/5c749540-ddbf-4e86-9de5-203eb481c45c/2f4d1cf1-044a-4bca-801a-ca3916b672c1_142071222.jpeg?h=225&w=225,
282060773,Groovy Food Agave Light And Mild 250Ml,https://www.tesco.com/groceries/en-GB/shop/food-cupboard/all?department=Jams%2C%20Sweet%20%26%20Savoury%20Spreads&viewAll=department&page=,£2.50,£1.00/100ml,,,/groceries/en-GB/products/282060773,https://digitalcontent.api.tesco.com/v2/media/ghs/1ae38ee3-b71e-42ef-bce8-a4d1d748f9a5/1c8b8bea-274a-4ac2-8237-3eec972dda63_2018580707.jpeg?h=225&w=225,
259312666,Whole Earth Smooth Peanut Butter 454G,https://www.tesco.com/groceries/en-GB/shop/food-cupboard/all?department=Jams%2C%20Sweet%20%26%20Savoury%20Spreads&viewAll=department&page=,£3.90,£0.86/100g,£2.50 Clubcard Price,,/groceries/en-GB/products/259312666,https://digitalcontent.api.tesco.com/v2/media/ghs/b5263082-e636-4113-86d5-dee57047f9b9/caab4ad6-7554-43d0-9d06-d9eb2d2f4179_990275216.jpeg?h=225&w=225,
281928141,Lotus Biscuit Spread Crunchy 380G,https://www.tesco.com/groceries/en-GB/shop/food-cupboard/all?department=Jams%2C%20Sweet%20%26%20Savoury%20Spreads&viewAll=department&page=,£2.75,£0.72/100g,,,/groceries/en-GB/products/281928141,https://digitalcontent.api.tesco.com/v2/media/ghs/98ef6666-68d4-4ddb-aa82-de2fd10e49b2/0acfaffe-b2cd-4793-8ecd-e64d2acef4f7_1659946955.jpeg?h=225&w=225,
302278140,Rowse Squeezy Honey Dark & Rich 340G,https://www.tesco.com/groceries/en-GB/shop/food-cupboard/all?department=Jams%2C%20Sweet%20%26%20Savoury%20Spreads&viewAll=department&page=,£3.00,£0.88/100g,£2.50 Clubcard Price,,/groceries/en-GB/products/302278140,https://digitalcontent.api.tesco.com/v2/media/ghs/57214b1d-f11a-483b-9217-f106c5a3279f/88cc5c31-e900-4aa4-9044-d1344b588ae7_1160974558.jpeg?h=225&w=225,
274827288,Stute No Added Sugar Diabetic Fine Cut Marmalade 430G,https://www.tesco.com/groceries/en-GB/shop/food-cupboard/all?department=Jams%2C%20Sweet%20%26%20Savoury%20Spreads&viewAll=department&page=,£1.90,£0.44/100g,,,/groceries/en-GB/products/274827288,https://digitalcontent.api.tesco.com/v2/media/ghs/e1d82184-0d72-408c-bb54-5240ac527085/44ee1d4c-49d3-463f-879e-96cc04043d27_1044644550.jpeg?h=225&w=225,
293378444,Nature's Store Gluten Free Chocolate Spread,https://www.tesco.com/groceries/en-GB/shop/food-cupboard/all?department=Jams%2C%20Sweet%20%26%20Savoury%20Spreads&viewAll=department&page=,£2.25,£0.64/100g,,,/groceries/en-GB/products/293378444,https://digitalcontent.api.tesco.com/v2/media/ghs/b373c18d-ede9-4140-97f5-30dc06286021/d0ea0c81-2fb8-4602-a381-a64c0f3f0bbe_972912372.jpeg?h=225&w=225,
263013605,Whole Earth Organic Smooth Peanut Butter 340G,https://www.tesco.com/groceries/en-GB/shop/food-cupboard/all?department=Jams%2C%20Sweet%20%26%20Savoury%20Spreads&viewAll=department&page=,£3.30,£0.97/100g,,,/groceries/en-GB/products/263013605,https://digitalcontent.api.tesco.com/v2/media/ghs/b8fcb5c2-a010-4bc0-ac1e-727045fde1c8/6b01f86c-53d1-47f7-854b-da561b8ccdb1_2117117231.jpeg?h=225&w=225,
274818852,Stute No Added Sugar Diabetic Strawberry Jam 430G,https://www.tesco.com/groceries/en-GB/shop/food-cupboard/all?department=Jams%2C%20Sweet%20%26%20Savoury%20Spreads&viewAll=department&page=,£1.90,£0.44/100g,,,/groceries/en-GB/products/274818852,https://digitalcontent.api.tesco.com/v2/media/ghs/03637e24-3e16-4bea-a46e-9ef7753635bd/27fa28e5-ba3e-485a-97c9-7306c544ce6c_1784931030.jpeg?h=225&w=225,
263013594,Whole Earth Organic Crunchy Peanut Butter 340G,https://www.tesco.com/groceries/en-GB/shop/food-cupboard/all?department=Jams%2C%20Sweet%20%26%20Savoury%20Spreads&viewAll=department&page=,£3.30,£0.97/100g,,,/groceries/en-GB/products/263013594,https://digitalcontent.api.tesco.com/v2/media/ghs/8f89fd5d-ada9-454b-9bbd-536d0e3fbbab/d59caf12-5d1f-4b80-ae00-d54a5890016d_2044932257.jpeg?h=225&w=225,
257231350,Mackays The Dundee Orange Marmalade 340G,https://www.tesco.com/groceries/en-GB/shop/food-cupboard/all?department=Jams%2C%20Sweet%20%26%20Savoury%20Spreads&viewAll=department&page=,£1.75,£0.52/100g,,,/groceries/en-GB/products/257231350,https://digitalcontent.api.tesco.com/v2/media/ghs/682e6c92-9e22-4658-bd71-72add361e95f/9b64bab5-f195-49a4-8e74-c90a549bec4c_328682711.jpeg?h=225&w=225,
254850658,Robertsons Golden Shred Marmalade 454G,https://www.tesco.com/groceries/en-GB/shop/food-cupboard/all?department=Jams%2C%20Sweet%20%26%20Savoury%20Spreads&viewAll=department&page=,£2.00,£0.44/100g,,,/groceries/en-GB/products/254850658,https://digitalcontent.api.tesco.com/v2/media/ghs/c59b53bc-9211-4c2b-8923-c903de915277/0212cc55-6387-43e3-a2b9-f865b2c2288d_2010837279.jpeg?h=225&w=225,
251155046,Mackays Vintage Orange Marmalade 340G,https://www.tesco.com/groceries/en-GB/shop/food-cupboard/all?department=Jams%2C%20Sweet%20%26%20Savoury%20Spreads&viewAll=department&page=,£1.75,£0.52/100g,,,/groceries/en-GB/products/251155046,https://digitalcontent.api.tesco.com/v2/media/ghs/0934cc43-ced4-480d-95ca-6f4140052c98/259c81ee-5e31-409b-9bcd-f8985fa939a9_1301658187.jpeg?h=225&w=225,
307136548,Nuts About Nature Peanut Butter Crunchy 340G,https://www.tesco.com/groceries/en-GB/shop/food-cupboard/all?department=Jams%2C%20Sweet%20%26%20Savoury%20Spreads&viewAll=department&page=,£1.85,£0.54/100g,,,/groceries/en-GB/products/307136548,https://digitalcontent.api.tesco.com/v2/media/ghs/3f5be202-e9da-499b-b729-cbce4c749b16/snapshotimagehandler_1782678210.jpeg?h=225&w=225,
251737124,Tesco Finest Three Fruit Marmalade 340G,https://www.tesco.com/groceries/en-GB/shop/food-cupboard/all?department=Jams%2C%20Sweet%20%26%20Savoury%20Spreads&viewAll=department&page=,£1.80,£0.53/100g,£1.35 Clubcard Price,,/groceries/en-GB/products/251737124,https://digitalcontent.api.tesco.com/v2/media/ghs/beab47b7-62c0-4e77-b746-1acfacef2156/672a7a2e-5bd0-4815-a850-9fb02699426f_1337829878.jpeg?h=225&w=225,
308461247,Le Vieja Fabrica Thick Cut Seville Orange Marmalade 365G,https://www.tesco.com/groceries/en-GB/shop/food-cupboard/all?department=Jams%2C%20Sweet%20%26%20Savoury%20Spreads&viewAll=department&page=,£1.65,£0.45/100g,,,/groceries/en-GB/products/308461247,https://digitalcontent.api.tesco.com/v2/media/ghs/a553cc39-a281-472b-bedb-06064d759ee2/aed184dc-9dd6-4847-bc62-078c6bbfd0bd_1135836280.jpeg?h=225&w=225,
261843674,Mackays Scottish Strawberry Preserve 340G,https://www.tesco.com/groceries/en-GB/shop/food-cupboard/all?department=Jams%2C%20Sweet%20%26%20Savoury%20Spreads&viewAll=department&page=,£1.85,£0.54/100g,,,/groceries/en-GB/products/261843674,https://digitalcontent.api.tesco.com/v2/media/ghs/433468c6-ddda-4746-9253-754c0bac870a/ff08d26d-9cdd-408f-907c-4f5719273d30_892743584.jpeg?h=225&w=225,
267651534,Mackays Seedless Bramble Preserve 340G,https://www.tesco.com/groceries/en-GB/shop/food-cupboard/all?department=Jams%2C%20Sweet%20%26%20Savoury%20Spreads&viewAll=department&page=,£1.85,£0.54/100g,,,/groceries/en-GB/products/267651534,https://digitalcontent.api.tesco.com/v2/media/ghs/d1b985e0-c67b-42b6-9aa0-1216c23d5a81/e9f57c24-6a4e-479a-9d36-b3459d41bae5_2133710325.jpeg?h=225&w=225,
304796485,Lyle's Golden Syrup 700G,https://www.tesco.com/groceries/en-GB/shop/food-cupboard/all?department=Jams%2C%20Sweet%20%26%20Savoury%20Spreads&viewAll=department&page=,£2.20,£0.32/100g,,,/groceries/en-GB/products/304796485,https://digitalcontent.api.tesco.com/v2/media/ghs/95c326a5-7faf-4657-9dc3-67876d401118/84c2c3d0-7138-4d75-a51e-92f6509dbafb_1892468903.jpeg?h=225&w=225,
301391909,Marmite Reduced Salt Yeast Extract Spread 250G,https://www.tesco.com/groceries/en-GB/shop/food-cupboard/all?department=Jams%2C%20Sweet%20%26%20Savoury%20Spreads&viewAll=department&page=,£2.85,£1.14/100g,,,/groceries/en-GB/products/301391909,https://digitalcontent.api.tesco.com/v2/media/ghs/a59ac661-e2a2-462c-8309-2ada98f12dce/e0040958-8dc4-4244-8bd4-dba6b5fc298c_1175793983.jpeg?h=225&w=225,
282487470,Streamline Reduced Sugar Strawberry Jam 340G,https://www.tesco.com/groceries/en-GB/shop/food-cupboard/all?department=Jams%2C%20Sweet%20%26%20Savoury%20Spreads&viewAll=department&page=,£1.70,£0.50/100g,,,/groceries/en-GB/products/282487470,https://digitalcontent.api.tesco.com/v2/media/ghs/74c4ad70-b260-46b1-8b4d-5b3e4d3a4ead/701c26aa-40fc-487c-ac30-4dc13e35775d_1317546250.jpeg?h=225&w=225,
253864004,Hartleys Best Black Cherry Jam 340G,https://www.tesco.com/groceries/en-GB/shop/food-cupboard/all?department=Jams%2C%20Sweet%20%26%20Savoury%20Spreads&viewAll=department&page=,£1.35,£0.40/100g,,,/groceries/en-GB/products/253864004,https://digitalcontent.api.tesco.com/v2/media/ghs/1cffdeca-ee1d-4aca-9def-64734893a2e3/14b87b50-5f6d-44ed-abc5-df75a8807fb9_1245164023.jpeg?h=225&w=225,
253415519,Hartleys Best Strawberry Jam 340G,https://www.tesco.com/groceries/en-GB/shop/food-cupboard/all?department=Jams%2C%20Sweet%20%26%20Savoury%20Spreads&viewAll=department&page=,£1.35,£0.40/100g,,,/groceries/en-GB/products/253415519,https://digitalcontent.api.tesco.com/v2/media/ghs/76b22d9e-ac15-45c5-abc3-459976d6e701/b83b7b7e-a09a-454b-8f53-70e3e25542d4_997516274.jpeg?h=225&w=225,
266364426,Tesco Finest Zesty Lemon Curd 320G,https://www.tesco.com/groceries/en-GB/shop/food-cupboard/all?department=Jams%2C%20Sweet%20%26%20Savoury%20Spreads&viewAll=department&page=,£1.90,£0.59/100g,,,/groceries/en-GB/products/266364426,https://digitalcontent.api.tesco.com/v2/media/ghs/ac2d52c0-38c7-4da9-a9b8-d3ee9c0734bf/c218c215-2744-4924-a2d1-fe5ccf48e98f_858447402.jpeg?h=225&w=225,
251736217,Tesco Finest Apricot Conserve 340G,https://www.tesco.com/groceries/en-GB/shop/food-cupboard/all?department=Jams%2C%20Sweet%20%26%20Savoury%20Spreads&viewAll=department&page=,£2.00,£0.59/100g,£1.35 Clubcard Price,,/groceries/en-GB/products/251736217,https://digitalcontent.api.tesco.com/v2/media/ghs/1973caf7-0172-4270-a616-3dc581315236/aefe6a9e-86b6-4410-849c-bf40a5d28877_1981965358.jpeg?h=225&w=225,
302196524,Tesco No Added Sugar Hazelnut Chocolate Spread 400G,https://www.tesco.com/groceries/en-GB/shop/food-cupboard/all?department=Jams%2C%20Sweet%20%26%20Savoury%20Spreads&viewAll=department&page=,£1.65,£0.41/100g,,,/groceries/en-GB/products/302196524,https://digitalcontent.api.tesco.com/v2/media/ghs/8ef365c5-8ceb-48f0-ba50-8330c1646328/e2bdff16-3de0-4d3f-bcaa-6d05c1dc12fb_111403844.jpeg?h=225&w=225,
253736836,Hartleys Best Raspberry Jam Seedless 340G,https://www.tesco.com/groceries/en-GB/shop/food-cupboard/all?department=Jams%2C%20Sweet%20%26%20Savoury%20Spreads&viewAll=department&page=,£1.35,£0.40/100g,,,/groceries/en-GB/products/253736836,https://digitalcontent.api.tesco.com/v2/media/ghs/262928fa-4309-4bf5-b1db-f0c51ea90fd0/ed2e0e86-dd02-4311-bd21-ad3a75129fc0_239196202.jpeg?h=225&w=225,
302321469,Hilltop Manuka Honey Mgo 50 225G,https://www.tesco.com/groceries/en-GB/shop/food-cupboard/all?department=Jams%2C%20Sweet%20%26%20Savoury%20Spreads&viewAll=department&page=,£8.00,£3.56/100g,,,/groceries/en-GB/products/302321469,https://digitalcontent.api.tesco.com/v2/media/ghs/d3d5190f-e679-4d05-9651-a8b42c4f3cb9/42b52714-330c-49c7-9839-17f0a0c1e321_733353102.jpeg?h=225&w=225,
301638252,Meridian Smooth Peanut Butter 1Kg,https://www.tesco.com/groceries/en-GB/shop/food-cupboard/all?department=Jams%2C%20Sweet%20%26%20Savoury%20Spreads&viewAll=department&page=,£6.50,£0.65/100g,,,/groceries/en-GB/products/301638252,https://digitalcontent.api.tesco.com/v2/media/ghs/27c6037b-94cc-4423-9243-569f79fdcbbb/2b9eecfd-7976-47b0-83d3-547f20f14224_830758128.jpeg?h=225&w=225,
308455179,Meridian 100% Almond Butter Smooth 470G,https://www.tesco.com/groceries/en-GB/shop/food-cupboard/all?department=Jams%2C%20Sweet%20%26%20Savoury%20Spreads&viewAll=department&page=,£7.00,£1.49/100g,,,/groceries/en-GB/products/308455179,https://digitalcontent.api.tesco.com/v2/media/ghs/4e2e1ad2-9b83-4fe7-8fc9-4ab7f86d856f/be7f219f-c663-4ea9-ab0e-843fde1de80b_848909353.jpeg?h=225&w=225,
271154996,Buckwud Organic Maple Syrup 250G,https://www.tesco.com/groceries/en-GB/shop/food-cupboard/all?department=Jams%2C%20Sweet%20%26%20Savoury%20Spreads&viewAll=department&page=,£6.00,£2.40/100g,,,/groceries/en-GB/products/271154996,https://digitalcontent.api.tesco.com/v2/media/ghs/8418084f-ac42-4dc7-96a7-d54c83552f4d/676a2e30-ce85-4c74-aa0b-585239eda2db_1516314833.jpeg?h=225&w=225,
311258231,Pip & Nut Crunchy Peanut Butter 1Kg,https://www.tesco.com/groceries/en-GB/shop/food-cupboard/all?department=Jams%2C%20Sweet%20%26%20Savoury%20Spreads&viewAll=department&page=,£6.75,£0.68/100g,£5.00 Clubcard Price,,/groceries/en-GB/products/311258231,https://digitalcontent.api.tesco.com/v2/media/ghs/c97895aa-3139-4acf-961e-6a2118268017/5735dedc-eb79-45ee-8ba9-29e927d415a7_1589098815.jpeg?h=225&w=225,
311440752,Pip & Nut Smooth Peanut Butter 1Kg,https://www.tesco.com/groceries/en-GB/shop/food-cupboard/all?department=Jams%2C%20Sweet%20%26%20Savoury%20Spreads&viewAll=department&page=,£6.75,£0.68/100g,£5.00 Clubcard Price,,/groceries/en-GB/products/311440752,https://digitalcontent.api.tesco.com/v2/media/ghs/be3e9539-2670-40ea-b105-2ea5a8c44869/0d760b91-591c-44a5-8849-924653ed5a1d_1770749361.jpeg?h=225&w=225,
250044899,Tesco Organic Pure Set Honey 340G,https://www.tesco.com/groceries/en-GB/shop/food-cupboard/all?department=Jams%2C%20Sweet%20%26%20Savoury%20Spreads&viewAll=department&page=,£3.35,£0.99/100g,,,/groceries/en-GB/products/250044899,https://digitalcontent.api.tesco.com/v2/media/ghs/7dfb30a8-cccb-4e67-aee9-40021e8c8d3a/ba618010-7583-46f6-86aa-ce29131a1da6_796533146.jpeg?h=225&w=225,
260259031,Tesco Organic Squeezy Clear Honey 340G,https://www.tesco.com/groceries/en-GB/shop/food-cupboard/all?department=Jams%2C%20Sweet%20%26%20Savoury%20Spreads&viewAll=department&page=,£3.35,£0.99/100g,,,/groceries/en-GB/products/260259031,https://digitalcontent.api.tesco.com/v2/media/ghs/cc3e0259-6013-45f4-a69b-cf85bbfbfd8c/3c198407-114f-40a0-bfec-1a137d122e32_1668184064.jpeg?h=225&w=225,
267231906,Rowse Organic Clear 340G,https://www.tesco.com/groceries/en-GB/shop/food-cupboard/all?department=Jams%2C%20Sweet%20%26%20Savoury%20Spreads&viewAll=department&page=,£3.50,£1.03/100g,,,/groceries/en-GB/products/267231906,https://digitalcontent.api.tesco.com/v2/media/ghs/c1712a2f-bcca-4dd7-a032-c3e453fd024d/95a58fb2-485e-49d9-8849-787321964041_208762772.jpeg?h=225&w=225,
260508267,Bonne Maman Black Cherry Conserve 370G,https://www.tesco.com/groceries/en-GB/shop/food-cupboard/all?department=Jams%2C%20Sweet%20%26%20Savoury%20Spreads&viewAll=department&page=,£3.25,£0.88/100g,,,/groceries/en-GB/products/260508267,https://digitalcontent.api.tesco.com/v2/media/ghs/82d15a3b-2719-4a9d-858f-9c2e94c9ec49/3ad2788f-cbf2-4375-a18f-49575f21be60_1093935698.jpeg?h=225&w=225,
250782975,Bonne Maman Wild Blueberry Conserve 370G,https://www.tesco.com/groceries/en-GB/shop/food-cupboard/all?department=Jams%2C%20Sweet%20%26%20Savoury%20Spreads&viewAll=department&page=,£3.25,£0.88/100g,,,/groceries/en-GB/products/250782975,https://digitalcontent.api.tesco.com/v2/media/ghs/c5ef454b-6f72-4132-ad58-87ce2fab7aca/e8d16c76-e8e5-474d-a7ad-cd26c3e4b520_1024291190.jpeg?h=225&w=225,
274193005,Rowse Set Honey 340G,https://www.tesco.com/groceries/en-GB/shop/food-cupboard/all?department=Jams%2C%20Sweet%20%26%20Savoury%20Spreads&viewAll=department&page=,£3.00,£0.88/100g,,,/groceries/en-GB/products/274193005,https://digitalcontent.api.tesco.com/v2/media/ghs/c9703528-8dff-4583-b866-fd33929658d5/69ea2600-e821-4d79-b1b8-43bb3eecc1c8_1127836564.jpeg?h=225&w=225,
267259256,Rowse Squeezy Light & Mild Honey 340G,https://www.tesco.com/groceries/en-GB/shop/food-cupboard/all?department=Jams%2C%20Sweet%20%26%20Savoury%20Spreads&viewAll=department&page=,£3.00,£0.88/100g,£2.50 Clubcard Price,,/groceries/en-GB/products/267259256,https://digitalcontent.api.tesco.com/v2/media/ghs/f4cc0760-fdea-4a38-81e9-97f739f99cbb/8dbdd3ce-35d5-488b-9bea-f5e2f2d7fec8_1117802848.jpeg?h=225&w=225,
264660996,Tesco Finest Acacia Honey 340G,https://www.tesco.com/groceries/en-GB/shop/food-cupboard/all?department=Jams%2C%20Sweet%20%26%20Savoury%20Spreads&viewAll=department&page=,£3.50,£1.03/100g,,,/groceries/en-GB/products/264660996,https://digitalcontent.api.tesco.com/v2/media/ghs/93bd796b-3d40-45ec-ab82-9a68da92da48/2d6b7a9c-700d-42c1-91f9-6f17e56374a8_417835141.jpeg?h=225&w=225,
270967024,Bonne Maman Damson Plum Conserve 370G,https://www.tesco.com/groceries/en-GB/shop/food-cupboard/all?department=Jams%2C%20Sweet%20%26%20Savoury%20Spreads&viewAll=department&page=,£2.80,£0.76/100g,,,/groceries/en-GB/products/270967024,https://digitalcontent.api.tesco.com/v2/media/ghs/7e6ac9ee-a529-4ab7-a46a-0dc4e6937a75/f6a5f7a8-501a-4ef2-9315-15013e3a4fcb_1388447861.jpeg?h=225&w=225,
252813401,Bonne Maman Blackcurrant Conserve 370G,https://www.tesco.com/groceries/en-GB/shop/food-cupboard/all?department=Jams%2C%20Sweet%20%26%20Savoury%20Spreads&viewAll=department&page=,£2.80,£0.76/100g,,,/groceries/en-GB/products/252813401,https://digitalcontent.api.tesco.com/v2/media/ghs/3c240562-5268-46b0-a1a3-e943626e3844/cb0a7d65-f9d6-479e-b2a9-3abfbf97064a_331638461.jpeg?h=225&w=225,
257996613,Bonne Maman Strawberry & Wild Strawberry Conserve 370G,https://www.tesco.com/groceries/en-GB/shop/food-cupboard/all?department=Jams%2C%20Sweet%20%26%20Savoury%20Spreads&viewAll=department&page=,£3.25,£0.88/100g,,,/groceries/en-GB/products/257996613,https://digitalcontent.api.tesco.com/v2/media/ghs/9040d2b9-dd8e-4acd-8663-06cd7e02cf1e/8d58f76e-4d52-485d-9066-06cc038a76d3_1658350396.jpeg?h=225&w=225,
309452239,Pip & Nut Smooth Almond Butter 170G,https://www.tesco.com/groceries/en-GB/shop/food-cupboard/all?department=Jams%2C%20Sweet%20%26%20Savoury%20Spreads&viewAll=department&page=,£3.25,£1.92/100g,,,/groceries/en-GB/products/309452239,https://digitalcontent.api.tesco.com/v2/media/ghs/37e3697e-08b9-4c65-b79f-b12b7c665d32/369b1d58-7d56-4631-8b30-7f29e8f8e224_1242743380.jpeg?h=225&w=225,
310669495,Whole Earth Golden Roasted Crunchy Peanut Butter 340G,https://www.tesco.com/groceries/en-GB/shop/food-cupboard/all?department=Jams%2C%20Sweet%20%26%20Savoury%20Spreads&viewAll=department&page=,£3.45,£1.02/100g,,,/groceries/en-GB/products/310669495,https://digitalcontent.api.tesco.com/v2/media/ghs/e4a29bff-3b68-4cc5-83e2-633c84478986/e3e00104-09ff-48da-bb74-841bffaf586c_1598212709.jpeg?h=225&w=225,
296481300,Sweet Freedom Chocolate Pot 250G Chocolate Spread,https://www.tesco.com/groceries/en-GB/shop/food-cupboard/all?department=Jams%2C%20Sweet%20%26%20Savoury%20Spreads&viewAll=department&page=,£3.00,£1.20/100g,,,/groceries/en-GB/products/296481300,https://digitalcontent.api.tesco.com/v2/media/ghs/fdd8d3d4-8d86-4c7b-aefb-91e2fa29de6a/9b9fbcea-f4c4-4a19-8642-068e3b8ae427_227606982.jpeg?h=225&w=225,
303879746,Bonne Maman Intense Raspberry Jam 335G,https://www.tesco.com/groceries/en-GB/shop/food-cupboard/all?department=Jams%2C%20Sweet%20%26%20Savoury%20Spreads&viewAll=department&page=,£3.20,£0.96/100g,,,/groceries/en-GB/products/303879746,https://digitalcontent.api.tesco.com/v2/media/ghs/67298d54-46cc-49d6-9f0b-f6acef66eb39/f49e1b22-0eea-4ee9-bc2f-54b22bb10be8_1034975553.jpeg?h=225&w=225,
268420553,Meridian Cashew Butter 170G,https://www.tesco.com/groceries/en-GB/shop/food-cupboard/all?department=Jams%2C%20Sweet%20%26%20Savoury%20Spreads&viewAll=department&page=,£2.70,£1.59/100g,,,/groceries/en-GB/products/268420553,https://digitalcontent.api.tesco.com/v2/media/ghs/6b205cfe-62b6-436e-b642-96fb8961d5d7/0c85e21d-a98f-4b5f-b29a-e52ef421b177_2093467422.jpeg?h=225&w=225,
310105184,Bonne Maman Hazelnut Chocolate Spread 250G,https://www.tesco.com/groceries/en-GB/shop/food-cupboard/all?department=Jams%2C%20Sweet%20%26%20Savoury%20Spreads&viewAll=department&page=,£2.80,£1.12/100g,,,/groceries/en-GB/products/310105184,https://digitalcontent.api.tesco.com/v2/media/ghs/879ef44a-f25d-420b-8541-63abf9a6b19d/6d31c81f-fed6-45a1-92e6-7bb53339b49c_583889442.jpeg?h=225&w=225,
264661285,Tesco Finest Orange Blossom Honey 340G,https://www.tesco.com/groceries/en-GB/shop/food-cupboard/all?department=Jams%2C%20Sweet%20%26%20Savoury%20Spreads&viewAll=department&page=,£3.55,£1.05/100g,,,/groceries/en-GB/products/264661285,https://digitalcontent.api.tesco.com/v2/media/ghs/db25cc7f-5ad1-4ea9-8ed0-eeb3ac81cbf1/7a1d320c-473d-4987-818b-16b23b041330_617184966.jpeg?h=225&w=225,
303845585,Marmite Crunchy Peanut Butter 225G,https://www.tesco.com/groceries/en-GB/shop/food-cupboard/all?department=Jams%2C%20Sweet%20%26%20Savoury%20Spreads&viewAll=department&page=,£3.00,£1.34/100g,,,/groceries/en-GB/products/303845585,https://digitalcontent.api.tesco.com/v2/media/ghs/1b7b1a84-b0d3-454d-bec9-800f0d82751d/e07ed03c-e58e-4d3b-85c0-cc5ac7774732_1290924967.jpeg?h=225&w=225,
302173839,The Groovy Food Co. Agave Nector Rich & Dark 250Ml,https://www.tesco.com/groceries/en-GB/shop/food-cupboard/all?department=Jams%2C%20Sweet%20%26%20Savoury%20Spreads&viewAll=department&page=,£2.50,£10.00/litre,,,/groceries/en-GB/products/302173839,https://digitalcontent.api.tesco.com/v2/media/ghs/716b098b-680b-469c-bfcf-0d95a6821f92/4447a443-878d-46f6-9916-0cf60ea11608_559472304.jpeg?h=225&w=225,
263013202,Vegemite Yeast Extract 220G,https://www.tesco.com/groceries/en-GB/shop/food-cupboard/all?department=Jams%2C%20Sweet%20%26%20Savoury%20Spreads&viewAll=department&page=,£2.20,£1.00/100g,,,/groceries/en-GB/products/263013202,https://digitalcontent.api.tesco.com/v2/media/ghs/eea45511-b7ad-47a4-897c-4d86a93df164/648e491e-1505-42de-a33c-43e28157c3aa_1145661454.jpeg?h=225&w=225,
251736822,Tesco Finest Bitter Orange Marmalade 340G,https://www.tesco.com/groceries/en-GB/shop/food-cupboard/all?department=Jams%2C%20Sweet%20%26%20Savoury%20Spreads&viewAll=department&page=,£1.80,£0.53/100g,£1.35 Clubcard Price,,/groceries/en-GB/products/251736822,https://digitalcontent.api.tesco.com/v2/media/ghs/98315959-5f38-4cda-883d-c0cf9b6d8e76/0701a8ae-2a3d-49dd-a50a-19c3f8d64e6a_62455666.jpeg?h=225&w=225,
261148996,Mackays Rhubarb & Ginger Preserve 340G,https://www.tesco.com/groceries/en-GB/shop/food-cupboard/all?department=Jams%2C%20Sweet%20%26%20Savoury%20Spreads&viewAll=department&page=,£1.85,£0.54/100g,,,/groceries/en-GB/products/261148996,https://digitalcontent.api.tesco.com/v2/media/ghs/074c498a-7cb7-4335-9c1d-2cdad19c7663/7ea71d58-66d6-4b54-b064-bd5551cc0b62_758352625.jpeg?h=225&w=225,
254850756,Mamade Prepared Seville Oranges Thin Cut 850G,https://www.tesco.com/groceries/en-GB/shop/food-cupboard/all?department=Jams%2C%20Sweet%20%26%20Savoury%20Spreads&viewAll=department&page=,£2.30,£0.27/100g,,,/groceries/en-GB/products/254850756,https://digitalcontent.api.tesco.com/v2/media/ghs/240a6665-3ffe-4717-af2b-af1484d316a4/1b6f84a5-3d8f-4812-9d4d-26f10599a2bd_105433272.jpeg?h=225&w=225,
282121068,Streamline Reduced Sugar Thick Cut Marmalde 340G,https://www.tesco.com/groceries/en-GB/shop/food-cupboard/all?department=Jams%2C%20Sweet%20%26%20Savoury%20Spreads&viewAll=department&page=,£1.70,£0.50/100g,,,/groceries/en-GB/products/282121068,https://digitalcontent.api.tesco.com/v2/media/ghs/a84cd709-a697-4b40-89d5-333c8a451545/ec501595-3d65-44b0-81ad-007afd9e0b32_2069936809.jpeg?h=225&w=225,
284603630,Nutella & Go 48G,https://www.tesco.com/groceries/en-GB/shop/food-cupboard/all?department=Jams%2C%20Sweet%20%26%20Savoury%20Spreads&viewAll=department&page=,£1.00,£2.09/100g,"£3.40 Meal Deal Clubcard Price £3.90 Meal Deal Regular Price - Selected Drink, Snack, Wrap, Sandwich, Roll, Pasty Or Salad",,/groceries/en-GB/products/284603630,https://digitalcontent.api.tesco.com/v2/media/ghs/f5dbddd0-1f4f-40e7-b644-c429f65a1cbd/ccf2a3e8-925a-4085-bb5f-faa5c4531076_1057879727.jpeg?h=225&w=225,
292991721,Jimjams Milk Chocolate Spread 350G,https://www.tesco.com/groceries/en-GB/shop/food-cupboard/all?department=Jams%2C%20Sweet%20%26%20Savoury%20Spreads&viewAll=department&page=,£2.80,£0.80/100g,£2.00 Clubcard Price,,/groceries/en-GB/products/292991721,https://digitalcontent.api.tesco.com/v2/media/ghs/b5297bea-d105-4ac4-b85e-7fe3e5af08de/9efb4c2f-eb15-4953-b448-d94a2c13fa41_41531534.jpeg?h=225&w=225,
280318634,Lyle's Golden Syrup Breakfast 340G,https://www.tesco.com/groceries/en-GB/shop/food-cupboard/all?department=Jams%2C%20Sweet%20%26%20Savoury%20Spreads&viewAll=department&page=,£1.75,£0.52/100g,,,/groceries/en-GB/products/280318634,https://digitalcontent.api.tesco.com/v2/media/ghs/a0d606db-8722-4e65-b145-c07a680f8b1f/247b2db1-6ff3-47d9-b287-c9c6e2c3ff98_960103805.jpeg?h=225&w=225,
265435496,Tesco Shredless Orange Marmalade 454G,https://www.tesco.com/groceries/en-GB/shop/food-cupboard/all?department=Jams%2C%20Sweet%20%26%20Savoury%20Spreads&viewAll=department&page=,£0.90,£0.20/100g,,,/groceries/en-GB/products/265435496,https://digitalcontent.api.tesco.com/v2/media/ghs/6357830d-858d-4524-aecd-1e53ce789099/74e01683-963f-4771-bccb-77c072106738_1074937949.jpeg?h=225&w=225,
280879009,Tesco Ginger Preserve 340G,https://www.tesco.com/groceries/en-GB/shop/food-cupboard/all?department=Jams%2C%20Sweet%20%26%20Savoury%20Spreads&viewAll=department&page=,£0.90,£0.26/100g,,,/groceries/en-GB/products/280879009,https://digitalcontent.api.tesco.com/v2/media/ghs/7c68b8c2-6d27-4bdd-997e-fb838f51315c/6ef0cdbe-fcbf-4f79-92f9-b7885136f504_1211419357.jpeg?h=225&w=225,
271531020,Rowse Cut Comb In Acacia Honey 340G,https://www.tesco.com/groceries/en-GB/shop/food-cupboard/all?department=Jams%2C%20Sweet%20%26%20Savoury%20Spreads&viewAll=department&page=,£8.00,£2.36/100g,,,/groceries/en-GB/products/271531020,https://digitalcontent.api.tesco.com/v2/media/ghs/41c441c2-8744-4118-b1f0-839a680e9ab2/4117d1dc-4a61-4c5b-82b0-4af31d017657_307952435.jpeg?h=225&w=225,
284845619,Rowse Supahoney Manuka & Honey 250G,https://www.tesco.com/groceries/en-GB/shop/food-cupboard/all?department=Jams%2C%20Sweet%20%26%20Savoury%20Spreads&viewAll=department&page=,£6.10,£2.44/100g,,,/groceries/en-GB/products/284845619,https://digitalcontent.api.tesco.com/v2/media/ghs/173d90d7-158c-4594-94d1-cd9fa97bc555/c3fa1cd8-84cb-4ab6-b2b1-9da7ec97ca07_492067281.jpeg?h=225&w=225,
271510356,Tesco Finest Eucalyptus Honey 340G,https://www.tesco.com/groceries/en-GB/shop/food-cupboard/all?department=Jams%2C%20Sweet%20%26%20Savoury%20Spreads&viewAll=department&page=,£4.35,£1.28/100g,,,/groceries/en-GB/products/271510356,https://digitalcontent.api.tesco.com/v2/media/ghs/a0fb00c8-970b-4016-9804-78c1689dbe38/52797225-9b01-42a0-ab1c-efb390c18d18_732281810.jpeg?h=225&w=225,
308473210,Marmite Crunchy Peanut Butter 575G,https://www.tesco.com/groceries/en-GB/shop/food-cupboard/all?department=Jams%2C%20Sweet%20%26%20Savoury%20Spreads&viewAll=department&page=,£5.50,£0.96/100g,,,/groceries/en-GB/products/308473210,https://digitalcontent.api.tesco.com/v2/media/ghs/f25edce7-2275-4a47-b919-027b1a2f7b87/02e8b407-72c6-46b0-8e21-4b826dd0cabd_1133629608.jpeg?h=225&w=225,
308454786,Hilltop Organic Blossom Honey 720G,https://www.tesco.com/groceries/en-GB/shop/food-cupboard/all?department=Jams%2C%20Sweet%20%26%20Savoury%20Spreads&viewAll=department&page=,£5.00,£0.70/100g,,,/groceries/en-GB/products/308454786,https://digitalcontent.api.tesco.com/v2/media/ghs/fa293439-1195-430e-b4f1-2698a05d5006/9c6413c9-3a85-4e06-a4e0-68c96763abb5_1146914734.jpeg?h=225&w=225,
310148870,The Groovy Food Organic Acacia Honey 340G,https://www.tesco.com/groceries/en-GB/shop/food-cupboard/all?department=Jams%2C%20Sweet%20%26%20Savoury%20Spreads&viewAll=department&page=,£3.50,£1.03/100g,,,/groceries/en-GB/products/310148870,https://digitalcontent.api.tesco.com/v2/media/ghs/e7a8619e-d5eb-4a9d-a4a3-723744e1473a/bfa15286-ab13-4f06-aa38-6b1d383184a8_1813864837.jpeg?h=225&w=225,
302832158,Whole Earth Crunchy Dark Roasted Peanut Butter 340G,https://www.tesco.com/groceries/en-GB/shop/food-cupboard/all?department=Jams%2C%20Sweet%20%26%20Savoury%20Spreads&viewAll=department&page=,£3.45,£1.02/100g,,,/groceries/en-GB/products/302832158,https://digitalcontent.api.tesco.com/v2/media/ghs/0381f1a1-b6b8-4bfe-b252-a23628eefc87/fb28765b-e2a1-48a7-8a7c-5be2fa652c84_1654128277.jpeg?h=225&w=225,
302513375,Bonne Maman Apricot Compote 380G,https://www.tesco.com/groceries/en-GB/shop/food-cupboard/all?department=Jams%2C%20Sweet%20%26%20Savoury%20Spreads&viewAll=department&page=,£3.30,£0.87/100g,,,/groceries/en-GB/products/302513375,https://digitalcontent.api.tesco.com/v2/media/ghs/da47be2c-4a0e-4463-b2f6-fd2d9edfa9ab/e8ebeefe-b348-4835-8a3b-d6a9df12716f_237785634.jpeg?h=225&w=225,
302513352,Bonne Maman Cherry Compote 385G,https://www.tesco.com/groceries/en-GB/shop/food-cupboard/all?department=Jams%2C%20Sweet%20%26%20Savoury%20Spreads&viewAll=department&page=,£3.30,£0.86/100g,,,/groceries/en-GB/products/302513352,https://digitalcontent.api.tesco.com/v2/media/ghs/e2e76c62-2ad7-46d9-8405-25467a1df3ca/030e709a-9168-476f-8aa8-db1df804a616_936509358.jpeg?h=225&w=225,
310140227,The Groovy Food Organic Wildflower Mexican Honey 340G,https://www.tesco.com/groceries/en-GB/shop/food-cupboard/all?department=Jams%2C%20Sweet%20%26%20Savoury%20Spreads&viewAll=department&page=,£3.50,£1.03/100g,,,/groceries/en-GB/products/310140227,https://digitalcontent.api.tesco.com/v2/media/ghs/0a4816b2-91e1-422d-b069-9d975daa7b27/c2de7fbb-afa0-4f46-95e5-d838e2b4b830_362074881.jpeg?h=225&w=225,
297396122,Pasieka Multiflower Honey 1Kg,https://www.tesco.com/groceries/en-GB/shop/food-cupboard/all?department=Jams%2C%20Sweet%20%26%20Savoury%20Spreads&viewAll=department&page=,£8.00,£0.80/100g,£6.00 Clubcard Price,,/groceries/en-GB/products/297396122,https://digitalcontent.api.tesco.com/v2/media/ghs/c6425e92-add9-4f8d-a069-bb7768362722/6cda6c07-f9a6-4c3d-a462-3338be6c10da_610838998.jpeg?h=225&w=225,
250782819,Bonne Maman Peach Conserve 370G,https://www.tesco.com/groceries/en-GB/shop/food-cupboard/all?department=Jams%2C%20Sweet%20%26%20Savoury%20Spreads&viewAll=department&page=,£2.80,£0.76/100g,,,/groceries/en-GB/products/250782819,https://digitalcontent.api.tesco.com/v2/media/ghs/124df1ac-6746-407d-92eb-a55fd3a9fb61/2b919576-c36c-4eca-866d-48b76e0671c5_807734633.jpeg?h=225&w=225,
254409042,Tesco Finest English Honey 340G,https://www.tesco.com/groceries/en-GB/shop/food-cupboard/all?department=Jams%2C%20Sweet%20%26%20Savoury%20Spreads&viewAll=department&page=,£4.70,£1.39/100g,,,/groceries/en-GB/products/254409042,https://digitalcontent.api.tesco.com/v2/media/ghs/64e42972-b2c5-495f-b497-f14a6aa59896/10007cd7-dc88-4f3c-9867-1ca5666b20e3_1669898312.jpeg?h=225&w=225,
310655252,Whole Earth Drizzler Golden Roasted Peanut Butter 320G,https://www.tesco.com/groceries/en-GB/shop/food-cupboard/all?department=Jams%2C%20Sweet%20%26%20Savoury%20Spreads&viewAll=department&page=,£3.30,£1.04/100g,,,/groceries/en-GB/products/310655252,https://digitalcontent.api.tesco.com/v2/media/ghs/c13bd485-2767-4d85-8d99-ddb1cd9e27f2/33a15b17-c965-4710-b7c5-c4fbcf869ba7_286211549.jpeg?h=225&w=225,
310685763,Whole Earth Drizzler Super Smooth Peanut Butter 320G,https://www.tesco.com/groceries/en-GB/shop/food-cupboard/all?department=Jams%2C%20Sweet%20%26%20Savoury%20Spreads&viewAll=department&page=,£3.30,£1.04/100g,,,/groceries/en-GB/products/310685763,https://digitalcontent.api.tesco.com/v2/media/ghs/89451670-cda8-448e-8341-15836fe7660c/1c8b06fa-6db5-4034-bdbc-e621fe3dc9af_1215490178.jpeg?h=225&w=225,
309742484,The Groovy Food Company Organic Date Syrup 340G,https://www.tesco.com/groceries/en-GB/shop/food-cupboard/all?department=Jams%2C%20Sweet%20%26%20Savoury%20Spreads&viewAll=department&page=,£2.80,£8.24/kg,,,/groceries/en-GB/products/309742484,https://digitalcontent.api.tesco.com/v2/media/ghs/7455d73a-e595-401d-83c6-a28afca22fd3/a8354ad4-01e8-4da3-ba85-7b44e5bcc6e1_1172478215.jpeg?h=225&w=225,
250782508,Bonne Maman Berries/Cherries Conserve 370G,https://www.tesco.com/groceries/en-GB/shop/food-cupboard/all?department=Jams%2C%20Sweet%20%26%20Savoury%20Spreads&viewAll=department&page=,£2.80,£0.76/100g,,,/groceries/en-GB/products/250782508,https://digitalcontent.api.tesco.com/v2/media/ghs/637e647f-1b78-4116-877f-02b88cc6f37b/65c483b5-c9cc-47ed-8b2a-52feb2feb192_1386689383.jpeg?h=225&w=225,
309486619,Pip & Nut Smooth Peanut Butter 300G,https://www.tesco.com/groceries/en-GB/shop/food-cupboard/all?department=Jams%2C%20Sweet%20%26%20Savoury%20Spreads&viewAll=department&page=,£3.00,£1.00/100g,,,/groceries/en-GB/products/309486619,https://digitalcontent.api.tesco.com/v2/media/ghs/76f30acf-5123-466f-a07c-436debc48c25/e8bff162-ed10-4b37-aece-a82ae1babccf_1046629247.jpeg?h=225&w=225,
309489772,Pip & Nut Crunchy Peanut Butter 300G,https://www.tesco.com/groceries/en-GB/shop/food-cupboard/all?department=Jams%2C%20Sweet%20%26%20Savoury%20Spreads&viewAll=department&page=,£3.00,£1.00/100g,,,/groceries/en-GB/products/309489772,https://digitalcontent.api.tesco.com/v2/media/ghs/cc08b4c4-b6cc-4cd1-a259-e7c4eccb3222/4f0bc3b6-557b-4608-901f-f2e9c76544c7_852075910.jpeg?h=225&w=225,
311949145,Hilltop Acacia Honey 340G,https://www.tesco.com/groceries/en-GB/shop/food-cupboard/all?department=Jams%2C%20Sweet%20%26%20Savoury%20Spreads&viewAll=department&page=,£3.00,£0.88/100g,,,/groceries/en-GB/products/311949145,https://digitalcontent.api.tesco.com/v2/media/ghs/92fc8f2c-010b-4b02-889a-9174c6fed9e3/c6051b10-3968-470a-afe6-87d27b8e74f4_1074885720.jpeg?h=225&w=225,
303879723,Bonne Maman Intense Strawberry Jam 335G,https://www.tesco.com/groceries/en-GB/shop/food-cupboard/all?department=Jams%2C%20Sweet%20%26%20Savoury%20Spreads&viewAll=department&page=,£3.20,£0.96/100g,,,/groceries/en-GB/products/303879723,https://digitalcontent.api.tesco.com/v2/media/ghs/7d7c6065-b324-4ae5-a7e9-d780295bfb8e/69d44737-855c-48a9-aed7-6e2e9265b294_1623731693.jpeg?h=225&w=225,
303879769,Bonne Maman Intense Apricot Jam 335G,https://www.tesco.com/groceries/en-GB/shop/food-cupboard/all?department=Jams%2C%20Sweet%20%26%20Savoury%20Spreads&viewAll=department&page=,£3.20,£0.96/100g,,,/groceries/en-GB/products/303879769,https://digitalcontent.api.tesco.com/v2/media/ghs/c6d0a29d-9514-43ad-9cf1-8188aa79395c/4afdb523-a175-4928-b28c-5bb969d9bd47_878235890.jpeg?h=225&w=225,
310112097,Jim Jams Salted Caramel Dark Chocolate Spread 330G,https://www.tesco.com/groceries/en-GB/shop/food-cupboard/all?department=Jams%2C%20Sweet%20%26%20Savoury%20Spreads&viewAll=department&page=,£2.80,£0.85/100g,£2.00 Clubcard Price,,/groceries/en-GB/products/310112097,https://digitalcontent.api.tesco.com/v2/media/ghs/994dae5c-badd-4486-ac96-82c6ded203c8/40f6e7ed-94ca-4aa6-93f9-72f5594e70f5_235153017.jpeg?h=225&w=225,
305254463,Marmite Smooth Peanut Butter 225G,https://www.tesco.com/groceries/en-GB/shop/food-cupboard/all?department=Jams%2C%20Sweet%20%26%20Savoury%20Spreads&viewAll=department&page=,£3.00,£1.34/100g,,,/groceries/en-GB/products/305254463,https://digitalcontent.api.tesco.com/v2/media/ghs/48efa6b5-97e4-4161-9583-cb8549216e90/7e47af88-cbd2-4d88-9bab-06377f5c2e6f_1575918114.jpeg?h=225&w=225,
311808520,Meridian Signature Roast Crunchy Peanut Butter 280G,https://www.tesco.com/groceries/en-GB/shop/food-cupboard/all?department=Jams%2C%20Sweet%20%26%20Savoury%20Spreads&viewAll=department&page=,£2.80,£1.00/100g,£2.00 Clubcard Price,,/groceries/en-GB/products/311808520,https://digitalcontent.api.tesco.com/v2/media/ghs/88093c67-3b89-48cd-b51f-87dbb7f4c054/f9930312-37d5-40f8-b522-66b3616e1c03_1465802484.jpeg?h=225&w=225,
268424514,Mackays Three Fruit Marmalade 340G,https://www.tesco.com/groceries/en-GB/shop/food-cupboard/all?department=Jams%2C%20Sweet%20%26%20Savoury%20Spreads&viewAll=department&page=,£1.75,£0.52/100g,,,/groceries/en-GB/products/268424514,https://digitalcontent.api.tesco.com/v2/media/ghs/87d18027-4664-49e1-b119-fd5defb72517/65fc5835-3546-4a81-a2d5-84268cfd4256_436873962.jpeg?h=225&w=225,
311673263,Meridian Signature Roast Smooth Peanut Butter 280G,https://www.tesco.com/groceries/en-GB/shop/food-cupboard/all?department=Jams%2C%20Sweet%20%26%20Savoury%20Spreads&viewAll=department&page=,£2.80,£1.00/100g,£2.00 Clubcard Price,,/groceries/en-GB/products/311673263,https://digitalcontent.api.tesco.com/v2/media/ghs/f5fd71bb-6e5f-4bc9-ba30-92e6bb6e2fa2/0baf1f7f-0c04-4dfb-8d6b-bf73a3f82b3a_623063907.jpeg?h=225&w=225,
265833599,Lowicz Plum Butter Jam 290G,https://www.tesco.com/groceries/en-GB/shop/food-cupboard/all?department=Jams%2C%20Sweet%20%26%20Savoury%20Spreads&viewAll=department&page=,£1.40,£0.48/100g,,,/groceries/en-GB/products/265833599,https://digitalcontent.api.tesco.com/v2/media/ghs/ac3345c2-7481-4780-9b71-1a164e2719e7/760ee76c-ad09-4782-9df6-efe318f49395_2020142554.jpeg?h=225&w=225,
284861605,Robertsons Ginger Preserve 454G,https://www.tesco.com/groceries/en-GB/shop/food-cupboard/all?department=Jams%2C%20Sweet%20%26%20Savoury%20Spreads&viewAll=department&page=,£1.40,£0.31/100g,,,/groceries/en-GB/products/284861605,https://digitalcontent.api.tesco.com/v2/media/ghs/cefb6f1f-4455-4d66-a174-78f534472103/f4045559-8bb8-42c4-8f38-0b6df14cc5c3_1093738282.jpeg?h=225&w=225,
309764930,Meridian Chocca Crunchy Chocolate Spread 240G,https://www.tesco.com/groceries/en-GB/shop/food-cupboard/all?department=Jams%2C%20Sweet%20%26%20Savoury%20Spreads&viewAll=department&page=,£3.30,£1.38/100g,£2.00 Clubcard Price,,/groceries/en-GB/products/309764930,https://digitalcontent.api.tesco.com/v2/media/ghs/c0c7097f-2f61-4524-af48-1d453f03443c/b8a002e4-201a-4f5b-9c55-bb245511e51e_411107134.jpeg?h=225&w=225,
253520878,Hartleys Best Pineapple Jam 340G,https://www.tesco.com/groceries/en-GB/shop/food-cupboard/all?department=Jams%2C%20Sweet%20%26%20Savoury%20Spreads&viewAll=department&page=,£1.35,£0.40/100g,,,/groceries/en-GB/products/253520878,https://digitalcontent.api.tesco.com/v2/media/ghs/9fbc5836-5fd0-4440-99dc-27c3e7a0197e/fc793abe-0b31-4e3b-ae8e-9217c1f3722c_376450237.jpeg?h=225&w=225,
267377676,Tesco Instant Dried Skimmed Milk 340G,https://www.tesco.com/groceries/en-GB/shop/food-cupboard/all?department=Desserts&viewAll=department&page=,£2.55,£7.50/kg,,,/groceries/en-GB/products/267377676,https://digitalcontent.api.tesco.com/v2/media/ghs/079ea526-9ee9-4ac7-83fe-91c664af551f/13a510c0-3e9a-44d4-9ac8-710fc62a3263_1023245211.jpeg?h=225&w=225,
256525603,Tesco Ready To Serve Custard 1Kg,https://www.tesco.com/groceries/en-GB/shop/food-cupboard/all?department=Desserts&viewAll=department&page=,£1.30,£0.13/100g,,,/groceries/en-GB/products/256525603,https://digitalcontent.api.tesco.com/v2/media/ghs/9164c215-d1fe-496d-9c23-ff2487c863ed/81441fb7-6623-47fe-ad73-6be207436d8e_1017727126.jpeg?h=225&w=225,
252468628,Hartleys Ready To Eat Jelly Strawberry 125G,https://www.tesco.com/groceries/en-GB/shop/food-cupboard/all?department=Desserts&viewAll=department&page=,£0.80,£0.64/100g,,,/groceries/en-GB/products/252468628,https://digitalcontent.api.tesco.com/v2/media/ghs/29ad2afa-a0b7-449e-a7f7-913daae4bf29/3bce43a4-ef36-4057-ad9d-89e3f7c05dd2_521450699.jpeg?h=225&w=225,
254948618,Tesco 8 Meringue Nests,https://www.tesco.com/groceries/en-GB/shop/food-cupboard/all?department=Desserts&viewAll=department&page=,£1.40,£0.18/each,,,/groceries/en-GB/products/254948618,https://digitalcontent.api.tesco.com/v2/media/ghs/106ee8eb-6a37-4b71-a441-7b3f26914321/18eb000e-5059-4d0f-bdcb-8fa027ff3944_352581675.jpeg?h=225&w=225,
268420651,Ambrosia Creamed Rice Pudding 4 X 125G,https://www.tesco.com/groceries/en-GB/shop/food-cupboard/all?department=Desserts&viewAll=department&page=,£1.99,£0.40/100g,,,/groceries/en-GB/products/268420651,https://digitalcontent.api.tesco.com/v2/media/ghs/6138937f-88a1-4203-999d-d7ba072cb319/7bdf17c9-7703-4b50-945b-83154b6840a6_1910851465.jpeg?h=225&w=225,
293031935,Hartleys Multi No Added Sugar Strawberry Jelly 6 X 115G,https://www.tesco.com/groceries/en-GB/shop/food-cupboard/all?department=Desserts&viewAll=department&page=,£2.00,£0.29/100g,,,/groceries/en-GB/products/293031935,https://digitalcontent.api.tesco.com/v2/media/ghs/9012f832-2daa-49a3-b81a-38358bb0c4d3/083a6664-055a-49d8-97c8-b54f74d699c4_659591347.jpeg?h=225&w=225,
252468398,Hartleys Ready To Eat Jelly Orange 125G,https://www.tesco.com/groceries/en-GB/shop/food-cupboard/all?department=Desserts&viewAll=department&page=,£0.80,£0.64/100g,,,/groceries/en-GB/products/252468398,https://digitalcontent.api.tesco.com/v2/media/ghs/5cc73711-882f-4845-b7f7-89cd9d0c596f/0c6057ac-62ac-4d2a-b94b-e5083b23a5f5_1369507711.jpeg?h=225&w=225,
268420639,Ambrosia Low Fat Custard 4 X 125G,https://www.tesco.com/groceries/en-GB/shop/food-cupboard/all?department=Desserts&viewAll=department&page=,£1.99,£0.40/100g,,,/groceries/en-GB/products/268420639,https://digitalcontent.api.tesco.com/v2/media/ghs/289b0af3-6ed4-47f1-8e44-c71b17c89424/9b841388-93c6-4411-bf08-fca3db863660_507571467.jpeg?h=225&w=225,
268420645,Ambrosia Ready To Eat Devon Custard 4 X 125G,https://www.tesco.com/groceries/en-GB/shop/food-cupboard/all?department=Desserts&viewAll=department&page=,,,,,/groceries/en-GB/products/268420645,https://digitalcontent.api.tesco.com/v2/media/ghs/7709abbe-81db-4f4e-8fd1-ea4a3736c5b5/36c5cf4a-4a1f-457e-99c8-39cf43a54811_47392721.jpeg?h=225&w=225,This product's currently out of stock
292990630,Hartleys Multipack Ready To Eat Strawberry Jelly 6 X125g,https://www.tesco.com/groceries/en-GB/shop/food-cupboard/all?department=Desserts&viewAll=department&page=,£2.00,£0.24/100g,,,/groceries/en-GB/products/292990630,https://digitalcontent.api.tesco.com/v2/media/ghs/ac51e2ca-1517-45cc-8d7f-d3b465d9e44b/f641f8e5-0530-4291-bb41-2fe49075e4e7.jpeg?h=225&w=225,
301413512,Hartleys No Added Sugar Raspberry 6 Pack Jelly 690G,https://www.tesco.com/groceries/en-GB/shop/food-cupboard/all?department=Desserts&viewAll=department&page=,£2.00,£0.29/100g,,,/groceries/en-GB/products/301413512,https://digitalcontent.api.tesco.com/v2/media/ghs/f5511e27-6230-4faa-b899-2e0c60246542/94ed4e5c-3394-4ad9-8cc8-b7f176189af5_1557307395.jpeg?h=225&w=225,
254902477,Carnation Evaporated Milk 410G-14.5 Oz Can,https://www.tesco.com/groceries/en-GB/shop/food-cupboard/all?department=Desserts&viewAll=department&page=,£1.40,£3.42/kg,,,/groceries/en-GB/products/254902477,https://digitalcontent.api.tesco.com/v2/media/ghs/ef9b4a95-3cf5-452f-9c40-c70e16721016/54bafd73-a986-416f-a490-8f7cc4c85c58_925043269.jpeg?h=225&w=225,
252467088,Hartleys No Added Sugar Ready To Eat Jelly Strawberry 115G,https://www.tesco.com/groceries/en-GB/shop/food-cupboard/all?department=Desserts&viewAll=department&page=,£0.80,£0.70/100g,,,/groceries/en-GB/products/252467088,https://digitalcontent.api.tesco.com/v2/media/ghs/d2bcd07d-7f8d-43b5-88d7-9240bb332eec/e1945e27-3a86-4b09-8090-a959ace97c16_1289397720.jpeg?h=225&w=225,
263029777,Hartley Ready To Eat No Added Sugar Raspberry Jelly 115G,https://www.tesco.com/groceries/en-GB/shop/food-cupboard/all?department=Desserts&viewAll=department&page=,£0.80,£0.70/100g,,,/groceries/en-GB/products/263029777,https://digitalcontent.api.tesco.com/v2/media/ghs/15ad9bb1-4700-4729-a32d-48e620c7ed37/b14d0ad4-a711-4229-b979-bb2722b74d70_1973181253.jpeg?h=225&w=225,
309495067,Ambrosia Devon Custard 1Kg,https://www.tesco.com/groceries/en-GB/shop/food-cupboard/all?department=Desserts&viewAll=department&page=,£2.40,£0.24/100g,£1.50 Clubcard Price,,/groceries/en-GB/products/309495067,https://digitalcontent.api.tesco.com/v2/media/ghs/cc17fca5-13d7-456c-a096-13297a717f9b/9559da83-d836-464d-bd46-7988daecf717_977414522.jpeg?h=225&w=225,
252465758,Hartleys Ready To Eat Jelly Lemon & Lime 125G,https://www.tesco.com/groceries/en-GB/shop/food-cupboard/all?department=Desserts&viewAll=department&page=,£0.80,£0.64/100g,,,/groceries/en-GB/products/252465758,https://digitalcontent.api.tesco.com/v2/media/ghs/288490a0-24e8-420d-9e6a-27cc0b373aa0/a3f02ec7-9b2d-4665-9bf6-d9e3ac5e6594_1172760031.jpeg?h=225&w=225,
297559662,Ambrosia Mini Custard 30% Less Sugar 6S 330G,https://www.tesco.com/groceries/en-GB/shop/food-cupboard/all?department=Desserts&viewAll=department&page=,£1.80,£0.55/100g,,,/groceries/en-GB/products/297559662,https://digitalcontent.api.tesco.com/v2/media/ghs/a5478dea-cbd7-4722-b674-917ce6be7cf2/89586509-f6ad-49af-b654-a8dd620461fb_726511968.jpeg?h=225&w=225,
271241772,Ambrosia Creamed Rice 400G,https://www.tesco.com/groceries/en-GB/shop/food-cupboard/all?department=Desserts&viewAll=department&page=,£1.20,£0.30/100g,Any 2 for £2 Clubcard Price - Selected Ambrosia Custard And Rice Pudding 400g,,/groceries/en-GB/products/271241772,https://digitalcontent.api.tesco.com/v2/media/ghs/e7000827-e1a7-4e4a-8087-dee68d488fc1/d1c06d3a-1284-4345-bd29-d0225a0f3a02_226281286.jpeg?h=225&w=225,
260245738,Tesco Finest Meringue Nests 8S,https://www.tesco.com/groceries/en-GB/shop/food-cupboard/all?department=Desserts&viewAll=department&page=,£1.80,£0.22/each,£1.25 Clubcard Price,,/groceries/en-GB/products/260245738,https://digitalcontent.api.tesco.com/v2/media/ghs/c9ac89df-757b-41e1-ad1d-8f9cc31f3944/2b389c2d-b78d-4da3-9aac-eef7e2586d08_1789131240.jpeg?h=225&w=225,
297609391,Ambrosia Devon Custard 150G,https://www.tesco.com/groceries/en-GB/shop/food-cupboard/all?department=Desserts&viewAll=department&page=,£0.70,£0.47/100g,,,/groceries/en-GB/products/297609391,https://digitalcontent.api.tesco.com/v2/media/ghs/79f92477-c3a7-4146-bae2-d438d163b773/ac4576e5-4d5f-4419-851e-64aee8ec3348_654517069.jpeg?h=225&w=225,
252472628,Hartleys Strawberry Jelly 135G,https://www.tesco.com/groceries/en-GB/shop/food-cupboard/all?department=Desserts&viewAll=department&page=,£0.80,£0.59/100g,,,/groceries/en-GB/products/252472628,https://digitalcontent.api.tesco.com/v2/media/ghs/d308463d-2c49-4e7e-b21c-f5baf4857a99/4d2f3e82-0559-47ff-bd0d-c84f28b6a005_430595768.jpeg?h=225&w=225,
297609454,Ambrosia Devon Custard Chocolate 150G,https://www.tesco.com/groceries/en-GB/shop/food-cupboard/all?department=Desserts&viewAll=department&page=,£0.70,£0.47/100g,,,/groceries/en-GB/products/297609454,https://digitalcontent.api.tesco.com/v2/media/ghs/34ba3d4c-6926-49d7-8da6-dbdf61d32aaa/6134c00c-a59f-48bb-a3e8-222466d587b6_1147490358.jpeg?h=225&w=225,
309468935,Ambrosia Devon Custard 500G,https://www.tesco.com/groceries/en-GB/shop/food-cupboard/all?department=Desserts&viewAll=department&page=,£1.55,£0.31/100g,,,/groceries/en-GB/products/309468935,https://digitalcontent.api.tesco.com/v2/media/ghs/41aca8fc-ab57-4698-b9d0-3ef1988ca45b/66723e03-2afd-44cf-916c-3dfa72b66873_392307050.jpeg?h=225&w=225,
271246784,Ambrosia Low Fat Custard 400G,https://www.tesco.com/groceries/en-GB/shop/food-cupboard/all?department=Desserts&viewAll=department&page=,£1.20,£0.30/100g,Any 2 for £2 Clubcard Price - Selected Ambrosia Custard And Rice Pudding 400g,,/groceries/en-GB/products/271246784,,
271246162,Ambrosia Custard 400G,https://www.tesco.com/groceries/en-GB/shop/food-cupboard/all?department=Desserts&viewAll=department&page=,£1.20,£0.30/100g,Any 2 for £2 Clubcard Price - Selected Ambrosia Custard And Rice Pudding 400g,,/groceries/en-GB/products/271246162,https://digitalcontent.api.tesco.com/v2/media/ghs/7c52d712-11fc-4648-aedf-6cefdebe1a2b/f50592ad-cc0a-4b7e-b0b3-3e80c63d99d0_1795677126.jpeg?h=225&w=225,
252472438,Hartleys Raspberry Jelly 135G,https://www.tesco.com/groceries/en-GB/shop/food-cupboard/all?department=Desserts&viewAll=department&page=,£0.80,£0.59/100g,,,/groceries/en-GB/products/252472438,https://digitalcontent.api.tesco.com/v2/media/ghs/5d4686ac-87f7-4d49-905c-5f94c04be5d7/1add8842-f194-4fa5-98a3-0ae7dfa3486b_1848268592.jpeg?h=225&w=225,
252471998,Hartleys Orange Jelly 135G,https://www.tesco.com/groceries/en-GB/shop/food-cupboard/all?department=Desserts&viewAll=department&page=,£0.80,£0.59/100g,,,/groceries/en-GB/products/252471998,https://digitalcontent.api.tesco.com/v2/media/ghs/0e0d319a-0a0f-4c92-aa6d-2366df7824db/66c7ce56-f3d7-42a3-bc63-35a9ed4a77c5_119267691.jpeg?h=225&w=225,
257407068,Tesco Rice Pudding 400G,https://www.tesco.com/groceries/en-GB/shop/food-cupboard/all?department=Desserts&viewAll=department&page=,£0.70,£0.18/100g,,,/groceries/en-GB/products/257407068,https://digitalcontent.api.tesco.com/v2/media/ghs/98f9bb0c-41af-45be-9540-3651f0200203/813d5834-e767-4c5f-ad83-d292aa35c89f_1203822261.jpeg?h=225&w=225,
254902431,Carnation Evaporated Milk 170G,https://www.tesco.com/groceries/en-GB/shop/food-cupboard/all?department=Desserts&viewAll=department&page=,£0.75,£4.42/kg,,,/groceries/en-GB/products/254902431,https://digitalcontent.api.tesco.com/v2/media/ghs/63775754-789b-4e0a-a4a7-ddb468ca03b0/b1839f62-3039-43db-97c7-914495d4cf9a_1524911913.jpeg?h=225&w=225,
252467998,Hartleys Ready To Eat Jelly Blackcurrant 125G,https://www.tesco.com/groceries/en-GB/shop/food-cupboard/all?department=Desserts&viewAll=department&page=,£0.80,£0.64/100g,,,/groceries/en-GB/products/252467998,https://digitalcontent.api.tesco.com/v2/media/ghs/04d82525-c573-451a-a275-2a0f387a5202/ae4a4370-b5c9-46bc-8e10-57e682010ba0_1058572286.jpeg?h=225&w=225,
297558369,Birds Traditional Custard Powder 350G,https://www.tesco.com/groceries/en-GB/shop/food-cupboard/all?department=Desserts&viewAll=department&page=,£1.60,£0.46/100g,£1.25 Clubcard Price,,/groceries/en-GB/products/297558369,https://digitalcontent.api.tesco.com/v2/media/ghs/69b98209-7474-4848-9d09-2c74503ade85/41497aee-33c4-4e40-a08b-f5a508e96577_917270821.jpeg?h=225&w=225,
252469218,Hartleys Sugar Free Jelly Raspberry 23G,https://www.tesco.com/groceries/en-GB/shop/food-cupboard/all?department=Desserts&viewAll=department&page=,£1.00,£4.35/100g,,,/groceries/en-GB/products/252469218,https://digitalcontent.api.tesco.com/v2/media/ghs/d778024d-aea0-4c06-8cab-18a95b9ce188/a37390a5-604b-4787-99f6-99e3209e9098_1209795244.jpeg?h=225&w=225,
252469938,Hartleys Sugar Free Jelly Strawberry 23G,https://www.tesco.com/groceries/en-GB/shop/food-cupboard/all?department=Desserts&viewAll=department&page=,£1.00,£4.35/100g,,,/groceries/en-GB/products/252469938,https://digitalcontent.api.tesco.com/v2/media/ghs/16afe006-aabd-467e-b85e-db09f84837fa/75a4950d-48af-4941-a046-f56329f16ff3_726090114.jpeg?h=225&w=225,
276671560,Mr Freeze Freeze Pops 20X45ml,https://www.tesco.com/groceries/en-GB/shop/food-cupboard/all?department=Desserts&viewAll=department&page=,£1.25,£0.14/100ml,,,/groceries/en-GB/products/276671560,https://digitalcontent.api.tesco.com/v2/media/ghs/90b69610-522b-4ec4-b4a2-d8e3c02ef865/94a61a62-b58d-4845-b475-46185672e5ea_548185155.jpeg?h=225&w=225,
254903689,Angel Delight Strawberry 59G,https://www.tesco.com/groceries/en-GB/shop/food-cupboard/all?department=Desserts&viewAll=department&page=,£0.60,£1.02/100g,,,/groceries/en-GB/products/254903689,https://digitalcontent.api.tesco.com/v2/media/ghs/9e5636e0-777d-4af7-8923-f2daf55bc8b6/7319b365-765f-44a6-9b8c-e76e0d0dd518_283537525.jpeg?h=225&w=225,
304368261,Angel Delight Strawberry No Added Sugar 47G,https://www.tesco.com/groceries/en-GB/shop/food-cupboard/all?department=Desserts&viewAll=department&page=,£0.60,£1.28/100g,,,/groceries/en-GB/products/304368261,https://digitalcontent.api.tesco.com/v2/media/ghs/42bd7f70-ad34-484f-b7a1-97c06137eda4/0aee2bbf-f94c-491d-9fd7-37900e0f5376_620887522.jpeg?h=225&w=225,
271247155,Angel Delight Chocolate 59G,https://www.tesco.com/groceries/en-GB/shop/food-cupboard/all?department=Desserts&viewAll=department&page=,£0.60,£1.02/100g,,,/groceries/en-GB/products/271247155,https://digitalcontent.api.tesco.com/v2/media/ghs/758f7266-7860-4e19-a30a-10eb30d6448e/e9d4e5d5-6bb2-4926-92a1-81fa8f5bf34a_999231526.jpeg?h=225&w=225,
271245013,Tesco Ready To Serve Custard 400G,https://www.tesco.com/groceries/en-GB/shop/food-cupboard/all?department=Desserts&viewAll=department&page=,£0.80,£0.20/100g,,,/groceries/en-GB/products/271245013,https://digitalcontent.api.tesco.com/v2/media/ghs/1db11e08-0970-4c96-90d1-7a3417608c23/9de0e681-d250-4652-870d-f0282cf98037_1741387894.jpeg?h=225&w=225,
271247103,Angel Delight Butterscotch 59G,https://www.tesco.com/groceries/en-GB/shop/food-cupboard/all?department=Desserts&viewAll=department&page=,£0.60,£1.02/100g,,,/groceries/en-GB/products/271247103,https://digitalcontent.api.tesco.com/v2/media/ghs/1f85eb43-deaa-42ab-9815-79726a2c5270/8dc0fd32-3e29-44df-b6f7-a3a11e1e5d7b_610556864.jpeg?h=225&w=225,
304402019,Angel Delight No Added Sugar Butterscotch 47G,https://www.tesco.com/groceries/en-GB/shop/food-cupboard/all?department=Desserts&viewAll=department&page=,£0.60,£1.28/100g,,,/groceries/en-GB/products/304402019,https://digitalcontent.api.tesco.com/v2/media/ghs/03591d9e-8e35-473a-bf22-be05635730bb/65ebd988-7058-43cd-b08c-59e83f504239_556947940.jpeg?h=225&w=225,
288716611,Tesco Sweetened Condensed Milk 397G,https://www.tesco.com/groceries/en-GB/shop/food-cupboard/all?department=Desserts&viewAll=department&page=,£0.89,£2.25/kg,Aldi Price Match,,/groceries/en-GB/products/288716611,https://digitalcontent.api.tesco.com/v2/media/ghs/c3722a86-da2c-4a8e-9221-c1dff1e12deb/ae131e0b-4026-4610-8473-455c41122474_74113037.jpeg?h=225&w=225,
258050084,Carnation Sweetened Condensed Milk 397G,https://www.tesco.com/groceries/en-GB/shop/food-cupboard/all?department=Desserts&viewAll=department&page=,£1.55,£3.91/kg,£1.25 Clubcard Price,,/groceries/en-GB/products/258050084,https://digitalcontent.api.tesco.com/v2/media/ghs/60c10876-b53c-44e0-b27a-536468db6042/5dc02d9d-7079-4ecc-809f-a787bbce49f5_1908579499.jpeg?h=225&w=225,
256909870,Tesco Evaporated Milk 410G,https://www.tesco.com/groceries/en-GB/shop/food-cupboard/all?department=Desserts&viewAll=department&page=,£0.55,£1.35/kg,Aldi Price Match,,/groceries/en-GB/products/256909870,https://digitalcontent.api.tesco.com/v2/media/ghs/fb5241b3-f6c4-4ef7-9fde-82f8c1b9e75e/af92a847-e45a-4524-8403-815549d348c8_229433837.jpeg?h=225&w=225,
300770441,Stockwell & Co. Rice Pudding 400G,https://www.tesco.com/groceries/en-GB/shop/food-cupboard/all?department=Desserts&viewAll=department&page=,£0.23,£0.06/100g,Aldi Price Match,,/groceries/en-GB/products/300770441,https://digitalcontent.api.tesco.com/v2/media/ghs/02d33f34-beb9-418d-8853-84e6318ef798/c4ed448f-9662-4578-8738-c7cd9796d1ca_1644820572.jpeg?h=225&w=225,
300345916,Tesco Finest Salted Caramel Sauce 250G,https://www.tesco.com/groceries/en-GB/shop/food-cupboard/all?department=Desserts&viewAll=department&page=,£2.90,£1.16/100g,,,/groceries/en-GB/products/300345916,https://digitalcontent.api.tesco.com/v2/media/ghs/fb3df02e-a01d-4da6-9972-2705096a16e6/50a55577-7209-46cf-ab6b-f94717dd1d71_764920527.jpeg?h=225&w=225,
260074370,Tesco Syrup Sponge Puddings 2X110g,https://www.tesco.com/groceries/en-GB/shop/food-cupboard/all?department=Desserts&viewAll=department&page=,£2.25,£1.03/100g,,,/groceries/en-GB/products/260074370,https://digitalcontent.api.tesco.com/v2/media/ghs/47b21fb5-f0cd-4a1b-8063-de3d271cd4c9/39924dca-c137-46a8-9d79-4134fd7553fd_1427289925.jpeg?h=225&w=225,
297569229,Hartleys 10 Cal Raspberry Jelly 6X175g,https://www.tesco.com/groceries/en-GB/shop/food-cupboard/all?department=Desserts&viewAll=department&page=,£3.49,£0.33/100g,Aldi Price Match,,/groceries/en-GB/products/297569229,https://digitalcontent.api.tesco.com/v2/media/ghs/4c644072-0fe7-420d-ad0a-b784140a36b6/c269479a-dd18-44da-81f7-0bdd175334c8_499279575.jpeg?h=225&w=225,
252935965,Auntys Chocolate Puddings 2 X 95G,https://www.tesco.com/groceries/en-GB/shop/food-cupboard/all?department=Desserts&viewAll=department&page=,£1.50,£0.79/100g,,,/groceries/en-GB/products/252935965,https://digitalcontent.api.tesco.com/v2/media/ghs/ef0f6640-d9dd-4507-b1c5-02c128e0f2a8/dbb43f3a-8dc8-4809-acc9-b851818b1407_1813412909.jpeg?h=225&w=225,
252935942,Auntys Golden Syrup Puddings 2 X 95G,https://www.tesco.com/groceries/en-GB/shop/food-cupboard/all?department=Desserts&viewAll=department&page=,£1.50,£0.79/100g,,,/groceries/en-GB/products/252935942,https://digitalcontent.api.tesco.com/v2/media/ghs/04dd5a23-22da-4cc4-9ef9-5aaf866e765d/9fc25c5f-dc82-4d87-a168-142a308c9b19_1121869629.jpeg?h=225&w=225,
257842554,Auntys Sticky Toffee Puddings 2 X 95G,https://www.tesco.com/groceries/en-GB/shop/food-cupboard/all?department=Desserts&viewAll=department&page=,£1.50,£0.79/100g,,,/groceries/en-GB/products/257842554,https://digitalcontent.api.tesco.com/v2/media/ghs/a42b9594-b3b0-43c3-a96d-d1f955f389e4/a4d56b9f-a1fd-43d0-b7d2-bb94b8f63352_13674867.jpeg?h=225&w=225,
311433381,Tesco Reduced Fat Custard 1Kg,https://www.tesco.com/groceries/en-GB/shop/food-cupboard/all?department=Desserts&viewAll=department&page=,£1.30,£0.13/100g,,,/groceries/en-GB/products/311433381,https://digitalcontent.api.tesco.com/v2/media/ghs/9a72c946-4702-4bf4-bddd-1f3a7d39a73b/9424d811-09a1-4ccc-b5bd-f89537d8c8fe_441009184.jpeg?h=225&w=225,
257804243,Auntys Spotted Dick Puddings 2 Pack 190G,https://www.tesco.com/groceries/en-GB/shop/food-cupboard/all?department=Desserts&viewAll=department&page=,£1.50,£0.79/100g,,,/groceries/en-GB/products/257804243,https://digitalcontent.api.tesco.com/v2/media/ghs/ec5cd94e-189d-4123-a6d0-0ad8d30e8f09/9a6185f0-c16b-4aae-88e7-910307f6d79b_800421672.jpeg?h=225&w=225,
311941453,Hartley's Sour Cherry Jelly 125G,https://www.tesco.com/groceries/en-GB/shop/food-cupboard/all?department=Desserts&viewAll=department&page=,£0.80,£0.64/100g,,,/groceries/en-GB/products/311941453,https://digitalcontent.api.tesco.com/v2/media/ghs/9ad6337f-7fed-4a5a-9074-daa836e22c2f/89520dcf-974a-48b4-9276-fc3feaa65139_1293963705.jpeg?h=225&w=225,
265014780,Edlers Sweet Pastry Case Each,https://www.tesco.com/groceries/en-GB/shop/food-cupboard/all?department=Desserts&viewAll=department&page=,£1.10,£1.10/each,,,/groceries/en-GB/products/265014780,https://digitalcontent.api.tesco.com/v2/media/ghs/1d9be293-7a6f-436e-a6d1-5ce492288107/91b3ef97-aa6b-416f-b8ae-13c998fc543f_517577041.jpeg?h=225&w=225,
304407982,Askeys Treat Chocolate 325G Topping,https://www.tesco.com/groceries/en-GB/shop/food-cupboard/all?department=Desserts&viewAll=department&page=,£1.40,£0.43/100g,,,/groceries/en-GB/products/304407982,https://digitalcontent.api.tesco.com/v2/media/ghs/5789dfdf-6760-41a7-aa2c-4d0d11e65750/8db87b02-7700-446e-92ff-991d4dd7e26d_1024165092.jpeg?h=225&w=225,
309494811,Ambrosia Light Devon Custard 1 Kilograms,https://www.tesco.com/groceries/en-GB/shop/food-cupboard/all?department=Desserts&viewAll=department&page=,£2.40,£0.24/100g,£1.50 Clubcard Price,,/groceries/en-GB/products/309494811,https://digitalcontent.api.tesco.com/v2/media/ghs/94355fd4-f6f5-4f52-89bb-3240fa319a86/d4768597-9edb-4337-b090-e9d1c5bd7fa5_1980523586.jpeg?h=225&w=225,
262282229,Hartleys 10 Cal Ready To Eat Blueberry & Blackcurrant Jelly 175G,https://www.tesco.com/groceries/en-GB/shop/food-cupboard/all?department=Desserts&viewAll=department&page=,£0.85,£0.49/100g,,,/groceries/en-GB/products/262282229,https://digitalcontent.api.tesco.com/v2/media/ghs/095f9924-6ded-4a9b-ac44-502c9f1a2a8d/dfec3cbc-2204-42a6-9739-ecd22a992165_228957326.jpeg?h=225&w=225,
297609696,Ambrosia Rice Pudding 150G,https://www.tesco.com/groceries/en-GB/shop/food-cupboard/all?department=Desserts&viewAll=department&page=,£0.70,£0.47/100g,,,/groceries/en-GB/products/297609696,https://digitalcontent.api.tesco.com/v2/media/ghs/960228e4-2945-4096-ac98-cfe6a1c3dd94/856b99ed-7920-406f-a7aa-0d6dd3afa9ce_1171954646.jpeg?h=225&w=225,
283609314,Hartleys Strawberry 10Cal Jelly 175G,https://www.tesco.com/groceries/en-GB/shop/food-cupboard/all?department=Desserts&viewAll=department&page=,£0.85,£0.49/100g,,,/groceries/en-GB/products/283609314,https://digitalcontent.api.tesco.com/v2/media/ghs/e2a393fe-fc63-4c28-bfe8-7673ba385c85/d4b4d327-7c99-4544-9e6e-72fff7407190_1313598424.jpeg?h=225&w=225,
309185060,Tesco Ready To Serve Custard 500G,https://www.tesco.com/groceries/en-GB/shop/food-cupboard/all?department=Desserts&viewAll=department&page=,£0.85,£0.17/100g,,,/groceries/en-GB/products/309185060,https://digitalcontent.api.tesco.com/v2/media/ghs/9190ad9e-0976-49f8-95c6-a0ed1be0b8c9/f77d4434-10a8-4178-9c66-922a4ab661a0_870908951.jpeg?h=225&w=225,
283609677,Hartleys Raspberry 10Cal Jelly 175G,https://www.tesco.com/groceries/en-GB/shop/food-cupboard/all?department=Desserts&viewAll=department&page=,£0.85,£0.49/100g,,,/groceries/en-GB/products/283609677,https://digitalcontent.api.tesco.com/v2/media/ghs/577fb224-eb77-45e0-8db0-4da885333f58/3792825c-2fc8-4a7d-a952-18939f2a60f2_876183123.jpeg?h=225&w=225,
283609821,Hartleys Orange 10Cal Jelly 175G,https://www.tesco.com/groceries/en-GB/shop/food-cupboard/all?department=Desserts&viewAll=department&page=,£0.85,£0.49/100g,,,/groceries/en-GB/products/283609821,https://digitalcontent.api.tesco.com/v2/media/ghs/8e817880-eebb-42df-ab1b-6138cbf42894/499cf49b-e346-42d4-af1e-3adfa06dabc7_776374162.jpeg?h=225&w=225,
265014820,Edlers Savoury Pastry Case Each,https://www.tesco.com/groceries/en-GB/shop/food-cupboard/all?department=Desserts&viewAll=department&page=,£1.10,£1.10/each,,,/groceries/en-GB/products/265014820,https://digitalcontent.api.tesco.com/v2/media/ghs/a91cff93-89bb-4755-bb82-31862a62a75f/100aaf92-db97-44f4-abf0-de86fcdffebb_1246180545.jpeg?h=225&w=225,
307351552,Hartleys 10Cal Rhubarb & Custard Jelly 175G,https://www.tesco.com/groceries/en-GB/shop/food-cupboard/all?department=Desserts&viewAll=department&page=,£0.85,£0.49/100g,,,/groceries/en-GB/products/307351552,https://digitalcontent.api.tesco.com/v2/media/ghs/48cae290-472e-42f4-8aa6-7384569edae5/6ec21ad3-baa8-468c-8b04-e8fde5ef6c2b_1831903470.jpeg?h=225&w=225,
262188451,Hartleys Sugar Free Lemon & Lime Jelly 23G,https://www.tesco.com/groceries/en-GB/shop/food-cupboard/all?department=Desserts&viewAll=department&page=,£1.00,£4.35/100g,,,/groceries/en-GB/products/262188451,https://digitalcontent.api.tesco.com/v2/media/ghs/549f7514-d5da-4e63-984c-e066182b924a/fd468116-2403-4518-a071-de4531c0a1f9_2065898642.jpeg?h=225&w=225,
271246070,Ambrosia Creamed Semolina 400G,https://www.tesco.com/groceries/en-GB/shop/food-cupboard/all?department=Desserts&viewAll=department&page=,£1.30,£0.32/100g,,,/groceries/en-GB/products/271246070,https://digitalcontent.api.tesco.com/v2/media/ghs/336fbbbb-e314-46e2-90e8-f3809e0db10d/2b9157f4-8653-41b5-870f-ddff97959a5e_2115837659.jpeg?h=225&w=225,
311227527,Tesco Reduced Fat Rice Pudding 400G,https://www.tesco.com/groceries/en-GB/shop/food-cupboard/all?department=Desserts&viewAll=department&page=,£0.70,£0.18/100g,,,/groceries/en-GB/products/311227527,https://digitalcontent.api.tesco.com/v2/media/ghs/8a61a45f-192c-4e94-a623-84a16f4d46ce/fc41d41c-d21b-4358-97ee-0c6604ead1b9_1292887327.jpeg?h=225&w=225,
252017140,Dole Fruit Mandarins In Orange Jelly 4X123g,https://www.tesco.com/groceries/en-GB/shop/food-cupboard/all?department=Desserts&viewAll=department&page=,£2.20,£0.45/100g,,,/groceries/en-GB/products/252017140,https://digitalcontent.api.tesco.com/v2/media/ghs/217f4d6b-37be-45e0-8e48-3dd11c0dfd05/6fb95fd0-01bc-4313-bd74-a7bc09e24340_114729137.jpeg?h=225&w=225,
285115872,Tesco Pear And Peach Pieces 4X120g,https://www.tesco.com/groceries/en-GB/shop/food-cupboard/all?department=Desserts&viewAll=department&page=,£1.75,£0.58/100g DR.WT,,,/groceries/en-GB/products/285115872,https://digitalcontent.api.tesco.com/v2/media/ghs/3350f8c0-630e-452b-809f-c581947fc78a/7efbcd95-3996-48b8-8d94-06478ec44612_1549121123.jpeg?h=225&w=225,
274550188,Ambrosia Tapioca 385G,https://www.tesco.com/groceries/en-GB/shop/food-cupboard/all?department=Desserts&viewAll=department&page=,£1.30,£0.34/100g,,,/groceries/en-GB/products/274550188,https://digitalcontent.api.tesco.com/v2/media/ghs/f555a310-305a-4c6f-a64c-ffee0297914a/49d8947d-f6fb-4f80-b161-5656e207d88b_1753739527.jpeg?h=225&w=225,
271245404,Ambrosia Creamed Rice Sultanas & Nutmeg 400G Tin,https://www.tesco.com/groceries/en-GB/shop/food-cupboard/all?department=Desserts&viewAll=department&page=,£1.30,£0.32/100g,,,/groceries/en-GB/products/271245404,https://digitalcontent.api.tesco.com/v2/media/ghs/736df27d-bdaa-4ce1-b38a-fb0392bb2f51/204c8aff-4599-4fec-a2d1-ae15e29e4d49_758114901.jpeg?h=225&w=225,
255937025,Dole Fruit Bowl Mandarins In Juice 4 X 113G,https://www.tesco.com/groceries/en-GB/shop/food-cupboard/all?department=Desserts&viewAll=department&page=,£2.20,£0.81/100g DR.WT,,,/groceries/en-GB/products/255937025,https://digitalcontent.api.tesco.com/v2/media/ghs/afe0f2a6-f689-4f92-8d5d-e457a6df840d/adaedd5f-f004-4fd1-a291-8f6044d93092_346898048.jpeg?h=225&w=225,
267919226,Dole Tropical Fruit In Tropical Jelly 123G,https://www.tesco.com/groceries/en-GB/shop/food-cupboard/all?department=Desserts&viewAll=department&page=,£0.55,£0.45/100g,,,/groceries/en-GB/products/267919226,https://digitalcontent.api.tesco.com/v2/media/ghs/3d0897e1-c71d-4c5d-8aff-2a14a52c3376/a2f7d462-1105-44ed-ad4a-c422ed64e8e5_1583150453.jpeg?h=225&w=225,
254877391,Tesco Pudding Rice 500G,https://www.tesco.com/groceries/en-GB/shop/food-cupboard/all?department=Desserts&viewAll=department&page=,£1.20,£0.24/100g,,,/groceries/en-GB/products/254877391,https://digitalcontent.api.tesco.com/v2/media/ghs/798ae1a7-bd5b-4004-9f1d-13c57bbeeec4/snapshotimagehandler_1213262253.jpeg?h=225&w=225,
252470498,Hartleys Blackcurrant Jelly 135G,https://www.tesco.com/groceries/en-GB/shop/food-cupboard/all?department=Desserts&viewAll=department&page=,£0.80,£0.59/100g,,,/groceries/en-GB/products/252470498,https://digitalcontent.api.tesco.com/v2/media/ghs/2b31566b-1283-482b-908f-26589c15b309/e379a69f-8c4a-4a1b-bdd2-ccc97fdcce61_1963593671.jpeg?h=225&w=225,
255569783,Askeys Round Icecream Cones 21Pk,https://www.tesco.com/groceries/en-GB/shop/food-cupboard/all?department=Desserts&viewAll=department&page=,£1.20,£0.06/each,,,/groceries/en-GB/products/255569783,https://digitalcontent.api.tesco.com/v2/media/ghs/6f3a90aa-e753-45af-96b7-f0d2ce8261c8/d2107e16-bc7d-4e4a-834d-b87361475a95_2037420400.jpeg?h=225&w=225,
253788048,Dole Peaches In Strawberry Jelly 4X123g,https://www.tesco.com/groceries/en-GB/shop/food-cupboard/all?department=Desserts&viewAll=department&page=,£2.20,£0.45/100g,,,/groceries/en-GB/products/253788048,https://digitalcontent.api.tesco.com/v2/media/ghs/c132ffa5-71ad-4659-8448-ab683017d88e/e29c5e77-f070-4618-a43c-36c6d9fdfc7a_2056963597.jpeg?h=225&w=225,
311274447,Tesco Reduced Fat Custard 400G,https://www.tesco.com/groceries/en-GB/shop/food-cupboard/all?department=Desserts&viewAll=department&page=,£0.80,£0.20/100g,,,/groceries/en-GB/products/311274447,https://digitalcontent.api.tesco.com/v2/media/ghs/87d500cf-633a-4950-b465-e08a28a7b67f/9ada042a-eb34-4cda-9f8d-30dafcf5654e_348226440.jpeg?h=225&w=225,
289600026,Dole Fruit Salad With Cherry 4X113g,https://www.tesco.com/groceries/en-GB/shop/food-cupboard/all?department=Desserts&viewAll=department&page=,£2.20,£0.85/100g DR.WT,,,/groceries/en-GB/products/289600026,https://digitalcontent.api.tesco.com/v2/media/ghs/939cd29a-7160-45b7-91a3-694a37808577/9afb8d0d-7c05-495a-b055-74bf5f734a34_1664348083.jpeg?h=225&w=225,
254948751,Tesco Sponge Fingers 200G,https://www.tesco.com/groceries/en-GB/shop/food-cupboard/all?department=Desserts&viewAll=department&page=,£1.15,£0.58/100g,,,/groceries/en-GB/products/254948751,https://digitalcontent.api.tesco.com/v2/media/ghs/573fb1ba-3317-4fe2-8ef6-f3df24b795b2/a31c1f54-3a58-444e-9d16-2629964977da_1801307972.jpeg?h=225&w=225,
252471468,Hartleys Lime Jelly 135G,https://www.tesco.com/groceries/en-GB/shop/food-cupboard/all?department=Desserts&viewAll=department&page=,£0.80,£0.59/100g,,,/groceries/en-GB/products/252471468,https://digitalcontent.api.tesco.com/v2/media/ghs/a8111fa3-7f03-4365-bfc1-4f13b58310ae/d0544fae-f0a5-4058-868e-c1a2d3aed5bf_2066894364.jpeg?h=225&w=225,
277063823,Birds Dream Topping 36G,https://www.tesco.com/groceries/en-GB/shop/food-cupboard/all?department=Desserts&viewAll=department&page=,£0.95,£2.64/100g,,,/groceries/en-GB/products/277063823,https://digitalcontent.api.tesco.com/v2/media/ghs/e24dde11-e81c-4b14-adc4-06b383b1fbc7/21d674bf-925a-4bc8-a25a-b3d067cea5e6_1751049531.jpeg?h=225&w=225,
255933191,Dole Fruit Bowl Peaches In Juice 4X113g,https://www.tesco.com/groceries/en-GB/shop/food-cupboard/all?department=Desserts&viewAll=department&page=,£2.20,£0.85/100g DR.WT,,,/groceries/en-GB/products/255933191,https://digitalcontent.api.tesco.com/v2/media/ghs/13c29c5a-6a07-4584-9cd6-72ce2a34c021/7122a422-472f-4919-8a03-fa8f426f59ce_866545067.jpeg?h=225&w=225,
285104453,Tesco Orange Flavoured Jelly & Mandarin Pieces 4X120g,https://www.tesco.com/groceries/en-GB/shop/food-cupboard/all?department=Desserts&viewAll=department&page=,£1.75,£0.36/100g,,,/groceries/en-GB/products/285104453,https://digitalcontent.api.tesco.com/v2/media/ghs/a764dac0-70f7-4529-bed5-c1dadbb10acc/8f8a2a14-6c2c-4b71-aa59-e171e8371dac_744814527.jpeg?h=225&w=225,
304783892,Carnation Extra Thick Cream 170G,https://www.tesco.com/groceries/en-GB/shop/food-cupboard/all?department=Desserts&viewAll=department&page=,£1.00,£5.89/kg,,,/groceries/en-GB/products/304783892,https://digitalcontent.api.tesco.com/v2/media/ghs/5f84d2bc-cae3-42dd-bc7e-6e55355ff64a/2348ddde-f7a6-427d-b2e4-77fd4df87332_2084008220.jpeg?h=225&w=225,
285118235,Tesco Pineapple Pieces 4X120g,https://www.tesco.com/groceries/en-GB/shop/food-cupboard/all?department=Desserts&viewAll=department&page=,£1.75,£0.55/100g DR.WT,,,/groceries/en-GB/products/285118235,https://digitalcontent.api.tesco.com/v2/media/ghs/7de9d361-c2c7-4cdd-851d-3ea75e7dcc60/4c895d4f-7d4c-42ef-a187-5cf2449c8454_680688285.jpeg?h=225&w=225,
304394534,Ambrosia Chocolate Devon Custard 400G,https://www.tesco.com/groceries/en-GB/shop/food-cupboard/all?department=Desserts&viewAll=department&page=,£1.20,£0.30/100g,Any 2 for £2 Clubcard Price - Selected Ambrosia Custard And Rice Pudding 400g,,/groceries/en-GB/products/304394534,https://digitalcontent.api.tesco.com/v2/media/ghs/d6414400-d7de-4053-ad3e-3d04f9e4c657/29120eca-639e-46db-9fbb-fdac044d8599_1591288741.jpeg?h=225&w=225,
260012254,Birds Instant Custard Original 3X75g 225G,https://www.tesco.com/groceries/en-GB/shop/food-cupboard/all?department=Desserts&viewAll=department&page=,£1.60,£0.71/100g,,,/groceries/en-GB/products/260012254,https://digitalcontent.api.tesco.com/v2/media/ghs/48feb7ef-f51d-4fbb-9bb4-f9d34b3e3178/2c3f1233-9bce-4706-9971-c7daf85fa510_1989385905.jpeg?h=225&w=225,
297609638,Ambrosia Devon Custard Banana 150G,https://www.tesco.com/groceries/en-GB/shop/food-cupboard/all?department=Desserts&viewAll=department&page=,£0.70,£0.47/100g,,,/groceries/en-GB/products/297609638,https://digitalcontent.api.tesco.com/v2/media/ghs/ace6bc09-82c4-45ab-9394-726942c3591d/f0c08372-fc82-4261-8b4e-23c427aefbd7_1976267717.jpeg?h=225&w=225,
297609212,Ambrosia Devon Custard Strawberry 150G,https://www.tesco.com/groceries/en-GB/shop/food-cupboard/all?department=Desserts&viewAll=department&page=,£0.70,£0.47/100g,,,/groceries/en-GB/products/297609212,https://digitalcontent.api.tesco.com/v2/media/ghs/ca1b427e-9f4c-4a08-b698-5daba7a6c395/5f95ac0d-b41c-45a7-84c3-c476cd5de47c_242474652.jpeg?h=225&w=225,
297609270,Ambrosia Light Rice Pudding 150G,https://www.tesco.com/groceries/en-GB/shop/food-cupboard/all?department=Desserts&viewAll=department&page=,£0.70,£0.47/100g,,,/groceries/en-GB/products/297609270,https://digitalcontent.api.tesco.com/v2/media/ghs/9cf2fbb2-73ec-48cf-bf75-dc08d2e3db80/c9690192-4e50-45fc-bc67-87f8ddbe8cf6_95590703.jpeg?h=225&w=225,
260491872,Carnation Caramel 397G,https://www.tesco.com/groceries/en-GB/shop/food-cupboard/all?department=Desserts&viewAll=department&page=,£1.65,£4.16/kg,,,/groceries/en-GB/products/260491872,https://digitalcontent.api.tesco.com/v2/media/ghs/73f78142-bceb-4166-b56f-28f54bcbd2db/ee4cbe49-f400-43e3-851b-5145dcbc294e_1992936733.jpeg?h=225&w=225,
310663484,Marvel Original Dried Skimmed Milk 250G,https://www.tesco.com/groceries/en-GB/shop/food-cupboard/all?department=Desserts&viewAll=department&page=,£4.15,£1.66/100g,,,/groceries/en-GB/products/310663484,https://digitalcontent.api.tesco.com/v2/media/ghs/c4cfe1c1-660b-4121-9314-18dc16657ae3/33113d9b-15a2-4090-9da3-d8be791d229b_406182891.jpeg?h=225&w=225,
260074491,Tesco Chocolate Sponge Puddings 220G,https://www.tesco.com/groceries/en-GB/shop/food-cupboard/all?department=Desserts&viewAll=department&page=,£2.25,£1.03/100g,,,/groceries/en-GB/products/260074491,https://digitalcontent.api.tesco.com/v2/media/ghs/096f6cda-a950-43a1-9f15-a9c22b3d0164/5663f6e3-ba3c-4d1f-bcc3-41c5b82964ee_1020955020.jpeg?h=225&w=225,
297519347,Hartleys Strawberry 10Cal Multipack 6X175g,https://www.tesco.com/groceries/en-GB/shop/food-cupboard/all?department=Desserts&viewAll=department&page=,£3.49,£0.33/100g,Aldi Price Match,,/groceries/en-GB/products/297519347,https://digitalcontent.api.tesco.com/v2/media/ghs/a17426fc-684c-439f-a8cc-d6488948a692/f6a8f825-05ba-4cbb-bdce-a31ce3d26a5a_750972330.jpeg?h=225&w=225,
302707768,Tesco Finest Alphonso Mango & Passion Fruit Coulis 275G,https://www.tesco.com/groceries/en-GB/shop/food-cupboard/all?department=Desserts&viewAll=department&page=,£2.65,£0.96/100g,,,/groceries/en-GB/products/302707768,https://digitalcontent.api.tesco.com/v2/media/ghs/8dd9a007-7254-409a-aaad-6faa154c6b4e/53c37bc1-f64f-43f9-9d80-1144d347ddec_587927106.jpeg?h=225&w=225,
306390368,Nestle Carnation Caramel Drizzle 450G,https://www.tesco.com/groceries/en-GB/shop/food-cupboard/all?department=Desserts&viewAll=department&page=,£2.70,£0.60/100g,,,/groceries/en-GB/products/306390368,https://digitalcontent.api.tesco.com/v2/media/ghs/e962dd1b-3b7d-4663-8c01-b435b0008a90/27146b0e-ba55-4dfb-bfb6-68046271b7dd_1604229266.jpeg?h=225&w=225,
282663751,Mr Kipling Sponge Pudding Lemon 2X95g,https://www.tesco.com/groceries/en-GB/shop/food-cupboard/all?department=Desserts&viewAll=department&page=,£1.65,£0.87/100g,,,/groceries/en-GB/products/282663751,https://digitalcontent.api.tesco.com/v2/media/ghs/c021cdc2-2727-4b26-91d8-cbf2eef978d3/292d66d1-43cc-4b81-a4c0-9c13848bd605_557747992.jpeg?h=225&w=225,
257804145,Auntys Ginger Puddings 2X95g,https://www.tesco.com/groceries/en-GB/shop/food-cupboard/all?department=Desserts&viewAll=department&page=,£1.50,£0.79/100g,,,/groceries/en-GB/products/257804145,https://digitalcontent.api.tesco.com/v2/media/ghs/5cd5c35c-dfe6-43bb-b7bd-c2b8196c3b16/19d15250-88e5-4a71-8b81-7a9b0ed960e3_675584467.jpeg?h=225&w=225,
272504593,Mr Freeze Jubbly Strawberry 8X62ml,https://www.tesco.com/groceries/en-GB/shop/food-cupboard/all?department=Desserts&viewAll=department&page=,£1.60,£0.32/100ml,,,/groceries/en-GB/products/272504593,https://digitalcontent.api.tesco.com/v2/media/ghs/cf801709-4c93-4f7f-8119-16606942d7b5/e62207d2-1c6a-471c-a099-b3128139736c_919236489.jpeg?h=225&w=225,
272478231,Mr Freeze Jubbly Jubbly Cola 8X62ml,https://www.tesco.com/groceries/en-GB/shop/food-cupboard/all?department=Desserts&viewAll=department&page=,£1.60,£0.32/100ml,,,/groceries/en-GB/products/272478231,https://digitalcontent.api.tesco.com/v2/media/ghs/0176a461-0874-41ab-8321-4a42a47919db/890c9fa0-b141-4097-85b7-43163b5baae2_1528906339.jpeg?h=225&w=225,
255375088,Auntys Strawberry Puddings 2X95g,https://www.tesco.com/groceries/en-GB/shop/food-cupboard/all?department=Desserts&viewAll=department&page=,£1.50,£0.79/100g,,,/groceries/en-GB/products/255375088,https://digitalcontent.api.tesco.com/v2/media/ghs/26cdedd0-638c-43ee-af44-972cddaa5858/f056df33-e145-4d51-9877-329f6cebb71f_334875840.jpeg?h=225&w=225,
251084878,Askeys Treat Toffee Sauce 325G,https://www.tesco.com/groceries/en-GB/shop/food-cupboard/all?department=Desserts&viewAll=department&page=,£1.40,£0.43/100g,,,/groceries/en-GB/products/251084878,https://digitalcontent.api.tesco.com/v2/media/ghs/0b23517c-2524-435e-8582-03b46339664f/7cab696a-6f0e-46e4-bcdd-41ff74387349_967614490.jpeg?h=225&w=225,
251085203,Askeys Treat Chocolate Chunk Crackin 225G,https://www.tesco.com/groceries/en-GB/shop/food-cupboard/all?department=Desserts&viewAll=department&page=,£1.50,£0.67/100g,,,/groceries/en-GB/products/251085203,https://digitalcontent.api.tesco.com/v2/media/ghs/898e9304-6043-4f4c-b1b9-9343023bbd76/872accb1-257e-4c6c-87fa-9162e455583e_169085137.jpeg?h=225&w=225,
251084982,Askeys Treat Strawberry Sauce 325G,https://www.tesco.com/groceries/en-GB/shop/food-cupboard/all?department=Desserts&viewAll=department&page=,£1.40,£0.43/100g,,,/groceries/en-GB/products/251084982,https://digitalcontent.api.tesco.com/v2/media/ghs/7089ed25-2ab6-4acc-9260-ce2c11b03c75/567a6afd-3f25-4448-837d-f9d1c17e61e2_1711689901.jpeg?h=225&w=225,
252395497,Carnation Light Evaporated Milk 410G,https://www.tesco.com/groceries/en-GB/shop/food-cupboard/all?department=Desserts&viewAll=department&page=,£1.40,£3.42/kg,,,/groceries/en-GB/products/252395497,https://digitalcontent.api.tesco.com/v2/media/ghs/e08c7f91-11e9-4c17-9894-332a33e07912/a92cb47a-e5dd-4335-8d3c-4b1b5a3d7b5c_1918868246.jpeg?h=225&w=225,
272484194,Mr Freeze Jubbly Ice Lollies Orange 8 X 62Ml,https://www.tesco.com/groceries/en-GB/shop/food-cupboard/all?department=Desserts&viewAll=department&page=,£1.60,£0.32/100ml,,,/groceries/en-GB/products/272484194,https://digitalcontent.api.tesco.com/v2/media/ghs/dd142f3f-5dce-4362-8cf5-6f9de0e06258/db8c2bfe-7577-47a2-a010-b722f2daf75d_23876531.jpeg?h=225&w=225,
258870038,Birds Trifle Strawberry Serve 4-6 141G,https://www.tesco.com/groceries/en-GB/shop/food-cupboard/all?department=Desserts&viewAll=department&page=,£1.95,£1.39/100g,,,/groceries/en-GB/products/258870038,https://digitalcontent.api.tesco.com/v2/media/ghs/39ff7d39-4b86-486a-9bbf-54f250522c1a/2a84bdef-914b-405f-81b0-b88ba2fd8b2e_877156462.jpeg?h=225&w=225,
311440556,Tesco Reduced Fat Custard 500G,https://www.tesco.com/groceries/en-GB/shop/food-cupboard/all?department=Desserts&viewAll=department&page=,£0.85,£0.17/100g,,,/groceries/en-GB/products/311440556,https://digitalcontent.api.tesco.com/v2/media/ghs/7598db81-1722-46f8-bccd-2efeb189783f/691b0aa9-23d2-4d0f-b9d1-c5c3c1909593_120569770.jpeg?h=225&w=225,
282448586,Askeys Treat Maple 325G,https://www.tesco.com/groceries/en-GB/shop/food-cupboard/all?department=Desserts&viewAll=department&page=,£1.40,£0.43/100g,,,/groceries/en-GB/products/282448586,https://digitalcontent.api.tesco.com/v2/media/ghs/01645195-3ea9-44bf-9b16-1ae8c3d341bf/86655e54-1eb9-42f1-8de0-9aa3b8a9dece_720254236.jpeg?h=225&w=225,
309458573,Ambrosia Light 30% Less Sugar & Fat Custard 500G,https://www.tesco.com/groceries/en-GB/shop/food-cupboard/all?department=Desserts&viewAll=department&page=,£1.55,£0.31/100g,,,/groceries/en-GB/products/309458573,https://digitalcontent.api.tesco.com/v2/media/ghs/2c15a06b-9199-4bdf-9a8c-6a974e2a8a10/62f80624-a577-4e7e-a758-77eb147860f5_1488837268.jpeg?h=225&w=225,
307340127,Hartleys 10Cal Cherry Bakewell Tart Jelly 175G,https://www.tesco.com/groceries/en-GB/shop/food-cupboard/all?department=Desserts&viewAll=department&page=,£0.85,£0.49/100g,,,/groceries/en-GB/products/307340127,https://digitalcontent.api.tesco.com/v2/media/ghs/6c138182-6e78-4172-b645-405ba65bf1b6/3fa3d6ed-5796-4f19-93fd-795f8b68d9eb_1957420223.jpeg?h=225&w=225,
308496724,Vimto Pyramids 10X62ml,https://www.tesco.com/groceries/en-GB/shop/food-cupboard/all?department=Desserts&viewAll=department&page=,£2.00,£0.32/100ml,,,/groceries/en-GB/products/308496724,https://digitalcontent.api.tesco.com/v2/media/ghs/93d0752d-7e4e-4c86-a2ff-6fd9e6cbf4ef/11a01c3b-b388-4c45-842d-3637a0edf761_1841762855.jpeg?h=225&w=225,
282645404,Ambrosia Rice Minis 330G,https://www.tesco.com/groceries/en-GB/shop/food-cupboard/all?department=Desserts&viewAll=department&page=,£1.80,£0.55/100g,,,/groceries/en-GB/products/282645404,https://digitalcontent.api.tesco.com/v2/media/ghs/08f494b2-dc35-4fa8-a296-fc7a2b0d5610/eba3802a-b6f8-4139-91f5-4dc361c29587_888343525.jpeg?h=225&w=225,
252468818,Hartleys Sugar Free Jelly Blackcurrant 23G,https://www.tesco.com/groceries/en-GB/shop/food-cupboard/all?department=Desserts&viewAll=department&page=,£1.00,£4.35/100g,,,/groceries/en-GB/products/252468818,https://digitalcontent.api.tesco.com/v2/media/ghs/ae101b7a-5c7a-4e88-a4b6-9c1adadb51ec/8a9ccf94-d04d-4e0b-a4c4-d46aac8422bc_38343218.jpeg?h=225&w=225,
300238519,Tesco Finest 12 Meringue Shells,https://www.tesco.com/groceries/en-GB/shop/food-cupboard/all?department=Desserts&viewAll=department&page=,£1.80,£0.15/each,£1.25 Clubcard Price,,/groceries/en-GB/products/300238519,https://digitalcontent.api.tesco.com/v2/media/ghs/ec22f6ab-8537-4397-b868-caaa18a4dec2/e0e0d945-f41d-4cb9-8be5-cc04cea44da0_215394505.jpeg?h=225&w=225,
309464853,Ambrosia Deluxe Custard 400G,https://www.tesco.com/groceries/en-GB/shop/food-cupboard/all?department=Desserts&viewAll=department&page=,£1.45,£0.36/100g,,,/groceries/en-GB/products/309464853,https://digitalcontent.api.tesco.com/v2/media/ghs/70c08ec4-2496-4673-8b11-825746cd6c4c/9bf8115d-057a-4529-bc38-34e231f30e93_716386009.jpeg?h=225&w=225,
283645915,Tesco 10 Waffle Cones,https://www.tesco.com/groceries/en-GB/shop/food-cupboard/all?department=Desserts&viewAll=department&page=,£1.20,£0.12/each,,,/groceries/en-GB/products/283645915,https://digitalcontent.api.tesco.com/v2/media/ghs/56819b01-d527-4c6b-9304-624b4da0930a/7f8aaa38-ff88-47d0-af8f-ecbbd54c23c6_64689718.jpeg?h=225&w=225,
254878073,Whitworths Semolina 500G,https://www.tesco.com/groceries/en-GB/shop/food-cupboard/all?department=Desserts&viewAll=department&page=,£1.00,£0.20/100g,,,/groceries/en-GB/products/254878073,https://digitalcontent.api.tesco.com/v2/media/ghs/22fd500b-38b6-4fb2-b3fa-ef5190867613/02eefa29-fd31-4c12-a6cb-ba4df854ffde_752372023.jpeg?h=225&w=225,
258573778,Tesco Peach Pieces 4X120g,https://www.tesco.com/groceries/en-GB/shop/food-cupboard/all?department=Desserts&viewAll=department&page=,£1.75,£0.55/100g DR.WT,,,/groceries/en-GB/products/258573778,https://digitalcontent.api.tesco.com/v2/media/ghs/888e214b-612b-4288-b922-8dd85e77c066/db630f79-7d5e-4e77-a6cf-38acc467958a_152997543.jpeg?h=225&w=225,
308833516,Mr Freeze Freezepops 20X20ml,https://www.tesco.com/groceries/en-GB/shop/food-cupboard/all?department=Desserts&viewAll=department&page=,£1.00,£0.25/100ml,,,/groceries/en-GB/products/308833516,https://digitalcontent.api.tesco.com/v2/media/ghs/6190100d-7f94-404d-9c10-df41baa65833/95cd491f-4f63-4160-b0d3-6d3f83d713e0_207821535.jpeg?h=225&w=225,
285104142,Tesco Tropical Flavour Jelly Peach&Pear Pieces 4X120g,https://www.tesco.com/groceries/en-GB/shop/food-cupboard/all?department=Desserts&viewAll=department&page=,£1.75,£0.36/100g,,,/groceries/en-GB/products/285104142,https://digitalcontent.api.tesco.com/v2/media/ghs/9e1b195e-b3bd-4df3-ac32-e5a8dad7b8cd/58da06e7-a6b4-454b-b3fb-e431eca44429_840766106.jpeg?h=225&w=225,
276186011,Tesco Peach In Mango Flavoured Jelly 4X120g,https://www.tesco.com/groceries/en-GB/shop/food-cupboard/all?department=Desserts&viewAll=department&page=,£1.75,£0.36/100g,,,/groceries/en-GB/products/276186011,https://digitalcontent.api.tesco.com/v2/media/ghs/b94b7fb8-6e2a-4480-bc75-bdfdf48dacf3/89da9d41-016d-49e7-96a1-699c6fb1eb53_350745905.jpeg?h=225&w=225,
271246093,Ambrosia Creamed Macaroni 400G,https://www.tesco.com/groceries/en-GB/shop/food-cupboard/all?department=Desserts&viewAll=department&page=,£1.30,£0.32/100g,,,/groceries/en-GB/products/271246093,https://digitalcontent.api.tesco.com/v2/media/ghs/bbf3adb2-d222-42fb-8355-7a027206e626/2be17e87-3a27-4a28-ae95-f7538440ed9b_401062688.jpeg?h=225&w=225,
259834797,Askeys Cup Cornets 21'S,https://www.tesco.com/groceries/en-GB/shop/food-cupboard/all?department=Desserts&viewAll=department&page=,£1.20,£0.06/each,,,/groceries/en-GB/products/259834797,https://digitalcontent.api.tesco.com/v2/media/ghs/a83caf5a-9855-45f6-94de-4f2d87066bec/20fa9f93-b4c2-4fef-85c5-16f78543eb6d_731326474.jpeg?h=225&w=225,
311430127,Hartley's Sour Strawberry Jelly 125G,https://www.tesco.com/groceries/en-GB/shop/food-cupboard/all?department=Desserts&viewAll=department&page=,£0.80,£0.64/100g,,,/groceries/en-GB/products/311430127,https://digitalcontent.api.tesco.com/v2/media/ghs/6dc0e81c-ba7e-4d5b-a36c-b04b199b65d8/3ceae9e2-7ea6-4408-9aa6-44397a624b6e_1395292385.jpeg?h=225&w=225,
260667056,Hartley's Ready To Eat Reduced Sugar Mango & Passion Fruit Jelly 175G,https://www.tesco.com/groceries/en-GB/shop/food-cupboard/all?department=Desserts&viewAll=department&page=,£0.85,£0.49/100g,,,/groceries/en-GB/products/260667056,https://digitalcontent.api.tesco.com/v2/media/ghs/d20c3ca5-5425-47d0-8acb-4dd9210c03b9/c57a2a9d-24da-4708-87dd-cd9a4703c7b0_1974998630.jpeg?h=225&w=225,
254915928,Greens Lemon Pie Filling Mix 2 X 70G,https://www.tesco.com/groceries/en-GB/shop/food-cupboard/all?department=Desserts&viewAll=department&page=,£0.70,£0.50/100g,,,/groceries/en-GB/products/254915928,https://digitalcontent.api.tesco.com/v2/media/ghs/11adca2b-130f-448a-bad7-f89983224eb6/c3b7f79a-a7ae-4360-8750-a45db0f94b10_1481312190.jpeg?h=225&w=225,
302196419,Green's Quick Jel Red Sachet 35G,https://www.tesco.com/groceries/en-GB/shop/food-cupboard/all?department=Desserts&viewAll=department&page=,£0.50,£1.43/100g,,,/groceries/en-GB/products/302196419,https://digitalcontent.api.tesco.com/v2/media/ghs/6b6fe955-812f-49cc-9af3-559cd21a448c/a5835c3f-a787-49d9-acb6-e3da9d94ef90_574283279.jpeg?h=225&w=225,
258049553,Carnation Fat Free Condensed Milk 405G,https://www.tesco.com/groceries/en-GB/shop/food-cupboard/all?department=Desserts&viewAll=department&page=,£1.55,£3.83/kg,£1.25 Clubcard Price,,/groceries/en-GB/products/258049553,https://digitalcontent.api.tesco.com/v2/media/ghs/df333fc5-ee83-4c78-a11b-0060e942cdcd/3e09d04d-7176-419a-832e-f6b5b98f9eb9_918134339.jpeg?h=225&w=225,
297609650,Ambrosia Light Devon Custard 150G,https://www.tesco.com/groceries/en-GB/shop/food-cupboard/all?department=Desserts&viewAll=department&page=,£0.70,£0.47/100g,,,/groceries/en-GB/products/297609650,https://digitalcontent.api.tesco.com/v2/media/ghs/2046ce40-9e3e-4077-8621-b1e046fc0a8c/ccd87d04-e218-4c4b-988e-c28b8e7e6565_1271606960.jpeg?h=225&w=225,
259066536,Birds Whisk & Serve Semolina 98G Packet,https://www.tesco.com/groceries/en-GB/shop/food-cupboard/all?department=Desserts&viewAll=department&page=,£0.95,£0.97/100g,,,/groceries/en-GB/products/259066536,https://digitalcontent.api.tesco.com/v2/media/ghs/62b6d671-ba12-4d18-b631-1ce72911a4c2/346d3d85-63f1-4df1-8142-7818a3604352_345982776.jpeg?h=225&w=225,
294606630,Angel Delight Ready To Eat Butterscotch 70G,https://www.tesco.com/groceries/en-GB/shop/food-cupboard/all?department=Desserts&viewAll=department&page=,£0.70,£1.00/100g,,,/groceries/en-GB/products/294606630,https://digitalcontent.api.tesco.com/v2/media/ghs/ecf7cec2-4de8-485d-be54-e546e103b84b/7baf5895-0c87-4a21-a77d-b71cdc3e2659_1985038589.jpeg?h=225&w=225,
294606590,Angel Delight Ready To Eat Strawberry 70G,https://www.tesco.com/groceries/en-GB/shop/food-cupboard/all?department=Desserts&viewAll=department&page=,£0.70,£1.00/100g,,,/groceries/en-GB/products/294606590,https://digitalcontent.api.tesco.com/v2/media/ghs/f26948d5-7905-4884-8936-9f5d55bc8664/0b2adafd-97d1-40af-8db1-6a7b7b89ccc4_821147670.jpeg?h=225&w=225,
304407705,Dole Pineapple & Mandarins In Juice 113G,https://www.tesco.com/groceries/en-GB/shop/food-cupboard/all?department=Desserts&viewAll=department&page=,£0.55,£0.81/100g DR.WT,,,/groceries/en-GB/products/304407705,https://digitalcontent.api.tesco.com/v2/media/ghs/928d868c-6252-430b-b78c-1ba1d10dc25f/588b62cb-36d2-49ad-81a1-ef550c3f5639_1593022460.jpeg?h=225&w=225,
284743072,Tesco Finest All Butter Pastry Tartlets 8 Pack,https://www.tesco.com/groceries/en-GB/shop/food-cupboard/all?department=Desserts&viewAll=department&page=,£3.05,£1.82/100g,,,/groceries/en-GB/products/284743072,https://digitalcontent.api.tesco.com/v2/media/ghs/0916abf7-2ece-43df-b23a-b3ca04f58c30/a93ef2e5-f94f-4bca-b619-ce970885849d_166370870.jpeg?h=225&w=225,
311269707,Robinsons Real Fruit Orange Jelly Pots 4X80g,https://www.tesco.com/groceries/en-GB/shop/food-cupboard/all?department=Desserts&viewAll=department&page=,£2.40,£0.75/100g,£1.90 Clubcard Price,,/groceries/en-GB/products/311269707,https://digitalcontent.api.tesco.com/v2/media/ghs/73b772d4-a010-41bc-859e-c9750904b88b/7afd9930-488c-4c08-9570-0aff3531492c_1760941288.jpeg?h=225&w=225,
276519886,Tesco Finest Chocolate Sauce 250G,https://www.tesco.com/groceries/en-GB/shop/food-cupboard/all?department=Desserts&viewAll=department&page=,£2.90,£1.16/100g,,,/groceries/en-GB/products/276519886,https://digitalcontent.api.tesco.com/v2/media/ghs/8ef82742-5912-42eb-b34f-7ddb99de88d1/152ba6bc-6090-4add-8efa-e7e35fc3bcb8_1287996314.jpeg?h=225&w=225,
306405480,Nestle Carnation Original Drizzle 450G,https://www.tesco.com/groceries/en-GB/shop/food-cupboard/all?department=Desserts&viewAll=department&page=,£2.70,£0.60/100g,,,/groceries/en-GB/products/306405480,https://digitalcontent.api.tesco.com/v2/media/ghs/6337986d-5a7f-422a-8e1b-9d7f32b3ae81/c8fc1ebf-1b52-4c61-88c2-cb8f382f4f33_16659248.jpeg?h=225&w=225,
311250746,Robinsons Real Fruit Orange No Added Sugar Jelly 4X80g,https://www.tesco.com/groceries/en-GB/shop/food-cupboard/all?department=Desserts&viewAll=department&page=,£3.00,£0.94/100g,£2.50 Clubcard Price,,/groceries/en-GB/products/311250746,https://digitalcontent.api.tesco.com/v2/media/ghs/86424cf0-8506-4b35-828e-e65f4f15343b/8f0cd824-18ae-4560-bd48-0f2e01168e7e_2107217557.jpeg?h=225&w=225,
311668425,Robinsons Real Apple & Blackcurrant No Added Sugar Jelly 4X80g,https://www.tesco.com/groceries/en-GB/shop/food-cupboard/all?department=Desserts&viewAll=department&page=,£3.00,£0.94/100g,£2.50 Clubcard Price,,/groceries/en-GB/products/311668425,https://digitalcontent.api.tesco.com/v2/media/ghs/ec67f832-e0df-4169-b31e-65ee236a8dd7/8c399aa2-079b-4694-9d00-e56370c2f76b_1267107483.jpeg?h=225&w=225,
311936287,Snickers Dessert Sauce 270G,https://www.tesco.com/groceries/en-GB/shop/food-cupboard/all?department=Desserts&viewAll=department&page=,£2.00,£0.74/100g,,,/groceries/en-GB/products/311936287,https://digitalcontent.api.tesco.com/v2/media/ghs/36e8ce17-28bb-47c0-bfaf-3804e6624c76/7395881b-3097-40b7-bc68-f4f5cae70a65_2037360363.jpeg?h=225&w=225,
311940356,Mars Dessert Sauce 300G,https://www.tesco.com/groceries/en-GB/shop/food-cupboard/all?department=Desserts&viewAll=department&page=,£2.00,£0.67/100g,,,/groceries/en-GB/products/311940356,https://digitalcontent.api.tesco.com/v2/media/ghs/3712ad25-8f45-42fd-b172-90d41f55340d/65cef0ea-0477-4468-b4f6-6c2e8f571f31_552514330.jpeg?h=225&w=225,
308114659,Askeys Pink Waffle Cones 10 Pack,https://www.tesco.com/groceries/en-GB/shop/food-cupboard/all?department=Desserts&viewAll=department&page=,£2.00,£0.20/each,,,/groceries/en-GB/products/308114659,https://digitalcontent.api.tesco.com/v2/media/ghs/4d7c1888-a38b-4e6e-8858-89198dcff786/11e4eb09-1485-403e-923e-512a4a1a8515_531142288.jpeg?h=225&w=225,
311946540,Robinsons Apple & Blackcurrant Jelly Pot 4X80g,https://www.tesco.com/groceries/en-GB/shop/food-cupboard/all?department=Desserts&viewAll=department&page=,£2.40,£0.75/100g,£1.90 Clubcard Price,,/groceries/en-GB/products/311946540,https://digitalcontent.api.tesco.com/v2/media/ghs/a757bf47-d01f-487c-bd6d-9a10e963cceb/32003e89-d5b1-469b-8aaa-87f5741756de_2056373517.jpeg?h=225&w=225,
275969515,Tesco Finest All Buttermini Tartlets 9S 90G,https://www.tesco.com/groceries/en-GB/shop/food-cupboard/all?department=Desserts&viewAll=department&page=,£2.00,£2.23/100g,,,/groceries/en-GB/products/275969515,https://digitalcontent.api.tesco.com/v2/media/ghs/e82f98d6-2d5d-4cdf-9747-8647237bb4ff/8a1e3824-7ad9-4bca-822d-d40966ba2058_770858847.jpeg?h=225&w=225,
282011636,Carousel Oyster Delights 6S,https://www.tesco.com/groceries/en-GB/shop/food-cupboard/all?department=Desserts&viewAll=department&page=,£1.80,£0.30/each,,,/groceries/en-GB/products/282011636,https://digitalcontent.api.tesco.com/v2/media/ghs/7122fed4-9a99-48eb-ad7d-29b192394fd9/fb67915b-7cda-4025-8594-e1859e8e1862_1024280865.jpeg?h=225&w=225,
286787609,Carousel Nougat Wafers 6 Pack,https://www.tesco.com/groceries/en-GB/shop/food-cupboard/all?department=Desserts&viewAll=department&page=,£1.70,£0.28/each,,,/groceries/en-GB/products/286787609,https://digitalcontent.api.tesco.com/v2/media/ghs/b39e61f8-a067-4832-a141-f9db42ebd517/b20884cf-2532-4683-9948-510831a0756e_213352857.jpeg?h=225&w=225,
309469364,Judes Belgian Chocolate Custard 500G,https://www.tesco.com/groceries/en-GB/shop/food-cupboard/all?department=Desserts&viewAll=department&page=,£2.25,£0.45/100g,£1.50 Clubcard Price,,/groceries/en-GB/products/309469364,https://digitalcontent.api.tesco.com/v2/media/ghs/6048b3d7-71ed-4596-9cab-2ffc743407ed/b778f995-8a98-48d7-b621-cad9d7f6f3dd_1982275176.jpeg?h=225&w=225,
261048135,Greens Classic Carmelle Dessert Mix 70G,https://www.tesco.com/groceries/en-GB/shop/food-cupboard/all?department=Desserts&viewAll=department&page=,£0.80,£1.15/100g,,,/groceries/en-GB/products/261048135,https://digitalcontent.api.tesco.com/v2/media/ghs/8a638de8-fb1a-4a30-9031-5638c3b94d60/2a2b9a18-f4cb-4a73-b7f8-734d6a1685da_978987773.jpeg?h=225&w=225,
300412941,Ambrosia Devon Custard Pot 400G,https://www.tesco.com/groceries/en-GB/shop/food-cupboard/all?department=Desserts&viewAll=department&page=,£1.70,£0.42/100g,,,/groceries/en-GB/products/300412941,https://digitalcontent.api.tesco.com/v2/media/ghs/40871fca-7dfe-4d61-81bb-cc689f8fa1b2/005f5b81-c6cc-4fbf-8107-16bab5a06499_2097735807.jpeg?h=225&w=225,
307332650,Carnation Vegan Condensed Milk Alternative 370G,https://www.tesco.com/groceries/en-GB/shop/food-cupboard/all?department=Desserts&viewAll=department&page=,£2.40,£6.49/kg,,,/groceries/en-GB/products/307332650,https://digitalcontent.api.tesco.com/v2/media/ghs/dac92ef1-f4cf-4948-9fc3-7800d977bc21/d3f0990f-656a-426f-bf6d-ddcc9a051cba_1930165077.jpeg?h=225&w=225,
309455328,Judes Madagascan Vanilla Custard 500G,https://www.tesco.com/groceries/en-GB/shop/food-cupboard/all?department=Desserts&viewAll=department&page=,£2.25,£0.45/100g,£1.50 Clubcard Price,,/groceries/en-GB/products/309455328,https://digitalcontent.api.tesco.com/v2/media/ghs/ea804ee3-1ddd-4fbf-bd3a-935e6e34c326/fb5340ca-386f-4628-b96c-13a69b81fd82_1134073176.jpeg?h=225&w=225,
292559860,Urban Fruit Snack Pack Strawberry 35G,https://www.tesco.com/groceries/en-GB/shop/food-cupboard/all?department=Desserts&viewAll=department&page=,£1.00,£2.86/100g,"£3.40 Meal Deal Clubcard Price £3.90 Meal Deal Regular Price - Selected Drink, Snack, Wrap, Sandwich, Roll, Pasty Or Salad",,/groceries/en-GB/products/292559860,https://digitalcontent.api.tesco.com/v2/media/ghs/23238c7a-8ee5-4ea3-9c89-0a2ed9e412ea/391364f5-b3e6-4670-933d-b071b35c06ae_1639921989.jpeg?h=225&w=225,
296161701,Tesco Dipped Waffle Cones 6 Pack,https://www.tesco.com/groceries/en-GB/shop/food-cupboard/all?department=Desserts&viewAll=department&page=,£1.45,£0.24/each,,,/groceries/en-GB/products/296161701,https://digitalcontent.api.tesco.com/v2/media/ghs/392c6f6d-2d73-48fe-8af6-c6ed79373152/905e9c8e-4db6-412e-af4d-9bdfabb5a94f_1083373932.jpeg?h=225&w=225,
252528831,Silver Spoon Icing Sugar 1Kg,https://www.tesco.com/groceries/en-GB/shop/food-cupboard/all?department=Home%20Baking%20%26%20Sugar&viewAll=department&page=,£2.10,£2.10/kg,,,/groceries/en-GB/products/252528831,https://digitalcontent.api.tesco.com/v2/media/ghs/8f1e051c-aef2-4d19-bc45-1ca159b28481/fdf4ef4b-d0c9-4667-867c-2cc314bc3595_1684271394.jpeg?h=225&w=225,
254917483,Tesco Light Soft Brown Sugar 500G,https://www.tesco.com/groceries/en-GB/shop/food-cupboard/all?department=Home%20Baking%20%26%20Sugar&viewAll=department&page=,£1.55,£3.10/kg,,,/groceries/en-GB/products/254917483,https://digitalcontent.api.tesco.com/v2/media/ghs/f1bb0e10-014b-447f-910c-7003c895e54a/86153c21-81f4-4bfb-a266-fed876053064_898048227.jpeg?h=225&w=225,
254915329,Tesco Dried Mixed Fruit 500G,https://www.tesco.com/groceries/en-GB/shop/food-cupboard/all?department=Home%20Baking%20%26%20Sugar&viewAll=department&page=,£1.70,£3.40/kg,Any 2 for £3.20 Clubcard Price - Selected Tesco Dried Fruits 500g,,/groceries/en-GB/products/254915329,https://digitalcontent.api.tesco.com/v2/media/ghs/7766ec03-b16e-46d3-a5ed-2f9dce5ad739/46ccb740-0ae7-4900-9898-56c59189482b_1135221097.jpeg?h=225&w=225,
254917477,Tesco Dark Soft Brown Sugar 500G,https://www.tesco.com/groceries/en-GB/shop/food-cupboard/all?department=Home%20Baking%20%26%20Sugar&viewAll=department&page=,£1.55,£3.10/kg,,,/groceries/en-GB/products/254917477,https://digitalcontent.api.tesco.com/v2/media/ghs/bc447250-4764-4bda-a8ad-09045ec6f0f2/63a1d0a4-07b5-495f-9a9f-d0daa4873b7c_2131301835.jpeg?h=225&w=225,
254890316,Cadbury Hot Chocolate Cocoa Powder 500G,https://www.tesco.com/groceries/en-GB/shop/food-cupboard/all?department=Home%20Baking%20%26%20Sugar&viewAll=department&page=,£3.00,£0.60/100g,,,/groceries/en-GB/products/254890316,https://digitalcontent.api.tesco.com/v2/media/ghs/57d051d2-c073-4125-b0a3-7498f77a4eff/380ed3a3-c585-4a41-89a3-536f625138c9_1953857516.jpeg?h=225&w=225,
259169069,Tesco Sultanas 500G,https://www.tesco.com/groceries/en-GB/shop/food-cupboard/all?department=Home%20Baking%20%26%20Sugar&viewAll=department&page=,£1.80,£3.60/kg,Any 2 for £3.20 Clubcard Price - Selected Tesco Dried Fruits 500g,,/groceries/en-GB/products/259169069,https://digitalcontent.api.tesco.com/v2/media/ghs/2c0b8096-f437-462e-aba4-aba2ffbfd955/58449cd4-5a4a-4a5b-ab85-90070c037b0b_2024922141.jpeg?h=225&w=225,
301965329,Silver Spoon Caster Sugar 1Kg,https://www.tesco.com/groceries/en-GB/shop/food-cupboard/all?department=Home%20Baking%20%26%20Sugar&viewAll=department&page=,£1.70,£1.70/kg,,,/groceries/en-GB/products/301965329,https://digitalcontent.api.tesco.com/v2/media/ghs/c79007d1-5769-49bd-a156-a62e963407fd/f0bf3f7f-b67a-4668-b977-026fabda07d0_2136357539.jpeg?h=225&w=225,
254915364,Tesco Seedless Raisins 500G,https://www.tesco.com/groceries/en-GB/shop/food-cupboard/all?department=Home%20Baking%20%26%20Sugar&viewAll=department&page=,£1.80,£3.60/kg,Any 2 for £3.20 Clubcard Price - Selected Tesco Dried Fruits 500g,,/groceries/en-GB/products/254915364,https://digitalcontent.api.tesco.com/v2/media/ghs/cff6c196-763f-44eb-bb7e-b8b8852a360a/ca6393a2-18e6-431e-bc11-1b053d7786bf_372520981.jpeg?h=225&w=225,
254914584,Tesco Marzipan 500G,https://www.tesco.com/groceries/en-GB/shop/food-cupboard/all?department=Home%20Baking%20%26%20Sugar&viewAll=department&page=,£2.05,£0.41/100g,,,/groceries/en-GB/products/254914584,https://digitalcontent.api.tesco.com/v2/media/ghs/974618e0-7e14-4f5d-8df0-40cb0e428a44/df772ebc-85a4-4968-9349-347916805807_1463744672.jpeg?h=225&w=225,
255075791,Homepride Self Raising Flour 1Kg,https://www.tesco.com/groceries/en-GB/shop/food-cupboard/all?department=Home%20Baking%20%26%20Sugar&viewAll=department&page=,£1.90,£1.90/kg,,,/groceries/en-GB/products/255075791,https://digitalcontent.api.tesco.com/v2/media/ghs/bef07b2b-7e5f-421f-9326-17ba9aa17b28/ffd42052-8f02-40ac-93af-9f6c9a4ba963_836808262.jpeg?h=225&w=225,
255076035,Homepride Plain Flour 1Kg,https://www.tesco.com/groceries/en-GB/shop/food-cupboard/all?department=Home%20Baking%20%26%20Sugar&viewAll=department&page=,£1.90,£1.90/kg,,,/groceries/en-GB/products/255076035,https://digitalcontent.api.tesco.com/v2/media/ghs/8eabad49-3af6-423e-8555-a3213998d81c/99b71af0-1a9e-4457-a4d1-c080cb753435_2003912530.jpeg?h=225&w=225,
254915306,Tesco Currants 500G,https://www.tesco.com/groceries/en-GB/shop/food-cupboard/all?department=Home%20Baking%20%26%20Sugar&viewAll=department&page=,£1.80,£3.60/kg,Any 2 for £3.20 Clubcard Price - Selected Tesco Dried Fruits 500g,,/groceries/en-GB/products/254915306,https://digitalcontent.api.tesco.com/v2/media/ghs/cefcd41e-fd80-49a4-be9b-7f653bd1bff6/8337f198-b86e-446e-8173-832a107f4223_202537856.jpeg?h=225&w=225,
254851421,Lyles Golden Syrup 454G,https://www.tesco.com/groceries/en-GB/shop/food-cupboard/all?department=Home%20Baking%20%26%20Sugar&viewAll=department&page=,£1.55,£0.34/100g,,,/groceries/en-GB/products/254851421,https://digitalcontent.api.tesco.com/v2/media/ghs/3db368ef-ab6e-479e-bf7f-4e7d80e5186a/5b260450-3249-4bdf-8e05-fd0c786aeafe_810436033.jpeg?h=225&w=225,
293702580,Tesco Glace Cherry Halves 200G,https://www.tesco.com/groceries/en-GB/shop/food-cupboard/all?department=Home%20Baking%20%26%20Sugar&viewAll=department&page=,£1.65,£8.25/kg,,,/groceries/en-GB/products/293702580,https://digitalcontent.api.tesco.com/v2/media/ghs/9c5725d6-4b43-4557-a56a-ae962e56606e/3d026731-75db-499a-84b4-7f90cdeca41c_1176581768.jpeg?h=225&w=225,
278236013,Tesco Dark Chocolate Chips 100G,https://www.tesco.com/groceries/en-GB/shop/food-cupboard/all?department=Home%20Baking%20%26%20Sugar&viewAll=department&page=,£0.90,£0.90/100g,,,/groceries/en-GB/products/278236013,https://digitalcontent.api.tesco.com/v2/media/ghs/40d74e34-0326-42f3-bca5-734f61f01348/c7b3de5c-0868-4862-9a7f-68caa5e1e5b0_223304685.jpeg?h=225&w=225,
254917932,Tesco Strong White Bread Flour 1.5Kg,https://www.tesco.com/groceries/en-GB/shop/food-cupboard/all?department=Home%20Baking%20%26%20Sugar&viewAll=department&page=,£1.30,£0.87/kg,,,/groceries/en-GB/products/254917932,https://digitalcontent.api.tesco.com/v2/media/ghs/5c775a24-73ec-4c88-a225-03c6a8d1b8ba/fd6f13e7-5eb3-42ff-ab52-ece9940ffa23_212282910.jpeg?h=225&w=225,
304381175,Tesco White Mini Marshmallows 100G,https://www.tesco.com/groceries/en-GB/shop/food-cupboard/all?department=Home%20Baking%20%26%20Sugar&viewAll=department&page=,£1.00,£1.00/100g,,,/groceries/en-GB/products/304381175,https://digitalcontent.api.tesco.com/v2/media/ghs/1adf4c18-9232-45b4-bd61-6a695b956590/snapshotimagehandler_1343627767.jpeg?h=225&w=225,
254915940,Tesco Mincemeat 411G,https://www.tesco.com/groceries/en-GB/shop/food-cupboard/all?department=Home%20Baking%20%26%20Sugar&viewAll=department&page=,£1.65,£4.02/kg,£1.25 Clubcard Price,,/groceries/en-GB/products/254915940,https://digitalcontent.api.tesco.com/v2/media/ghs/e97f6c3d-68d3-48be-8147-68f3f2ca925c/8e5ef110-4765-4616-aae3-117dc0a27663_859353736.jpeg?h=225&w=225,
254890627,Cadbury Instant Hot Chocolate Cocoa Powder 400G,https://www.tesco.com/groceries/en-GB/shop/food-cupboard/all?department=Home%20Baking%20%26%20Sugar&viewAll=department&page=,£2.50,£0.62/100g,£2.00 Clubcard Price,,/groceries/en-GB/products/254890627,https://digitalcontent.api.tesco.com/v2/media/ghs/2f197a1d-ec17-4373-bf5a-52207ac403ce/54bb712f-4417-46c1-9599-a565b1562f76_974429548.jpeg?h=225&w=225,
278838015,Tesco Pink & White Marshmallows 100G,https://www.tesco.com/groceries/en-GB/shop/food-cupboard/all?department=Home%20Baking%20%26%20Sugar&viewAll=department&page=,£1.00,£1.00/100g,,,/groceries/en-GB/products/278838015,https://digitalcontent.api.tesco.com/v2/media/ghs/ec9be336-ad49-4a27-8d4e-83109b4678bb/c6187b9c-781d-47b9-811c-a624c9e3446e_1685372954.jpeg?h=225&w=225,
278235814,Tesco White Chocolate Chips 100G,https://www.tesco.com/groceries/en-GB/shop/food-cupboard/all?department=Home%20Baking%20%26%20Sugar&viewAll=department&page=,£0.90,£0.90/100g,,,/groceries/en-GB/products/278235814,https://digitalcontent.api.tesco.com/v2/media/ghs/9e746156-18ef-4d7c-ac2c-2ebbf8120cc9/a1f82d1e-9372-435e-a42a-aee1b1621c41_762784059.jpeg?h=225&w=225,
278244694,Tesco Milk Chocolate Chips 100G,https://www.tesco.com/groceries/en-GB/shop/food-cupboard/all?department=Home%20Baking%20%26%20Sugar&viewAll=department&page=,£0.90,£0.90/100g,,,/groceries/en-GB/products/278244694,https://digitalcontent.api.tesco.com/v2/media/ghs/4696c924-de36-4d34-b56a-1a22388c7c96/08de14da-2aca-4063-b07e-8d2a64287c66_532660864.jpeg?h=225&w=225,
287206934,Silver Spoon Granulated Sugar 5Kg,https://www.tesco.com/groceries/en-GB/shop/food-cupboard/all?department=Home%20Baking%20%26%20Sugar&viewAll=department&page=,£3.20,£0.64/kg,,,/groceries/en-GB/products/287206934,https://digitalcontent.api.tesco.com/v2/media/ghs/f4eb8bf0-3cc0-4fee-953c-8e0f03e175b2/1d1c2451-6ff3-4334-bf35-2df41c8921b3_2043869689.jpeg?h=225&w=225,
258520070,Tesco Milk Cooking Chocolate 150G,https://www.tesco.com/groceries/en-GB/shop/food-cupboard/all?department=Home%20Baking%20%26%20Sugar&viewAll=department&page=,£1.00,£0.67/100g,,,/groceries/en-GB/products/258520070,https://digitalcontent.api.tesco.com/v2/media/ghs/7234fc03-e265-42dd-8b09-ad0d065dc262/062aa1b2-d1e7-438f-892b-e9172022825c_1855103925.jpeg?h=225&w=225,
261013885,Tesco Dumplings Mix 137G,https://www.tesco.com/groceries/en-GB/shop/food-cupboard/all?department=Home%20Baking%20%26%20Sugar&viewAll=department&page=,£0.75,£5.48/kg,,,/groceries/en-GB/products/261013885,https://digitalcontent.api.tesco.com/v2/media/ghs/93b0ea12-ec75-45c7-b132-66945c6f2ed1/c3905044-7685-4bb1-9475-1ba0f043ecf1_1990972355.jpeg?h=225&w=225,
303668040,Tesco Golden Syrup 680G,https://www.tesco.com/groceries/en-GB/shop/food-cupboard/all?department=Home%20Baking%20%26%20Sugar&viewAll=department&page=,£1.35,£0.20/100g,,,/groceries/en-GB/products/303668040,https://digitalcontent.api.tesco.com/v2/media/ghs/8c74b38e-6b69-4460-b868-4e2e2ee24a95/c6e7b9e0-85d5-41a7-b9b1-59207dd26477_539395604.jpeg?h=225&w=225,
255547279,Tesco Lemon Juice 500Ml,https://www.tesco.com/groceries/en-GB/shop/food-cupboard/all?department=Home%20Baking%20%26%20Sugar&viewAll=department&page=,£1.10,£0.22/100ml,,,/groceries/en-GB/products/255547279,https://digitalcontent.api.tesco.com/v2/media/ghs/e6181689-9a97-4fbd-a9eb-f1b039855e7d/1293440a-7894-4b5b-9f07-08559b4a42c7_1883070552.jpeg?h=225&w=225,
254902431,Carnation Evaporated Milk 170G,https://www.tesco.com/groceries/en-GB/shop/food-cupboard/all?department=Home%20Baking%20%26%20Sugar&viewAll=department&page=,£0.75,£4.42/kg,,,/groceries/en-GB/products/254902431,https://digitalcontent.api.tesco.com/v2/media/ghs/63775754-789b-4e0a-a4a7-ddb468ca03b0/b1839f62-3039-43db-97c7-914495d4cf9a_1524911913.jpeg?h=225&w=225,
303003136,Atora Beef Suet 240G,https://www.tesco.com/groceries/en-GB/shop/food-cupboard/all?department=Home%20Baking%20%26%20Sugar&viewAll=department&page=,£1.90,£7.92/kg,,,/groceries/en-GB/products/303003136,https://digitalcontent.api.tesco.com/v2/media/ghs/8d71ede2-40ca-4783-a189-cab5301eb94c/4267a765-34ea-44a5-930b-a2b96bfceacf_1055409821.jpeg?h=225&w=225,
252528422,Granulated Sugar 1Kg,https://www.tesco.com/groceries/en-GB/shop/food-cupboard/all?department=Home%20Baking%20%26%20Sugar&viewAll=department&page=,£0.85,£0.85/kg,Aldi Price Match,,/groceries/en-GB/products/252528422,https://digitalcontent.api.tesco.com/v2/media/ghs/15f2019d-66aa-46c3-befe-fdd00228237d/bf23bbaf-c8d5-4d8b-a58c-48536c0d7bec_1021989289.jpeg?h=225&w=225,
252528508,Silver Spoon Granulated Sugar 2Kg,https://www.tesco.com/groceries/en-GB/shop/food-cupboard/all?department=Home%20Baking%20%26%20Sugar&viewAll=department&page=,£1.25,£0.62/kg,,,/groceries/en-GB/products/252528508,https://digitalcontent.api.tesco.com/v2/media/ghs/13bdbed6-1101-4b96-875e-0362829b7a88/3da30812-cb0a-48b8-b09a-9f900ba90681_1933941257.jpeg?h=225&w=225,
250428970,Tesco Ingredient Lemon Juice 250Ml,https://www.tesco.com/groceries/en-GB/shop/food-cupboard/all?department=Home%20Baking%20%26%20Sugar&viewAll=department&page=,£0.65,£0.26/100ml,,,/groceries/en-GB/products/250428970,https://digitalcontent.api.tesco.com/v2/media/ghs/b8b1c65d-0402-4e47-8830-5890356939f2/4961696d-fc07-4fb0-b079-ae059c034bea_1068807129.jpeg?h=225&w=225,
299772320,Grower's Harvest Sultanas 500G,https://www.tesco.com/groceries/en-GB/shop/food-cupboard/all?department=Home%20Baking%20%26%20Sugar&viewAll=department&page=,£0.99,£1.98/kg,Aldi Price Match,,/groceries/en-GB/products/299772320,https://digitalcontent.api.tesco.com/v2/media/ghs/6d64b30b-8537-43af-8b18-67388957c331/fc44e187-8c7a-4ed2-9465-3747f9edb8bc_1923627761.jpeg?h=225&w=225,
288716611,Tesco Sweetened Condensed Milk 397G,https://www.tesco.com/groceries/en-GB/shop/food-cupboard/all?department=Home%20Baking%20%26%20Sugar&viewAll=department&page=,£0.89,£2.25/kg,Aldi Price Match,,/groceries/en-GB/products/288716611,https://digitalcontent.api.tesco.com/v2/media/ghs/c3722a86-da2c-4a8e-9221-c1dff1e12deb/ae131e0b-4026-4610-8473-455c41122474_74113037.jpeg?h=225&w=225,
254917828,Tesco Plain Flour 1.5Kg,https://www.tesco.com/groceries/en-GB/shop/food-cupboard/all?department=Home%20Baking%20%26%20Sugar&viewAll=department&page=,£0.80,£0.53/kg,,,/groceries/en-GB/products/254917828,https://digitalcontent.api.tesco.com/v2/media/ghs/79b5b96e-f507-489c-9b7c-db223330c615/087c51d2-05a0-40e1-b283-29019543f372_1951644243.jpeg?h=225&w=225,
254917759,Tesco Self Raising Flour 1.5Kg,https://www.tesco.com/groceries/en-GB/shop/food-cupboard/all?department=Home%20Baking%20%26%20Sugar&viewAll=department&page=,£0.80,£0.53/kg,,,/groceries/en-GB/products/254917759,https://digitalcontent.api.tesco.com/v2/media/ghs/f45c5b9d-4351-4fbe-ac4b-0d5df621b0db/15d7cba8-71a8-4265-8caa-8e32f7f0a716_694674925.jpeg?h=225&w=225,
309476129,Stockwell & Co. Baking Powder 150G,https://www.tesco.com/groceries/en-GB/shop/food-cupboard/all?department=Home%20Baking%20%26%20Sugar&viewAll=department&page=,£0.52,£0.35/100g,Aldi Price Match,,/groceries/en-GB/products/309476129,https://digitalcontent.api.tesco.com/v2/media/ghs/930b1e5f-7bd1-4bc9-95ad-103185683325/7253c855-09d7-4563-a4d3-76dcca3c7f9b_1811919013.jpeg?h=225&w=225,
299623681,Stockwell & Co. Plain Flour 1.5Kg,https://www.tesco.com/groceries/en-GB/shop/food-cupboard/all?department=Home%20Baking%20%26%20Sugar&viewAll=department&page=,£0.58,£0.39/kg,Aldi Price Match,,/groceries/en-GB/products/299623681,https://digitalcontent.api.tesco.com/v2/media/ghs/4cfea497-5441-4b8d-a618-cd73d6a8092d/53fe0a25-0d54-4c71-b817-5160b0dfc7a9_1694713304.jpeg?h=225&w=225,
299623646,Stockwell & Co. Self Raising Flour 1.5Kg,https://www.tesco.com/groceries/en-GB/shop/food-cupboard/all?department=Home%20Baking%20%26%20Sugar&viewAll=department&page=,£0.58,£0.39/kg,Aldi Price Match,,/groceries/en-GB/products/299623646,https://digitalcontent.api.tesco.com/v2/media/ghs/4c7097b4-16bf-4fa4-9650-99b46f866bf2/687831a4-2d4f-4225-b3de-e79b1ba9d364_200201029.jpeg?h=225&w=225,
256909870,Tesco Evaporated Milk 410G,https://www.tesco.com/groceries/en-GB/shop/food-cupboard/all?department=Home%20Baking%20%26%20Sugar&viewAll=department&page=,£0.55,£1.35/kg,Aldi Price Match,,/groceries/en-GB/products/256909870,https://digitalcontent.api.tesco.com/v2/media/ghs/fb5241b3-f6c4-4ef7-9fde-82f8c1b9e75e/af92a847-e45a-4524-8403-815549d348c8_229433837.jpeg?h=225&w=225,
287281843,Silver Spoon Caster Sugar 2Kg,https://www.tesco.com/groceries/en-GB/shop/food-cupboard/all?department=Home%20Baking%20%26%20Sugar&viewAll=department&page=,£3.80,£1.90/kg,,,/groceries/en-GB/products/287281843,https://digitalcontent.api.tesco.com/v2/media/ghs/044b0ad1-ab09-4fa2-97fd-b517be88bc3a/859f5ff8-356c-40bf-8800-3af6f003bf0b_411115715.jpeg?h=225&w=225,
312559582,Tesco Ground Almonds 250G,https://www.tesco.com/groceries/en-GB/shop/food-cupboard/all?department=Home%20Baking%20%26%20Sugar&viewAll=department&page=,£3.50,£14.00/kg,,,/groceries/en-GB/products/312559582,https://digitalcontent.api.tesco.com/v2/media/ghs/5b590586-4ea1-4126-b9bf-ddf7f1392d04/1a23288e-f35d-49c7-a5cc-6ca772802520_10561500.jpeg?h=225&w=225,
259291597,Billingtons Demerara Sugar 1Kg,https://www.tesco.com/groceries/en-GB/shop/food-cupboard/all?department=Home%20Baking%20%26%20Sugar&viewAll=department&page=,£2.75,£2.75/kg,,,/groceries/en-GB/products/259291597,https://digitalcontent.api.tesco.com/v2/media/ghs/d17f27bc-ffdb-48ca-b657-4ffc315c9663/44d271f3-f6b1-4b4c-be55-afdf79ada912_128969415.jpeg?h=225&w=225,
256783233,Allinson Strong White Bread Flour 1.5Kg,https://www.tesco.com/groceries/en-GB/shop/food-cupboard/all?department=Home%20Baking%20%26%20Sugar&viewAll=department&page=,£2.40,£1.60/kg,,,/groceries/en-GB/products/256783233,https://digitalcontent.api.tesco.com/v2/media/ghs/3c50730d-96a6-4154-86fa-76f704690f83/5bf675c5-1545-49d5-a967-71f3048a9aa6_209275889.jpeg?h=225&w=225,
255089008,Tesco Golden Caster 1Kg Bag,https://www.tesco.com/groceries/en-GB/shop/food-cupboard/all?department=Home%20Baking%20%26%20Sugar&viewAll=department&page=,£2.55,£2.55/kg,,,/groceries/en-GB/products/255089008,https://digitalcontent.api.tesco.com/v2/media/ghs/88e243eb-bfb6-4182-8862-ddab8ef99c72/7131f1c9-8dbd-47d6-a184-92bc4617f4c3_2046418461.jpeg?h=225&w=225,
250535520,Tesco Ready To Roll Fondant Icing 1Kg,https://www.tesco.com/groceries/en-GB/shop/food-cupboard/all?department=Home%20Baking%20%26%20Sugar&viewAll=department&page=,£2.00,£0.20/100g,,,/groceries/en-GB/products/250535520,https://digitalcontent.api.tesco.com/v2/media/ghs/4cdddb50-4189-4218-8384-751cb9b0c334/5b9086c8-1680-4aec-92af-9f892e5158c1_300612321.jpeg?h=225&w=225,
255524836,Silver Spoon Half Spoon Sugar 1Kg,https://www.tesco.com/groceries/en-GB/shop/food-cupboard/all?department=Home%20Baking%20%26%20Sugar&viewAll=department&page=,£2.50,£2.50/kg,,,/groceries/en-GB/products/255524836,https://digitalcontent.api.tesco.com/v2/media/ghs/d36d235a-3681-453a-aa16-22dca18f7017/fbac0b29-6cdc-4cd7-82a2-78cb023f6fff_1460022182.jpeg?h=225&w=225,
254917172,Tesco Demerara Sugar 1Kg,https://www.tesco.com/groceries/en-GB/shop/food-cupboard/all?department=Home%20Baking%20%26%20Sugar&viewAll=department&page=,£2.15,£2.15/kg,,,/groceries/en-GB/products/254917172,https://digitalcontent.api.tesco.com/v2/media/ghs/23a06958-ade3-4d77-b572-bccbf628f63d/b76ab1d8-2d83-443c-ba65-0dec025a3efe_646695410.jpeg?h=225&w=225,
254917114,Tesco Golden Granulated Sugar 1Kg,https://www.tesco.com/groceries/en-GB/shop/food-cupboard/all?department=Home%20Baking%20%26%20Sugar&viewAll=department&page=,£2.20,£2.20/kg,,,/groceries/en-GB/products/254917114,https://digitalcontent.api.tesco.com/v2/media/ghs/1cf3087b-9e3c-4ba4-bbf5-238d16b68bfd/46fb7b3e-807a-4540-acd4-2a723a993dc9_1161861802.jpeg?h=225&w=225,
313514985,Brown & Polson Cornflour 500G,https://www.tesco.com/groceries/en-GB/shop/food-cupboard/all?department=Home%20Baking%20%26%20Sugar&viewAll=department&page=,£2.75,£5.50/kg,,New,/groceries/en-GB/products/313514985,https://digitalcontent.api.tesco.com/v2/media/ghs/dfd0470e-ec8c-4b08-9b7c-aac99a5c1640/f4e31280-f982-4dbc-87b5-e018cd03dafb_956356099.jpeg?h=225&w=225,
273883901,Billingtons Dark Muscovado 500G,https://www.tesco.com/groceries/en-GB/shop/food-cupboard/all?department=Home%20Baking%20%26%20Sugar&viewAll=department&page=,£1.70,£3.40/kg,,,/groceries/en-GB/products/273883901,https://digitalcontent.api.tesco.com/v2/media/ghs/b0535bdb-b9d9-4a54-b237-6f6545423e1c/e0e5bed1-bf7e-4044-a311-989f102eefce_457477250.jpeg?h=225&w=225,
254914365,Tesco Whole Blanched Almonds 100G,https://www.tesco.com/groceries/en-GB/shop/food-cupboard/all?department=Home%20Baking%20%26%20Sugar&viewAll=department&page=,£1.60,£16.00/kg,,,/groceries/en-GB/products/254914365,https://digitalcontent.api.tesco.com/v2/media/ghs/5ef33695-3ed3-4977-9c18-91673dcfea79/803a0eed-900d-4761-9a73-7e26330babd5_1535105257.jpeg?h=225&w=225,
254915145,Silver Spoon Royal Icing Sugar 500G,https://www.tesco.com/groceries/en-GB/shop/food-cupboard/all?department=Home%20Baking%20%26%20Sugar&viewAll=department&page=,£1.40,£2.80/kg,,,/groceries/en-GB/products/254915145,https://digitalcontent.api.tesco.com/v2/media/ghs/1a4db558-f5c8-416f-b80e-8d1ae9852127/ecb6ce4b-8da8-4e23-8030-001c8729bcbc_779814720.jpeg?h=225&w=225,
265869171,Tesco Pizza Base Mix 145G,https://www.tesco.com/groceries/en-GB/shop/food-cupboard/all?department=Home%20Baking%20%26%20Sugar&viewAll=department&page=,£0.90,£6.21/kg,,,/groceries/en-GB/products/265869171,https://digitalcontent.api.tesco.com/v2/media/ghs/c7309e6f-51df-4d51-950d-7291d689f5bd/193c88e2-c6d0-4197-87d1-adbd7925774a_491478736.jpeg?h=225&w=225,
273884278,Billingtons Light Muscovado 500G,https://www.tesco.com/groceries/en-GB/shop/food-cupboard/all?department=Home%20Baking%20%26%20Sugar&viewAll=department&page=,£1.80,£3.60/kg,,,/groceries/en-GB/products/273884278,https://digitalcontent.api.tesco.com/v2/media/ghs/5172ef0f-19ce-49e1-87db-0bd163c0d8dc/f4872fbb-a332-4036-b1d5-6c066d0b56f4_562105586.jpeg?h=225&w=225,
254914590,Tesco Ready To Roll Golden Marzipan 500G,https://www.tesco.com/groceries/en-GB/shop/food-cupboard/all?department=Home%20Baking%20%26%20Sugar&viewAll=department&page=,£2.05,£0.41/100g,,,/groceries/en-GB/products/254914590,https://digitalcontent.api.tesco.com/v2/media/ghs/79ecd571-7e87-4201-b1dd-ddb1348e3ef4/85b19373-64b7-476e-8edf-972f090d429a_1201153004.jpeg?h=225&w=225,
254998702,Tesco Toasted Flaked Almonds 100G,https://www.tesco.com/groceries/en-GB/shop/food-cupboard/all?department=Home%20Baking%20%26%20Sugar&viewAll=department&page=,£1.60,£16.00/kg,,,/groceries/en-GB/products/254998702,https://digitalcontent.api.tesco.com/v2/media/ghs/67860e6c-d724-4e45-9fbf-cefcbe5d2ad1/e38d0162-fae7-40c8-aedc-657fd992fe93_47943199.jpeg?h=225&w=225,
280484355,Whitworths Extra Juicy Sultanas 325G,https://www.tesco.com/groceries/en-GB/shop/food-cupboard/all?department=Home%20Baking%20%26%20Sugar&viewAll=department&page=,£2.00,£6.16/kg,,,/groceries/en-GB/products/280484355,https://digitalcontent.api.tesco.com/v2/media/ghs/3a9a581f-474e-431a-b1ad-6f51f3557b33/86d71712-d93b-457f-b858-96905267f2ab_5951860.jpeg?h=225&w=225,
262614852,Tesco Finest Mincemeat 411G,https://www.tesco.com/groceries/en-GB/shop/food-cupboard/all?department=Home%20Baking%20%26%20Sugar&viewAll=department&page=,£2.00,£4.87/kg,,,/groceries/en-GB/products/262614852,https://digitalcontent.api.tesco.com/v2/media/ghs/ddc8d315-5fbe-40da-a1d0-8792fe03b5ac/115664c1-1eab-4f7c-8586-76f342e6e992_930801018.jpeg?h=225&w=225,
282996414,Dr.Oetker Baking Powder Tub 170G,https://www.tesco.com/groceries/en-GB/shop/food-cupboard/all?department=Home%20Baking%20%26%20Sugar&viewAll=department&page=,£1.60,£0.94/100g,,,/groceries/en-GB/products/282996414,https://digitalcontent.api.tesco.com/v2/media/ghs/5e22d1d5-b38e-462c-aa29-0b4ffc58c753/614d5192-6bf5-4e47-aff3-610f2e7b80eb_1569452373.jpeg?h=225&w=225,
311804294,Tesco Finest Abbv Very Strong Bread Flour 1Kg,https://www.tesco.com/groceries/en-GB/shop/food-cupboard/all?department=Home%20Baking%20%26%20Sugar&viewAll=department&page=,£1.60,£1.60/kg,,New,/groceries/en-GB/products/311804294,https://digitalcontent.api.tesco.com/v2/media/ghs/df397303-c0d2-4db2-89c6-0531e8fea651/7ae9d653-52db-4725-8e84-8f11809359d5_55226027.jpeg?h=225&w=225,
282996938,Dr.Oetker Bicarbonate Soda 200G,https://www.tesco.com/groceries/en-GB/shop/food-cupboard/all?department=Home%20Baking%20%26%20Sugar&viewAll=department&page=,£1.60,£0.80/100g,,,/groceries/en-GB/products/282996938,https://digitalcontent.api.tesco.com/v2/media/ghs/22727bcc-73e5-4406-bccf-ae745471cdbd/25e7a889-174a-489b-b9a2-6b7e4f79e7f3_1342877151.jpeg?h=225&w=225,
257260044,Tesco Glace Cherries 200G,https://www.tesco.com/groceries/en-GB/shop/food-cupboard/all?department=Home%20Baking%20%26%20Sugar&viewAll=department&page=,£1.65,£8.25/kg,,,/groceries/en-GB/products/257260044,https://digitalcontent.api.tesco.com/v2/media/ghs/c4c76635-91fe-4f07-a092-f4bede245883/53ab4207-24f0-482d-be1f-1f8cb12720a3_246613498.jpeg?h=225&w=225,
257090354,Lyles Black Treacle 454G,https://www.tesco.com/groceries/en-GB/shop/food-cupboard/all?department=Home%20Baking%20%26%20Sugar&viewAll=department&page=,£1.55,£0.34/100g,,,/groceries/en-GB/products/257090354,https://digitalcontent.api.tesco.com/v2/media/ghs/7f5f7296-5d90-411f-85ad-c66b45dfc490/ef78c961-ef2e-4e7d-a313-9810b133eaca_1060552406.jpeg?h=225&w=225,
254902477,Carnation Evaporated Milk 410G-14.5 Oz Can,https://www.tesco.com/groceries/en-GB/shop/food-cupboard/all?department=Home%20Baking%20%26%20Sugar&viewAll=department&page=,£1.40,£3.42/kg,,,/groceries/en-GB/products/254902477,https://digitalcontent.api.tesco.com/v2/media/ghs/f5511e27-6230-4faa-b899-2e0c60246542/94ed4e5c-3394-4ad9-8cc8-b7f176189af5_1557307395.jpeg?h=225&w=225,
259108442,Tesco Dried Yeast 56G,https://www.tesco.com/groceries/en-GB/shop/food-cupboard/all?department=Home%20Baking%20%26%20Sugar&viewAll=department&page=,£1.05,£18.75/kg,,,/groceries/en-GB/products/259108442,https://digitalcontent.api.tesco.com/v2/media/ghs/10b3f240-5a75-4e0e-99da-47d830a02c1b/00cdd552-5f5f-4bd4-986b-58e8c72a7c1e_2090481784.jpeg?h=225&w=225,
301964700,Silver Spoon White Sugar Cubes 500G,https://www.tesco.com/groceries/en-GB/shop/food-cupboard/all?department=Home%20Baking%20%26%20Sugar&viewAll=department&page=,£1.20,£2.40/kg,,,/groceries/en-GB/products/301964700,https://digitalcontent.api.tesco.com/v2/media/ghs/9c4a809f-ca19-458c-a543-41e473f20dad/d0ee1215-d1b2-4be7-8724-defdb3ef644b_531686514.jpeg?h=225&w=225,
278532342,Dr.Oetker Madagascan Vanilla Extract 35Ml,https://www.tesco.com/groceries/en-GB/shop/food-cupboard/all?department=Home%20Baking%20%26%20Sugar&viewAll=department&page=,£1.45,£0.42/10ml,,,/groceries/en-GB/products/278532342,https://digitalcontent.api.tesco.com/v2/media/ghs/3bdddaf3-0fe9-4564-add2-e2c76454e136/077dfbd3-6063-442f-ae04-9a6fa7d1441f_12006803.jpeg?h=225&w=225,
260300777,Tesco Ingredient Lime Juice 250Ml,https://www.tesco.com/groceries/en-GB/shop/food-cupboard/all?department=Home%20Baking%20%26%20Sugar&viewAll=department&page=,£0.95,£0.38/100ml,,,/groceries/en-GB/products/260300777,https://digitalcontent.api.tesco.com/v2/media/ghs/d8978049-c306-4b62-a3e6-bc49e0770cdb/4fc846c8-edbd-4b7f-9e91-e00a2e928e82_570371274.jpeg?h=225&w=225,
289397110,Tesco Low Calorie Aspartame-Based Sweetener 75G,https://www.tesco.com/groceries/en-GB/shop/food-cupboard/all?department=Home%20Baking%20%26%20Sugar&viewAll=department&page=,£1.00,£13.34/kg,,,/groceries/en-GB/products/289397110,https://digitalcontent.api.tesco.com/v2/media/ghs/06cb85d9-34e2-4214-bff9-52bc24d367f7/eec7404e-2ce5-4b9a-971e-a00f77d17f37_1923553413.jpeg?h=225&w=225,
258521155,Tesco Dark Cooking Chocolate 150G,https://www.tesco.com/groceries/en-GB/shop/food-cupboard/all?department=Home%20Baking%20%26%20Sugar&viewAll=department&page=,£1.00,£0.67/100g,,,/groceries/en-GB/products/258521155,https://digitalcontent.api.tesco.com/v2/media/ghs/063f4692-c7ab-4f3c-9d2a-c5aaf121c35f/60da0410-9e53-46d7-bee0-771b54baa6de_953083278.jpeg?h=225&w=225,
301051611,Stockwell & Co. Sweeteners 850S,https://www.tesco.com/groceries/en-GB/shop/food-cupboard/all?department=Home%20Baking%20%26%20Sugar&viewAll=department&page=,£0.98,£0.00/each,,,/groceries/en-GB/products/301051611,https://digitalcontent.api.tesco.com/v2/media/ghs/f892e9ab-44e3-4f2a-be97-48b9f40ea31b/6ee64a1f-5c00-48af-b5ac-48e79f09f176_1190790898.jpeg?h=225&w=225,
254914244,Tesco Italian Mixed Peel 200G,https://www.tesco.com/groceries/en-GB/shop/food-cupboard/all?department=Home%20Baking%20%26%20Sugar&viewAll=department&page=,£1.00,£5.00/kg,,,/groceries/en-GB/products/254914244,https://digitalcontent.api.tesco.com/v2/media/ghs/9ac6ae4d-bf56-43aa-8bf7-ae7e2e1852a5/6aaeb1b2-04d4-4354-855b-52120f7612e8_2009029663.jpeg?h=225&w=225,
303003188,Atora Vegetable Suet 240G,https://www.tesco.com/groceries/en-GB/shop/food-cupboard/all?department=Home%20Baking%20%26%20Sugar&viewAll=department&page=,£1.90,£7.92/kg,,,/groceries/en-GB/products/303003188,https://digitalcontent.api.tesco.com/v2/media/ghs/62033fca-dc11-4204-b100-feedb8d3f0b4/766ccd23-4af7-4f03-b1cd-b8fba900b5f1_595130209.jpeg?h=225&w=225,
304402929,Lyle's Golden Syrup 325G,https://www.tesco.com/groceries/en-GB/shop/food-cupboard/all?department=Home%20Baking%20%26%20Sugar&viewAll=department&page=,£1.50,£0.46/100g,£1.00 Clubcard Price,,/groceries/en-GB/products/304402929,https://digitalcontent.api.tesco.com/v2/media/ghs/969d2b0a-d81d-4164-8ab8-e2d5e85ef554/15cf69ff-ed07-4d27-8d1e-7bf6c0eca2d3_362111076.jpeg?h=225&w=225,
297242541,Tesco Batter Mix 130G,https://www.tesco.com/groceries/en-GB/shop/food-cupboard/all?department=Home%20Baking%20%26%20Sugar&viewAll=department&page=,£0.45,£3.47/kg,,,/groceries/en-GB/products/297242541,https://digitalcontent.api.tesco.com/v2/media/ghs/0a2cef79-7f18-48db-bb9b-ac611a19a4fc/26960593-0cb7-470f-b616-b31884f31dcd_1131402918.jpeg?h=225&w=225,
258050084,Carnation Sweetened Condensed Milk 397G,https://www.tesco.com/groceries/en-GB/shop/food-cupboard/all?department=Home%20Baking%20%26%20Sugar&viewAll=department&page=,£1.55,£3.91/kg,£1.25 Clubcard Price,,/groceries/en-GB/products/258050084,https://digitalcontent.api.tesco.com/v2/media/ghs/60c10876-b53c-44e0-b27a-536468db6042/5dc02d9d-7079-4ecc-809f-a787bbce49f5_1908579499.jpeg?h=225&w=225,
309495418,Tesco Ground Almonds 500G,https://www.tesco.com/groceries/en-GB/shop/food-cupboard/all?department=Home%20Baking%20%26%20Sugar&viewAll=department&page=,£5.75,£11.50/kg,,,/groceries/en-GB/products/309495418,https://digitalcontent.api.tesco.com/v2/media/ghs/00cf0eab-9214-432e-baab-09244f250b33/6dea5c52-8895-4c58-bb2b-6d6141e16f94_1282482626.jpeg?h=225&w=225,
256775623,Tesco Light Brown Soft Sugar 1Kg Pack,https://www.tesco.com/groceries/en-GB/shop/food-cupboard/all?department=Home%20Baking%20%26%20Sugar&viewAll=department&page=,£3.20,£3.20/kg,,,/groceries/en-GB/products/256775623,https://digitalcontent.api.tesco.com/v2/media/ghs/a575307f-9600-4e32-b49e-5616a4ae8ff2/27180c03-173f-44bc-89d2-447f89784526_2086196476.jpeg?h=225&w=225,
256775669,Tesco Dark Brown Soft Sugar 1Kg Bag,https://www.tesco.com/groceries/en-GB/shop/food-cupboard/all?department=Home%20Baking%20%26%20Sugar&viewAll=department&page=,£3.20,£3.20/kg,,,/groceries/en-GB/products/256775669,https://digitalcontent.api.tesco.com/v2/media/ghs/efd9dc98-bfc9-4b01-8466-a28217797c8b/ae0c411d-17bd-4b65-91d9-1f45206c006c_491657473.jpeg?h=225&w=225,
256294086,Sweetex 1200 Tablet Pack,https://www.tesco.com/groceries/en-GB/shop/food-cupboard/all?department=Home%20Baking%20%26%20Sugar&viewAll=department&page=,£3.25,£0.00/each,,,/groceries/en-GB/products/256294086,https://digitalcontent.api.tesco.com/v2/media/ghs/4d29885a-7374-43c7-9353-0a527cc19ff2/992e8b05-270d-4c38-96ff-53deb2bad2df_1907819337.jpeg?h=225&w=225,
262750183,Silverspoon Tablet Sweetener 400Pk,https://www.tesco.com/groceries/en-GB/shop/food-cupboard/all?department=Home%20Baking%20%26%20Sugar&viewAll=department&page=,£2.20,£0.01/each,,,/groceries/en-GB/products/262750183,https://digitalcontent.api.tesco.com/v2/media/ghs/6ffc02c9-1a13-4676-8947-f7284e905434/582aca3d-a0f3-4bd4-958a-194e829aef36_30768295.jpeg?h=225&w=225,
271273388,Allinson Wholemeal Bread Flour 1.5Kg,https://www.tesco.com/groceries/en-GB/shop/food-cupboard/all?department=Home%20Baking%20%26%20Sugar&viewAll=department&page=,£2.40,£1.60/kg,,,/groceries/en-GB/products/271273388,https://digitalcontent.api.tesco.com/v2/media/ghs/9adc4098-6867-469f-a055-61440188d9c1/70055b0b-fd29-4d50-a580-472bf075975f_1645189788.jpeg?h=225&w=225,
302154183,Mcdougalls Plain Flour 1.1Kg,https://www.tesco.com/groceries/en-GB/shop/food-cupboard/all?department=Home%20Baking%20%26%20Sugar&viewAll=department&page=,£2.05,£1.87/kg,,,/groceries/en-GB/products/302154183,https://digitalcontent.api.tesco.com/v2/media/ghs/f26ebb5a-c381-430e-96bc-1ef1ffe2f303/534d84db-f4c6-4869-93f4-991245b64e75_1728108885.jpeg?h=225&w=225,
289397824,Tesco Low Calorie Sweetener 300'S,https://www.tesco.com/groceries/en-GB/shop/food-cupboard/all?department=Home%20Baking%20%26%20Sugar&viewAll=department&page=,£1.65,£0.01/each,,,/groceries/en-GB/products/289397824,https://digitalcontent.api.tesco.com/v2/media/ghs/47161673-f094-4280-abde-1ea044345656/a1dfcc5d-e8cb-44aa-a2a5-a35b929d2fc6_594927266.jpeg?h=225&w=225,
271238241,Whitworths Cranberries 150G,https://www.tesco.com/groceries/en-GB/shop/food-cupboard/all?department=Home%20Baking%20%26%20Sugar&viewAll=department&page=,£2.00,£13.34/kg,,,/groceries/en-GB/products/271238241,https://digitalcontent.api.tesco.com/v2/media/ghs/c5549502-4245-4d9f-8d1c-8bc3141f60f7/2e3c8125-e731-45b9-a629-5dd0320ba134_1604662056.jpeg?h=225&w=225,
282152394,Cadbury Bournville Baking Cocoa Powder 250G,https://www.tesco.com/groceries/en-GB/shop/food-cupboard/all?department=Home%20Baking%20%26%20Sugar&viewAll=department&page=,£2.99,£1.20/100g,,,/groceries/en-GB/products/282152394,https://digitalcontent.api.tesco.com/v2/media/ghs/ee8363d1-f3c2-4c90-be52-a44a550dcb3f/01c3e0f0-615a-4351-814b-bb5f3b9a9764_1578324480.jpeg?h=225&w=225,
302154200,Mcdougalls Self Raising Flour 1.1Kg,https://www.tesco.com/groceries/en-GB/shop/food-cupboard/all?department=Home%20Baking%20%26%20Sugar&viewAll=department&page=,£2.05,£1.87/kg,,,/groceries/en-GB/products/302154200,https://digitalcontent.api.tesco.com/v2/media/ghs/67543da3-189c-4279-bb6f-1b49a01094ba/bab77c6e-1d79-4de8-91f7-cbab7f820d39_32286002.jpeg?h=225&w=225,
282060773,Groovy Food Agave Light And Mild 250Ml,https://www.tesco.com/groceries/en-GB/shop/food-cupboard/all?department=Home%20Baking%20%26%20Sugar&viewAll=department&page=,£2.50,£1.00/100ml,,,/groceries/en-GB/products/282060773,https://digitalcontent.api.tesco.com/v2/media/ghs/1ae38ee3-b71e-42ef-bce8-a4d1d748f9a5/1c8b8bea-274a-4ac2-8237-3eec972dda63_2018580707.jpeg?h=225&w=225,
254917120,Billington's Golden Granulated Sugar 1Kg,https://www.tesco.com/groceries/en-GB/shop/food-cupboard/all?department=Home%20Baking%20%26%20Sugar&viewAll=department&page=,£2.30,£2.30/kg,,,/groceries/en-GB/products/254917120,https://digitalcontent.api.tesco.com/v2/media/ghs/74d3d85b-3fff-4e95-86bf-19e24e30802a/be90c137-63d9-40c6-99c0-02191dae8696_1099366397.jpeg?h=225&w=225,
285509012,Billingtons Golden Caster 1Kg,https://www.tesco.com/groceries/en-GB/shop/food-cupboard/all?department=Home%20Baking%20%26%20Sugar&viewAll=department&page=,£2.30,£2.30/kg,,,/groceries/en-GB/products/285509012,https://digitalcontent.api.tesco.com/v2/media/ghs/cbb6fcf1-0620-47f5-bee9-6b0b8d036101/17103426-1b22-4380-b3e1-b27afb9ecd0b_557901135.jpeg?h=225&w=225,
289397640,Tesco Tablet Sweeteners 300'S,https://www.tesco.com/groceries/en-GB/shop/food-cupboard/all?department=Home%20Baking%20%26%20Sugar&viewAll=department&page=,£1.50,£0.00/each,,,/groceries/en-GB/products/289397640,https://digitalcontent.api.tesco.com/v2/media/ghs/8aad3b8f-0890-4f70-8cb5-ff870ad7e8b1/0b18617a-cf41-400d-9857-87f3882688c9_156284968.jpeg?h=225&w=225,
303667939,Billingtons Light Brown Sugar 500G,https://www.tesco.com/groceries/en-GB/shop/food-cupboard/all?department=Home%20Baking%20%26%20Sugar&viewAll=department&page=,£1.60,£3.20/kg,,,/groceries/en-GB/products/303667939,https://digitalcontent.api.tesco.com/v2/media/ghs/9f9b13e7-56fe-4c01-aae6-0334cb6ce81f/43b19ec2-ac84-40fc-b2b9-c0329a98d6da_283404513.jpeg?h=225&w=225,
259321649,Canderel Granular Sweetener 75G,https://www.tesco.com/groceries/en-GB/shop/food-cupboard/all?department=Home%20Baking%20%26%20Sugar&viewAll=department&page=,£2.05,£27.34/kg,,,/groceries/en-GB/products/259321649,https://digitalcontent.api.tesco.com/v2/media/ghs/c7ff127f-bfaf-4086-add5-e31edc97f5f1/578d0f3d-c8dd-4c70-85f6-f558ef67c1da_357081502.jpeg?h=225&w=225,
252015539,Tesco Crusty White Farmhouse Bread Mix 500G,https://www.tesco.com/groceries/en-GB/shop/food-cupboard/all?department=Home%20Baking%20%26%20Sugar&viewAll=department&page=,£1.00,£2.00/kg,,,/groceries/en-GB/products/252015539,https://digitalcontent.api.tesco.com/v2/media/ghs/179b2e4e-734c-4c33-85f4-3467207db8cc/d9586623-9de8-4f54-9ec0-ddfffe2bf48b_224248672.jpeg?h=225&w=225,
309456984,Tesco Organic Ground Almonds 100G,https://www.tesco.com/groceries/en-GB/shop/food-cupboard/all?department=Home%20Baking%20%26%20Sugar&viewAll=department&page=,£2.30,£23.00/kg,,,/groceries/en-GB/products/309456984,https://digitalcontent.api.tesco.com/v2/media/ghs/c7fcb058-649a-421b-bf7a-7e0422db6180/b3579684-f7b1-4598-99cf-efac64d657b7_914906931.jpeg?h=225&w=225,
304796485,Lyle's Golden Syrup 700G,https://www.tesco.com/groceries/en-GB/shop/food-cupboard/all?department=Home%20Baking%20%26%20Sugar&viewAll=department&page=,£2.20,£0.32/100g,,,/groceries/en-GB/products/304796485,https://digitalcontent.api.tesco.com/v2/media/ghs/95c326a5-7faf-4657-9dc3-67876d401118/84c2c3d0-7138-4d75-a51e-92f6509dbafb_1892468903.jpeg?h=225&w=225,
309495228,Tesco Desiccated Coconut 200G,https://www.tesco.com/groceries/en-GB/shop/food-cupboard/all?department=Home%20Baking%20%26%20Sugar&viewAll=department&page=,£1.50,£7.50/kg,,,/groceries/en-GB/products/309495228,https://digitalcontent.api.tesco.com/v2/media/ghs/99849aee-2087-4060-95e1-3b36150edbbc/d2cd0be8-cfab-42b5-82ae-533dfb4119e7_2133838212.jpeg?h=225&w=225,
271257713,Allinson Easy Bake Yeast Tin 100G,https://www.tesco.com/groceries/en-GB/shop/food-cupboard/all?department=Home%20Baking%20%26%20Sugar&viewAll=department&page=,£1.50,£15.00/kg,,,/groceries/en-GB/products/271257713,https://digitalcontent.api.tesco.com/v2/media/ghs/5abd0825-eb07-4fce-9277-a6fff9df00dc/0491808a-1877-4e2e-a387-f0110837f54c_1275462859.jpeg?h=225&w=225,
312705225,Cake Decor Red Festive Frosting 300G,https://www.tesco.com/groceries/en-GB/shop/food-cupboard/all?department=Home%20Baking%20%26%20Sugar&viewAll=department&page=,£1.50,£5.00/kg,,New,/groceries/en-GB/products/312705225,https://digitalcontent.api.tesco.com/v2/media/ghs-mktg/b0b04216-fa73-466d-a9d7-c9fcfa1ce9b3/no-image.jpeg,
312093279,Cake Decor Green Frosting 300G,https://www.tesco.com/groceries/en-GB/shop/food-cupboard/all?department=Home%20Baking%20%26%20Sugar&viewAll=department&page=,£1.50,£5.00/kg,,New,/groceries/en-GB/products/312093279,https://digitalcontent.api.tesco.com/v2/media/ghs-mktg/b0b04216-fa73-466d-a9d7-c9fcfa1ce9b3/no-image.jpeg,
278274664,Tesco Milk Chocolate Chunks 100G,https://www.tesco.com/groceries/en-GB/shop/food-cupboard/all?department=Home%20Baking%20%26%20Sugar&viewAll=department&page=,£1.05,£1.05/100g,,,/groceries/en-GB/products/278274664,https://digitalcontent.api.tesco.com/v2/media/ghs/b7b49168-ab9b-4c93-94e2-4fcc37bad7f0/c4bc8ab7-7074-48a1-87e5-7aa083f919ba_1286962759.jpeg?h=225&w=225,
250304402,Doves Farm Gluten Free Plain Flour 1Kg,https://www.tesco.com/groceries/en-GB/shop/food-cupboard/all?department=Home%20Baking%20%26%20Sugar&viewAll=department&page=,£1.70,£1.70/kg,,,/groceries/en-GB/products/250304402,https://digitalcontent.api.tesco.com/v2/media/ghs/3877a192-3e01-47d8-a4c6-2dc4920b1816/0d07bf23-0a57-4c14-99d9-03e8aa7978bb_171241617.jpeg?h=225&w=225,
292399138,Tesco 100'S & 1000'S Sprinkles 85G,https://www.tesco.com/groceries/en-GB/shop/food-cupboard/all?department=Home%20Baking%20%26%20Sugar&viewAll=department&page=,£1.05,£1.24/100g,,,/groceries/en-GB/products/292399138,https://digitalcontent.api.tesco.com/v2/media/ghs/41fb613e-a3b2-47dd-917c-72b924419db8/f575d9b9-a85b-46cf-a1cf-e8844cbeccfb_1732583369.jpeg?h=225&w=225,
278562703,Tesco Mincemeat 822G,https://www.tesco.com/groceries/en-GB/shop/food-cupboard/all?department=Home%20Baking%20%26%20Sugar&viewAll=department&page=,£2.40,£2.92/kg,£2.15 Clubcard Price,,/groceries/en-GB/products/278562703,https://digitalcontent.api.tesco.com/v2/media/ghs/1a3c242e-5c47-43a2-a3f7-b65630353b2d/083aa454-3156-4a2f-8e53-08c111c172d6_842769047.jpeg?h=225&w=225,
264177046,Doves Farm Gluten Free Self Raising 1Kg,https://www.tesco.com/groceries/en-GB/shop/food-cupboard/all?department=Home%20Baking%20%26%20Sugar&viewAll=department&page=,£1.70,£1.70/kg,,,/groceries/en-GB/products/264177046,https://digitalcontent.api.tesco.com/v2/media/ghs/cf3c13ef-2eff-47da-876a-6628add464c6/ec4ef170-1a4f-4342-b4a9-c70aa82d79ef_2008808846.jpeg?h=225&w=225,
254917575,Canderel Sweetener 100 Pack,https://www.tesco.com/groceries/en-GB/shop/food-cupboard/all?department=Home%20Baking%20%26%20Sugar&viewAll=department&page=,£1.35,£158.83/kg,,,/groceries/en-GB/products/254917575,https://digitalcontent.api.tesco.com/v2/media/ghs/66aecd04-b658-4295-8e8e-11c242ca62b6/7aa83f2b-cf4f-4b46-a38e-50245984e9ee_670323623.jpeg?h=225&w=225,
259652136,Tesco Sesame Seeds 100G,https://www.tesco.com/groceries/en-GB/shop/food-cupboard/all?department=Home%20Baking%20%26%20Sugar&viewAll=department&page=,£1.00,£10.00/kg,,,/groceries/en-GB/products/259652136,https://digitalcontent.api.tesco.com/v2/media/ghs/76a34aeb-7f89-47df-9138-17464b13ae8d/07940136-653f-469b-82d5-0d499236f3ee_1642342721.jpeg?h=225&w=225,
257067302,Tesco Organic Plain Flour 1Kg,https://www.tesco.com/groceries/en-GB/shop/food-cupboard/all?department=Home%20Baking%20%26%20Sugar&viewAll=department&page=,£1.45,£1.45/kg,,,/groceries/en-GB/products/257067302,https://digitalcontent.api.tesco.com/v2/media/ghs/54891404-88f7-4f25-979e-7ef60c92e628/56a082c8-05a6-4ea5-8003-dc754165eb26_1933090997.jpeg?h=225&w=225,
254890339,Cadbury Hot Chocolate Cocoa Powder 250G,https://www.tesco.com/groceries/en-GB/shop/food-cupboard/all?department=Home%20Baking%20%26%20Sugar&viewAll=department&page=,£2.00,£0.80/100g,£1.50 Clubcard Price,,/groceries/en-GB/products/254890339,https://digitalcontent.api.tesco.com/v2/media/ghs/d59761a5-a74a-4d17-9297-00a26135b7eb/34ae513e-e72d-4265-84c7-c4028352c53a_27965075.jpeg?h=225&w=225,
259690735,Tesco White Cooking Chocolate 150G,https://www.tesco.com/groceries/en-GB/shop/food-cupboard/all?department=Home%20Baking%20%26%20Sugar&viewAll=department&page=,£1.00,£0.67/100g,,,/groceries/en-GB/products/259690735,https://digitalcontent.api.tesco.com/v2/media/ghs/6e22d74b-256f-4a9d-864d-83d5b967381f/fadfca72-bee8-4bcb-999f-a69c84c61bc2_815442922.jpeg?h=225&w=225,
312213058,Tesco White Chocolate Stars Sprinkles 41G,https://www.tesco.com/groceries/en-GB/shop/food-cupboard/all?department=Home%20Baking%20%26%20Sugar&viewAll=department&page=,£1.00,£2.44/100g,,New,/groceries/en-GB/products/312213058,https://digitalcontent.api.tesco.com/v2/media/ghs/9a13be33-865b-461c-939a-bb42bb57ac95/25e4967e-1a6d-43ea-a430-0d73447c10c4_1580420239.jpeg?h=225&w=225,
281282235,Tesco Mixed Fruit With Cranberry And Apricots 500G,https://www.tesco.com/groceries/en-GB/shop/food-cupboard/all?department=Home%20Baking%20%26%20Sugar&viewAll=department&page=,£1.90,£3.80/kg,,,/groceries/en-GB/products/281282235,https://digitalcontent.api.tesco.com/v2/media/ghs/47797e35-3d50-401d-b6b5-24d26e79c39d/0890b134-96da-4e5f-a502-23cff9cd52e3_1976400758.jpeg?h=225&w=225,
259247714,Hermesetas Mini Sweeteners 800 Pack,https://www.tesco.com/groceries/en-GB/shop/food-cupboard/all?department=Home%20Baking%20%26%20Sugar&viewAll=department&page=,£3.15,£0.00/each,,,/groceries/en-GB/products/259247714,https://digitalcontent.api.tesco.com/v2/media/ghs/56219a1b-93fb-4b39-a260-43d7965f5c3c/be46b33a-6af0-4f25-a385-29b7ffd00e41_690635082.jpeg?h=225&w=225,
288730294,Betty Crocker Chocolate Fudge Icing 400G,https://www.tesco.com/groceries/en-GB/shop/food-cupboard/all?department=Home%20Baking%20%26%20Sugar&viewAll=department&page=,£2.80,£0.70/100g,,,/groceries/en-GB/products/288730294,https://digitalcontent.api.tesco.com/v2/media/ghs/788d9664-024c-42c3-a153-af72de3d539c/a9d8c9f1-2348-4df5-b12d-052dbe7f7e77_1811981298.jpeg?h=225&w=225,
289584735,Betty Crocker Devils Food Cake Mix 425G,https://www.tesco.com/groceries/en-GB/shop/food-cupboard/all?department=Home%20Baking%20%26%20Sugar&viewAll=department&page=,£2.80,£0.66/100g,,,/groceries/en-GB/products/289584735,https://digitalcontent.api.tesco.com/v2/media/ghs/58c99f60-d778-4216-aec0-1591cff66e4f/e592238f-7e4f-4956-9989-f4d515e637a3_326104331.jpeg?h=225&w=225,
261149488,Splenda Low Calorie Sweetener Granulated 125G,https://www.tesco.com/groceries/en-GB/shop/food-cupboard/all?department=Home%20Baking%20%26%20Sugar&viewAll=department&page=,£3.00,£24.00/kg,,,/groceries/en-GB/products/261149488,https://digitalcontent.api.tesco.com/v2/media/ghs/2ae97577-7114-4dc0-a533-0ed75ad5524e/91dc4f48-190c-42f8-bada-8d37358abca1_2057970549.jpeg?h=225&w=225,
264908041,Opies Stem Ginger 350G,https://www.tesco.com/groceries/en-GB/shop/food-cupboard/all?department=Home%20Baking%20%26%20Sugar&viewAll=department&page=,£2.90,£8.29/kg,,,/groceries/en-GB/products/264908041,https://digitalcontent.api.tesco.com/v2/media/ghs/9aafbca4-7715-438b-97c3-7e3820d0cd26/af1eca92-ea37-4b91-9000-47ca26462388_633391586.jpeg?h=225&w=225,
278906027,Tesco Fondant Ready Rolled Icing 450G,https://www.tesco.com/groceries/en-GB/shop/food-cupboard/all?department=Home%20Baking%20%26%20Sugar&viewAll=department&page=,£3.00,£0.67/100g,,,/groceries/en-GB/products/278906027,https://digitalcontent.api.tesco.com/v2/media/ghs/eaaf4f20-791e-41b3-ade3-7dbcf9e6fcc9/41fed595-6f6f-4823-8960-4b74d81fb801_1827399072.jpeg?h=225&w=225,
260713778,Allinson Wholemeal Plain Flour 1Kg,https://www.tesco.com/groceries/en-GB/shop/food-cupboard/all?department=Home%20Baking%20%26%20Sugar&viewAll=department&page=,£1.95,£1.95/kg,,,/groceries/en-GB/products/260713778,https://digitalcontent.api.tesco.com/v2/media/ghs/ae2b4864-d529-4b96-b709-396ab5ad2311/c4a53cd4-03dc-4c00-88b4-22d53a67680c_532801386.jpeg?h=225&w=225,
259291545,Billingtons Demerara Sugar 500G,https://www.tesco.com/groceries/en-GB/shop/food-cupboard/all?department=Home%20Baking%20%26%20Sugar&viewAll=department&page=,£1.85,£3.70/kg,,,/groceries/en-GB/products/259291545,https://digitalcontent.api.tesco.com/v2/media/ghs/c08bc6f4-2fcd-4e88-a2d6-e61304dc3cc2/7146a97d-4a6a-4374-8c32-502c0afb4bee_669493741.jpeg?h=225&w=225,
297133837,Tesco Vanilla Flavour Frosting 400G,https://www.tesco.com/groceries/en-GB/shop/food-cupboard/all?department=Home%20Baking%20%26%20Sugar&viewAll=department&page=,£1.85,£0.46/100g,,,/groceries/en-GB/products/297133837,https://digitalcontent.api.tesco.com/v2/media/ghs/b12f6604-1850-414d-8634-3390cefb724f/ee008a6d-d7ed-4004-8300-475c841118c1_544959212.jpeg?h=225&w=225,
254917598,Canderel Tablets 300Pk 25.5G,https://www.tesco.com/groceries/en-GB/shop/food-cupboard/all?department=Home%20Baking%20%26%20Sugar&viewAll=department&page=,£3.15,£123.53/kg,,,/groceries/en-GB/products/254917598,https://digitalcontent.api.tesco.com/v2/media/ghs/5a4840b2-3948-4ca9-8e42-093cd9f9f4c1/427b6166-2e4b-4ad2-94a4-d4f0402aaaa9_1321659301.jpeg?h=225&w=225,
259247651,Hermesetas Mini Sweeteners 400Pk,https://www.tesco.com/groceries/en-GB/shop/food-cupboard/all?department=Home%20Baking%20%26%20Sugar&viewAll=department&page=,£2.00,£333.34/kg,,New,/groceries/en-GB/products/259247651,https://digitalcontent.api.tesco.com/v2/media/ghs/293f28e0-135f-4377-aa67-b4fa4e4fcefd/snapshotimagehandler_1084330950.jpeg?h=225&w=225,
310654760,Billington's Demerara Rough Cut Cubes 500G,https://www.tesco.com/groceries/en-GB/shop/food-cupboard/all?department=Home%20Baking%20%26%20Sugar&viewAll=department&page=,£1.95,£3.90/kg,£1.50 Clubcard Price,,/groceries/en-GB/products/310654760,https://digitalcontent.api.tesco.com/v2/media/ghs/b8d5f831-b852-4cf2-b660-8b97ad5ab22b/3f6074ba-2f42-4dea-9a69-21d0a622615e_1593352390.jpeg?h=225&w=225,
278906004,Tesco Ready Rolled Marzipan 400G,https://www.tesco.com/groceries/en-GB/shop/food-cupboard/all?department=Home%20Baking%20%26%20Sugar&viewAll=department&page=,£3.00,£0.75/100g,,,/groceries/en-GB/products/278906004,https://digitalcontent.api.tesco.com/v2/media/ghs/c5ced920-29d6-4843-8247-7e2ef6f74da7/26cf4291-793c-4a8a-afd1-b997bd51cb97_1282041374.jpeg?h=225&w=225,
276732074,Trade Aid Uk Pure Cane Caster Sugar 1Kg,https://www.tesco.com/groceries/en-GB/shop/food-cupboard/all?department=Home%20Baking%20%26%20Sugar&viewAll=department&page=,£1.90,£1.90/kg,,,/groceries/en-GB/products/276732074,https://digitalcontent.api.tesco.com/v2/media/ghs/efb09097-0b12-4899-91ad-6e3cf0e4b904/9f16c705-7ba8-4e0f-a6f3-a7a649864d02_1591013105.jpeg?h=225&w=225,
275930653,Whitworths Chopped Dates 250G,https://www.tesco.com/groceries/en-GB/shop/food-cupboard/all?department=Home%20Baking%20%26%20Sugar&viewAll=department&page=,£2.00,£8.00/kg,,,/groceries/en-GB/products/275930653,https://digitalcontent.api.tesco.com/v2/media/ghs/e0881321-11bb-4968-82f4-8927979e1b58/ec0c7188-94b4-4534-b4b4-51b85797a773_1070996791.jpeg?h=225&w=225,
286783372,Whitworths Chopped Apricots 140G,https://www.tesco.com/groceries/en-GB/shop/food-cupboard/all?department=Home%20Baking%20%26%20Sugar&viewAll=department&page=,£2.00,£14.29/kg,,,/groceries/en-GB/products/286783372,https://digitalcontent.api.tesco.com/v2/media/ghs/4ed13cdc-42bf-47f9-89c9-e723123246e3/3ab36d5a-726c-442d-b0ce-e971ea000360_2015331421.jpeg?h=225&w=225,
309753217,Create A Cake White Muffin Cases 75,https://www.tesco.com/groceries/en-GB/shop/food-cupboard/all?department=Home%20Baking%20%26%20Sugar&viewAll=department&page=,£1.50,£0.02/each,,,/groceries/en-GB/products/309753217,https://digitalcontent.api.tesco.com/v2/media/ghs/6b02815f-6ae0-44e1-8f78-ba5fd774717e/58d780a4-7054-4e81-a2b0-727e9ea01e7d_1465218855.jpeg?h=225&w=225,
309498283,Create A Cake White Fairy Cake Cases 100,https://www.tesco.com/groceries/en-GB/shop/food-cupboard/all?department=Home%20Baking%20%26%20Sugar&viewAll=department&page=,£1.50,£0.02/each,,,/groceries/en-GB/products/309498283,https://digitalcontent.api.tesco.com/v2/media/ghs/b60d75e9-2e2f-4ec2-9ca9-cb3e333b9d7e/aa6a2d6c-b3dd-42ab-8a6b-bad4080e30eb_1909431477.jpeg?h=225&w=225,
250610609,Green & Blacks Organic Cocoa Fair Trade 125G,https://www.tesco.com/groceries/en-GB/shop/food-cupboard/all?department=Home%20Baking%20%26%20Sugar&viewAll=department&page=,£2.20,£1.76/100g,,,/groceries/en-GB/products/250610609,https://digitalcontent.api.tesco.com/v2/media/ghs/18d6195c-1421-4196-b9c3-c832b5e2c7e3/adecba00-b80f-4868-a4c3-49788edb75da_621804646.jpeg?h=225&w=225,
297356988,Dr. Oetker Coloured Gel - Green Extra Strong 15G,https://www.tesco.com/groceries/en-GB/shop/food-cupboard/all?department=Home%20Baking%20%26%20Sugar&viewAll=department&page=,£1.50,£100.00/kg,,,/groceries/en-GB/products/297356988,https://digitalcontent.api.tesco.com/v2/media/ghs/7b8ddc77-bd0b-484b-b5c2-042ad7f41b86/de4df2f8-da21-4e1b-93cd-ee9cba309c3c_190490950.jpeg?h=225&w=225,
297356920,Dr. Oetker Extra Strong Red Food Colour Gel 15G,https://www.tesco.com/groceries/en-GB/shop/food-cupboard/all?department=Home%20Baking%20%26%20Sugar&viewAll=department&page=,£1.50,£100.00/kg,,,/groceries/en-GB/products/297356920,https://digitalcontent.api.tesco.com/v2/media/ghs/cb1b0531-e712-4a0a-bfcf-5a099b92ce99/6e3ae890-47db-46a8-bee9-45e6ad977582_1689683601.jpeg?h=225&w=225,
282995951,Dr.Oetker Cream Of Tartar Sachets 30G,https://www.tesco.com/groceries/en-GB/shop/food-cupboard/all?department=Home%20Baking%20%26%20Sugar&viewAll=department&page=,£1.40,£4.67/100g,,,/groceries/en-GB/products/282995951,https://digitalcontent.api.tesco.com/v2/media/ghs/bbe39204-d1e4-41f4-b2b8-96c81b29d93f/43d6624e-6fdb-4200-a6fb-c75d431244fa_372626467.jpeg?h=225&w=225,
306822170,Allinson's Country Grain Bread Flour 1Kg,https://www.tesco.com/groceries/en-GB/shop/food-cupboard/all?department=Home%20Baking%20%26%20Sugar&viewAll=department&page=,£1.75,£1.75/kg,,,/groceries/en-GB/products/306822170,https://digitalcontent.api.tesco.com/v2/media/ghs/a8ff0c2a-9500-485a-b769-06304e3a2038/cebb9aa7-85bc-494b-aaa8-2401fffa7c3b_893717389.jpeg?h=225&w=225,
250535664,Tesco Ready To Roll Fondant Icing 500G,https://www.tesco.com/groceries/en-GB/shop/food-cupboard/all?department=Home%20Baking%20%26%20Sugar&viewAll=department&page=,£1.65,£0.33/100g,,,/groceries/en-GB/products/250535664,https://digitalcontent.api.tesco.com/v2/media/ghs/5801fac4-ab8a-4176-b60c-af5c2e39c897/9b49117a-452d-4a51-ae56-9325dc725300_798058006.jpeg?h=225&w=225,
301676049,Tesco Cocoa Powder 200G,https://www.tesco.com/groceries/en-GB/shop/food-cupboard/all?department=Home%20Baking%20%26%20Sugar&viewAll=department&page=,£1.80,£0.90/100g,,,/groceries/en-GB/products/301676049,https://digitalcontent.api.tesco.com/v2/media/ghs/d5176012-5ca8-421d-9837-00cff532aeb8/6ee95142-178c-445e-8a73-238b3540dc52_1448941820.jpeg?h=225&w=225,
309461689,Ms. Mollys Ready To Roll White Icing 1Kg,https://www.tesco.com/groceries/en-GB/shop/food-cupboard/all?department=Home%20Baking%20%26%20Sugar&viewAll=department&page=,£1.69,£0.17/100g,Aldi Price Match,,/groceries/en-GB/products/309461689,https://digitalcontent.api.tesco.com/v2/media/ghs/80efb24a-28e2-4fee-b859-8389e2c3c50d/1a8e4a96-d02d-46f2-996a-4a46c9aeee6f_1888992946.jpeg?h=225&w=225,
252395497,Carnation Light Evaporated Milk 410G,https://www.tesco.com/groceries/en-GB/shop/food-cupboard/all?department=Home%20Baking%20%26%20Sugar&viewAll=department&page=,£1.40,£3.42/kg,,,/groceries/en-GB/products/252395497,https://digitalcontent.api.tesco.com/v2/media/ghs/e08c7f91-11e9-4c17-9894-332a33e07912/a92cb47a-e5dd-4335-8d3c-4b1b5a3d7b5c_1918868246.jpeg?h=225&w=225,
292398928,Tesco Colourful Sprinkles 70G,https://www.tesco.com/groceries/en-GB/shop/food-cupboard/all?department=Home%20Baking%20%26%20Sugar&viewAll=department&page=,£1.05,£1.50/100g,,,/groceries/en-GB/products/292398928,https://digitalcontent.api.tesco.com/v2/media/ghs/10f1721b-c24f-48f8-a307-f45edeec2cf1/cc07274c-58c4-419f-ae6f-9f2ad187074e_451680636.jpeg?h=225&w=225,
252380883,Tesco Organic Strong White Flour 1Kg,https://www.tesco.com/groceries/en-GB/shop/food-cupboard/all?department=Home%20Baking%20%26%20Sugar&viewAll=department&page=,£1.45,£1.45/kg,,,/groceries/en-GB/products/252380883,https://digitalcontent.api.tesco.com/v2/media/ghs/82ff133c-de82-4970-bd5e-7e0336c24c7a/bae10c6f-fc63-4fd8-ba9a-530db9d68c58_544591086.jpeg?h=225&w=225,
278533335,Dr. Oetker Moroccan Almond Extract 35Ml,https://www.tesco.com/groceries/en-GB/shop/food-cupboard/all?department=Home%20Baking%20%26%20Sugar&viewAll=department&page=,£1.45,£0.42/10ml,,,/groceries/en-GB/products/278533335,https://digitalcontent.api.tesco.com/v2/media/ghs/b9ab3d10-2150-40cb-8350-acaa0e4ba77a/bee5c323-e112-400e-90e6-81cac797b474_616197193.jpeg?h=225&w=225,
297173150,Cake Decor Eyes Edible Eyes 25G,https://www.tesco.com/groceries/en-GB/shop/food-cupboard/all?department=Home%20Baking%20%26%20Sugar&viewAll=department&page=,£1.50,£6.00/100g,,,/groceries/en-GB/products/297173150,https://digitalcontent.api.tesco.com/v2/media/ghs/58d76c68-c256-4447-9986-feaf092a2c63/65373e68-f6e5-448d-8b8d-d10010c93e96_675873558.jpeg?h=225&w=225,
309784900,Tesco American Style Pancake Shaker Mix 155G,https://www.tesco.com/groceries/en-GB/shop/food-cupboard/all?department=Home%20Baking%20%26%20Sugar&viewAll=department&page=,£1.00,£6.46/kg,,,/groceries/en-GB/products/309784900,https://digitalcontent.api.tesco.com/v2/media/ghs/21a3bf3c-539b-41b4-b45a-f46707773a7c/1fd50425-1096-4d55-8bf4-4276f0317157_1591023308.jpeg?h=225&w=225,
290962886,Tesco Pancake Shaker Traditional Mix 155G,https://www.tesco.com/groceries/en-GB/shop/food-cupboard/all?department=Home%20Baking%20%26%20Sugar&viewAll=department&page=,£1.00,£6.46/kg,,,/groceries/en-GB/products/290962886,https://digitalcontent.api.tesco.com/v2/media/ghs/04aacb82-92c9-4ccf-a64c-bb04e4007899/snapshotimagehandler_757568126.jpeg?h=225&w=225,
293015114,Dr Oetker Pudding In A Mug Rich Chocolate 70G,https://www.tesco.com/groceries/en-GB/shop/food-cupboard/all?department=Home%20Baking%20%26%20Sugar&viewAll=department&page=,£0.85,£12.15/kg,,,/groceries/en-GB/products/293015114,https://digitalcontent.api.tesco.com/v2/media/ghs/4f7aab70-dc69-4075-978c-27937e3bf769/709776e2-15e2-4d80-a6e3-30c03d3ced96_1667869281.jpeg?h=225&w=225,
312210706,Cake Decor Christmas Red 10 Inch Cake Board Assorted,https://www.tesco.com/groceries/en-GB/shop/food-cupboard/all?department=Home%20Baking%20%26%20Sugar&viewAll=department&page=,£1.20,£1.20/each,,New,/groceries/en-GB/products/312210706,https://digitalcontent.api.tesco.com/v2/media/ghs/91a2cd27-c399-4002-ba86-43c163809fca/ae8fa6ff-d99d-44a1-8562-a82a665aa9be_1867890673.jpeg?h=225&w=225,
257071135,Tesco Organic Self Raising Flour 1Kg,https://www.tesco.com/groceries/en-GB/shop/food-cupboard/all?department=Home%20Baking%20%26%20Sugar&viewAll=department&page=,£1.45,£1.45/kg,,,/groceries/en-GB/products/257071135,https://digitalcontent.api.tesco.com/v2/media/ghs/1025d65d-9c70-4ebc-83bf-807ff44320ff/1a78df73-4ccf-4e0c-afb2-27ba8d464579_2124323205.jpeg?h=225&w=225,
273466917,Tesco Victoria Sponge Mix 400G,https://www.tesco.com/groceries/en-GB/shop/food-cupboard/all?department=Home%20Baking%20%26%20Sugar&viewAll=department&page=,£1.20,£3.00/kg,,,/groceries/en-GB/products/273466917,https://digitalcontent.api.tesco.com/v2/media/ghs/35ae789a-4069-4e66-9b95-68ed7a7898a8/c970c5ce-4e29-4a60-b2fc-b585379389f0_2076910114.jpeg?h=225&w=225,
257623232,Allinson Dried Active Baking Yeast 125G,https://www.tesco.com/groceries/en-GB/shop/food-cupboard/all?department=Home%20Baking%20%26%20Sugar&viewAll=department&page=,£1.20,£9.60/kg,,,/groceries/en-GB/products/257623232,https://digitalcontent.api.tesco.com/v2/media/ghs/a0829ac7-d44e-4724-9715-75990acaa94e/1ee50c18-bf20-40ae-96bb-48ec6cde851c_1011648514.jpeg?h=225&w=225,
254916553,Tesco Shortcrust Pastry Mix 450G,https://www.tesco.com/groceries/en-GB/shop/food-cupboard/all?department=Home%20Baking%20%26%20Sugar&viewAll=department&page=,£0.90,£2.00/kg,,,/groceries/en-GB/products/254916553,https://digitalcontent.api.tesco.com/v2/media/ghs/075e89d8-9419-4a75-9ffb-f85a961b81ef/69cb23df-38f0-44e8-94ba-4bf07de75f90_659947686.jpeg?h=225&w=225,
309456235,Tesco Beef Suet 200G,https://www.tesco.com/groceries/en-GB/shop/food-cupboard/all?department=Home%20Baking%20%26%20Sugar&viewAll=department&page=,£1.30,£6.50/kg,,,/groceries/en-GB/products/309456235,https://digitalcontent.api.tesco.com/v2/media/ghs/f8faf442-c8fc-446a-b8fa-a5724610e1f2/40feb910-9dba-4d62-8cd1-5f2d91d94ac8_722891756.jpeg?h=225&w=225,
309205585,Ms Molly's Vanilla Sponge Mix 300G,https://www.tesco.com/groceries/en-GB/shop/food-cupboard/all?department=Home%20Baking%20%26%20Sugar&viewAll=department&page=,£0.60,£2.00/kg,,,/groceries/en-GB/products/309205585,https://digitalcontent.api.tesco.com/v2/media/ghs/fde03c51-75aa-4a3c-8fdc-c67adfa1adeb/c3c4d015-4c85-43ca-824a-ca21633d19fa_1863283019.jpeg?h=225&w=225,
309194249,Ms Mollys Chocolate Sponge Mix 300G,https://www.tesco.com/groceries/en-GB/shop/food-cupboard/all?department=Home%20Baking%20%26%20Sugar&viewAll=department&page=,£0.60,£2.00/kg,,,/groceries/en-GB/products/309194249,https://digitalcontent.api.tesco.com/v2/media/ghs/acd7f1e2-88ff-4516-80cb-e43771d8b4d0/825a045b-7d74-4d3b-9e9a-59d0767c1936_2069905794.jpeg?h=225&w=225,
293191606,Taylor & Colledge Vanilla Bean Extract 100Ml,https://www.tesco.com/groceries/en-GB/shop/food-cupboard/all?department=Home%20Baking%20%26%20Sugar&viewAll=department&page=,£6.00,£0.60/10ml,,,/groceries/en-GB/products/293191606,https://digitalcontent.api.tesco.com/v2/media/ghs/96bb958e-c1fd-4aab-8c8f-517f4dcfa127/e0572784-d1e7-466e-9f74-8f420e122894_616840873.jpeg?h=225&w=225,
271154996,Buckwud Organic Maple Syrup 250G,https://www.tesco.com/groceries/en-GB/shop/food-cupboard/all?department=Home%20Baking%20%26%20Sugar&viewAll=department&page=,£6.00,£2.40/100g,,,/groceries/en-GB/products/271154996,https://digitalcontent.api.tesco.com/v2/media/ghs/8418084f-ac42-4dc7-96a7-d54c83552f4d/676a2e30-ce85-4c74-aa0b-585239eda2db_1516314833.jpeg?h=225&w=225,
272063451,Truvia Sweetener From Stevia Leaf Extract 270G,https://www.tesco.com/groceries/en-GB/shop/food-cupboard/all?department=Home%20Baking%20%26%20Sugar&viewAll=department&page=,£5.00,£18.52/kg,,,/groceries/en-GB/products/272063451,https://digitalcontent.api.tesco.com/v2/media/ghs/25e4f307-ac41-4bae-b672-758b7c253be7/58f43a54-41bf-4e6c-80ae-cea63e4c20bd_1704345846.jpeg?h=225&w=225,
253175998,Betty Crocker Chocolate Fudge Brownie Mix 415G,https://www.tesco.com/groceries/en-GB/shop/food-cupboard/all?department=Home%20Baking%20%26%20Sugar&viewAll=department&page=,£2.80,£6.75/kg,,,/groceries/en-GB/products/253175998,https://digitalcontent.api.tesco.com/v2/media/ghs/9d469601-4915-4ae5-9a47-4ee669c77844/a3e1967d-42fc-4619-ace5-b4cad2171f32_594959779.jpeg?h=225&w=225,
288716692,Betty Crocker Vanilla Buttercream Icing 400G,https://www.tesco.com/groceries/en-GB/shop/food-cupboard/all?department=Home%20Baking%20%26%20Sugar&viewAll=department&page=,£2.80,£0.70/100g,,,/groceries/en-GB/products/288716692,https://digitalcontent.api.tesco.com/v2/media/ghs/651bddec-7809-463e-9494-145c3a063d67/74522aa7-73d4-4b63-893a-f661e75e7f2e_239222548.jpeg?h=225&w=225,
253980373,Allinson Bakers Grade Very Strong White Flour 1.5Kg,https://www.tesco.com/groceries/en-GB/shop/food-cupboard/all?department=Home%20Baking%20%26%20Sugar&viewAll=department&page=,£2.40,£1.60/kg,,,/groceries/en-GB/products/253980373,https://digitalcontent.api.tesco.com/v2/media/ghs/0643c325-87cb-4da2-9a83-4abd55e1c013/ef504d74-7976-4242-94d4-48b408cbc4a4_702933739.jpeg?h=225&w=225,
289585014,Betty Crocker Vanilla Cake Mix 425G,https://www.tesco.com/groceries/en-GB/shop/food-cupboard/all?department=Home%20Baking%20%26%20Sugar&viewAll=department&page=,£2.80,£0.66/100g,,,/groceries/en-GB/products/289585014,https://digitalcontent.api.tesco.com/v2/media/ghs/e81c86eb-6adc-44c5-85ee-fac45b1b3828/a14f8a50-6b3c-479e-88c7-fde4dd7587e1_848425444.jpeg?h=225&w=225,
259463129,Tesco Whole Blanched Hazelnuts 100G,https://www.tesco.com/groceries/en-GB/shop/food-cupboard/all?department=Home%20Baking%20%26%20Sugar&viewAll=department&page=,£2.00,£20.00/kg,,,/groceries/en-GB/products/259463129,https://digitalcontent.api.tesco.com/v2/media/ghs/0ea94239-e92e-43de-960b-1de37f70466e/349aa576-5f63-406c-9df5-c29d48417543_1689042272.jpeg?h=225&w=225,
278974659,Truvia Sweetener From Stevia Leaf 100 Tablets 5G,https://www.tesco.com/groceries/en-GB/shop/food-cupboard/all?department=Home%20Baking%20%26%20Sugar&viewAll=department&page=,£2.60,£520.00/kg,,,/groceries/en-GB/products/278974659,https://digitalcontent.api.tesco.com/v2/media/ghs/7cf76cf8-656f-4c06-a9b3-839a660b4b54/efd826f7-9593-42ba-a2cc-f43910eef5af_238974498.jpeg?h=225&w=225,
296457140,Dr Oetker Fine Dark Cocoa Powder Tub 190G,https://www.tesco.com/groceries/en-GB/shop/food-cupboard/all?department=Home%20Baking%20%26%20Sugar&viewAll=department&page=,£3.15,£1.66/100g,£2.25 Clubcard Price,,/groceries/en-GB/products/296457140,https://digitalcontent.api.tesco.com/v2/media/ghs/f02ad843-e724-4686-b701-73fd75bfce9f/b456441b-275c-4343-a582-99ffc6975109_1162854449.jpeg?h=225&w=225,
301964648,Silver Spoon Jam Sugar 1Kg,https://www.tesco.com/groceries/en-GB/shop/food-cupboard/all?department=Home%20Baking%20%26%20Sugar&viewAll=department&page=,£2.25,£2.25/kg,,,/groceries/en-GB/products/301964648,https://digitalcontent.api.tesco.com/v2/media/ghs/721f7997-549e-4833-9918-9225c6d6a249/daa9633c-cf47-4ba7-b259-e091df8b0086_1933438784.jpeg?h=225&w=225,
304788799,Cake Decor Coloured Writing Icing 76G,https://www.tesco.com/groceries/en-GB/shop/food-cupboard/all?department=Home%20Baking%20%26%20Sugar&viewAll=department&page=,£2.00,£2.64/100g,,,/groceries/en-GB/products/304788799,https://digitalcontent.api.tesco.com/v2/media/ghs/7717bdca-d19c-4084-abb8-27d294835eee/c9f099eb-2c22-448f-b08f-fac399d9e264_1335388910.jpeg?h=225&w=225,
306390368,Nestle Carnation Caramel Drizzle 450G,https://www.tesco.com/groceries/en-GB/shop/food-cupboard/all?department=Home%20Baking%20%26%20Sugar&viewAll=department&page=,£2.70,£0.60/100g,,,/groceries/en-GB/products/306390368,https://digitalcontent.api.tesco.com/v2/media/ghs/e962dd1b-3b7d-4663-8c01-b435b0008a90/27146b0e-ba55-4dfb-bfb6-68046271b7dd_1604229266.jpeg?h=225&w=225,
311687598,Tesco Finest '00' Grade Pasta & Pizza Flour 1Kg,https://www.tesco.com/groceries/en-GB/shop/food-cupboard/all?department=Home%20Baking%20%26%20Sugar&viewAll=department&page=,£1.60,£1.60/kg,,,/groceries/en-GB/products/311687598,https://digitalcontent.api.tesco.com/v2/media/ghs/f9ae84c5-e3b2-4f01-b901-8678268cd6e1/5f8bf1fa-0c12-4cf3-8e5d-b7004f689f96_1709097605.jpeg?h=225&w=225,
271110081,Opies Crystallised Ginger 200G,https://www.tesco.com/groceries/en-GB/shop/food-cupboard/all?department=Home%20Baking%20%26%20Sugar&viewAll=department&page=,£2.45,£12.25/kg,,,/groceries/en-GB/products/271110081,https://digitalcontent.api.tesco.com/v2/media/ghs/68136b03-b258-4ae5-9d39-4aded6531a5d/9db6c351-4a1b-49e6-8b66-b05c68f1d0f2_675749639.jpeg?h=225&w=225,
271657355,Tesco Medium Chapatti Flour 10Kg,https://www.tesco.com/groceries/en-GB/shop/food-cupboard/all?department=Home%20Baking%20%26%20Sugar&viewAll=department&page=,£5.50,£0.55/kg,,,/groceries/en-GB/products/271657355,https://digitalcontent.api.tesco.com/v2/media/ghs/ff2cc61d-121a-4da6-9abc-cbeb35161f48/a12423e8-88b2-4ede-87be-89956ea3736d_1775486767.jpeg?h=225&w=225,
297599216,Whitworths Stoned Dates 350G,https://www.tesco.com/groceries/en-GB/shop/food-cupboard/all?department=Home%20Baking%20%26%20Sugar&viewAll=department&page=,£2.00,£5.72/kg,,,/groceries/en-GB/products/297599216,https://digitalcontent.api.tesco.com/v2/media/ghs/7652ae56-11ae-4393-a261-624dbf43d882/7a5e6827-de63-4cb3-982e-aaf59b7089a9_690092928.jpeg?h=225&w=225,
278975727,Tesco Glace Morello Cherries 200G,https://www.tesco.com/groceries/en-GB/shop/food-cupboard/all?department=Home%20Baking%20%26%20Sugar&viewAll=department&page=,£2.10,£10.50/kg,,,/groceries/en-GB/products/278975727,https://digitalcontent.api.tesco.com/v2/media/ghs/8e0db0a1-6b24-4b58-a4ef-d18ed21909dc/fa778b22-1376-49d5-8190-9a48a34efc17_1757891391.jpeg?h=225&w=225,
275712111,Whitworths Crystalised Ginger 175G,https://www.tesco.com/groceries/en-GB/shop/food-cupboard/all?department=Home%20Baking%20%26%20Sugar&viewAll=department&page=,£2.00,£11.43/kg,,,/groceries/en-GB/products/275712111,https://digitalcontent.api.tesco.com/v2/media/ghs/8869432d-b5e9-4c3b-a904-64bcd3eab4e1/6a905c3f-dd45-44c5-bea8-57077ac945ad_69677907.jpeg?h=225&w=225,
309781673,Create A Cake Rainbow Muffin Cases 100,https://www.tesco.com/groceries/en-GB/shop/food-cupboard/all?department=Home%20Baking%20%26%20Sugar&viewAll=department&page=,£1.90,£0.02/each,,,/groceries/en-GB/products/309781673,https://digitalcontent.api.tesco.com/v2/media/ghs/24009a76-44fb-448c-b40c-970f7397bf2e/bd6a766e-b150-4ce8-8ab6-f071cc9e9214_1702593806.jpeg?h=225&w=225,
297357060,Dr. Oetker Extra Strong Orange Food Food Gel 15G,https://www.tesco.com/groceries/en-GB/shop/food-cupboard/all?department=Home%20Baking%20%26%20Sugar&viewAll=department&page=,£1.50,£100.00/kg,,,/groceries/en-GB/products/297357060,https://digitalcontent.api.tesco.com/v2/media/ghs/cdae03c3-e029-42a9-bb71-49284c84c04c/a38f8db7-a923-4622-9744-96755b72c43d_1882791941.jpeg?h=225&w=225,
297356965,Dr. Oetker Coloured Gel - Blue Extra Strong 15G,https://www.tesco.com/groceries/en-GB/shop/food-cupboard/all?department=Home%20Baking%20%26%20Sugar&viewAll=department&page=,£1.50,£100.00/kg,,,/groceries/en-GB/products/297356965,https://digitalcontent.api.tesco.com/v2/media/ghs/7bb9c2f6-9f4a-4c46-ab54-e2c333000143/b7fb6016-3f04-43ee-bf60-d0a8627d33f4_303673801.jpeg?h=225&w=225,
251183035,Doves Farm Organic Spelt Wholemeal Flour 1Kg,https://www.tesco.com/groceries/en-GB/shop/food-cupboard/all?department=Home%20Baking%20%26%20Sugar&viewAll=department&page=,£2.75,£2.75/kg,,,/groceries/en-GB/products/251183035,https://digitalcontent.api.tesco.com/v2/media/ghs/41af15a3-dfb3-428c-9a00-38dbdf8665d7/f4192a75-a17d-4c5b-be92-8c8123f12fba_619615104.jpeg?h=225&w=225,
252015574,Tesco Crusty Wholemeal Bread Mix 500G,https://www.tesco.com/groceries/en-GB/shop/food-cupboard/all?department=Home%20Baking%20%26%20Sugar&viewAll=department&page=,£1.00,£2.00/kg,,,/groceries/en-GB/products/252015574,https://digitalcontent.api.tesco.com/v2/media/ghs/722d1d33-b311-4ea4-8709-e8b785676e4a/a7bf3054-bcd1-4c26-b880-99ff960fd0a7_793766667.jpeg?h=225&w=225,
258149204,Betty Crocker Chocolate Chip Cookie Mix 200G,https://www.tesco.com/groceries/en-GB/shop/food-cupboard/all?department=Home%20Baking%20%26%20Sugar&viewAll=department&page=,£1.85,£9.25/kg,,,/groceries/en-GB/products/258149204,https://digitalcontent.api.tesco.com/v2/media/ghs/a5287690-254e-432b-b718-6527044a77e9/c3914bbb-10eb-4ceb-9b42-a842493fb264_2058448840.jpeg?h=225&w=225,
309458187,Tesco Organic Flaked Almonds 100G,https://www.tesco.com/groceries/en-GB/shop/food-cupboard/all?department=Home%20Baking%20%26%20Sugar&viewAll=department&page=,£2.30,£23.00/kg,,,/groceries/en-GB/products/309458187,https://digitalcontent.api.tesco.com/v2/media/ghs/30cc048f-aa54-4b37-b2ff-9592cac1a91f/82214ef4-a100-4c8a-a725-5ff0d4f6b3c9_1700445309.jpeg?h=225&w=225,
277180574,Dr Oetker Fine Cooks Dark Chocolate 54% 150G,https://www.tesco.com/groceries/en-GB/shop/food-cupboard/all?department=Home%20Baking%20%26%20Sugar&viewAll=department&page=,£1.95,£1.30/100g,£1.25 Clubcard Price,,/groceries/en-GB/products/277180574,https://digitalcontent.api.tesco.com/v2/media/ghs/02ebb3d7-640c-4428-9854-35dcbf77cc43/dfc802cd-3df6-4f0c-9204-08197b3e8c0d_202202628.jpeg?h=225&w=225,
256859070,Tesco Scone Mix 320G,https://www.tesco.com/groceries/en-GB/shop/food-cupboard/all?department=Home%20Baking%20%26%20Sugar&viewAll=department&page=,£0.90,£2.82/kg,,,/groceries/en-GB/products/256859070,https://digitalcontent.api.tesco.com/v2/media/ghs/6806b869-a5f9-436b-a656-c87ce4f979d9/bfb8f8d0-4c46-45e2-a208-48eeb283f7cf_455780163.jpeg?h=225&w=225,
285024271,Tesco Multiseed Bread Mix 500G,https://www.tesco.com/groceries/en-GB/shop/food-cupboard/all?department=Home%20Baking%20%26%20Sugar&viewAll=department&page=,£1.00,£2.00/kg,,,/groceries/en-GB/products/285024271,https://digitalcontent.api.tesco.com/v2/media/ghs/182d4494-bec1-44e5-b963-d1d91465035d/5fba55fa-9165-4976-8c4a-adf0c976d7e8_1760524489.jpeg?h=225&w=225,
285021389,Tesco Sourdough Bread Mix 500G,https://www.tesco.com/groceries/en-GB/shop/food-cupboard/all?department=Home%20Baking%20%26%20Sugar&viewAll=department&page=,£1.00,£2.00/kg,,,/groceries/en-GB/products/285021389,https://digitalcontent.api.tesco.com/v2/media/ghs/e9a83449-6f8e-4a12-9419-82a1f636e2d1/c4f3a3ef-bb62-4213-8de2-012d6ed32523_859947271.jpeg?h=225&w=225,
271090212,Tesco Poppy Seeds 100G,https://www.tesco.com/groceries/en-GB/shop/food-cupboard/all?department=Home%20Baking%20%26%20Sugar&viewAll=department&page=,£1.00,£10.00/kg,,,/groceries/en-GB/products/271090212,https://digitalcontent.api.tesco.com/v2/media/ghs/876d88d8-c5b5-43c5-a054-96a6296a6fe8/68303ddf-67c6-4097-99e1-1d4e77039fbf_1273983103.jpeg?h=225&w=225,
273714325,Dr Oetker Fine Cooks Chocolate Extra Dark 150G,https://www.tesco.com/groceries/en-GB/shop/food-cupboard/all?department=Home%20Baking%20%26%20Sugar&viewAll=department&page=,£1.95,£1.30/100g,£1.25 Clubcard Price,,/groceries/en-GB/products/273714325,https://digitalcontent.api.tesco.com/v2/media/ghs/505ec7fb-956b-4787-991d-ba9ef34dd63b/a12dea11-f06c-4119-a1a2-4e57f3d9981b_509199493.jpeg?h=225&w=225,
271004702,Tesco Chocolate Sponge Cake Mix 400G,https://www.tesco.com/groceries/en-GB/shop/food-cupboard/all?department=Home%20Baking%20%26%20Sugar&viewAll=department&page=,£1.20,£3.00/kg,,,/groceries/en-GB/products/271004702,https://digitalcontent.api.tesco.com/v2/media/ghs/41118266-fddb-4ce6-94ec-23f97e184e47/ffbbb735-1320-4a6b-9e1d-fbfcd1500b2b_2025740241.jpeg?h=225&w=225,
306951621,Tesco Rainbow Sprinkles 75G,https://www.tesco.com/groceries/en-GB/shop/food-cupboard/all?department=Home%20Baking%20%26%20Sugar&viewAll=department&page=,£1.05,£1.40/100g,,,/groceries/en-GB/products/306951621,https://digitalcontent.api.tesco.com/v2/media/ghs/958b6970-c61f-49f3-8ae5-58119f0a7e76/d033823e-0c37-42dd-a2fa-2558347d9f90_682999185.jpeg?h=225&w=225,
273714423,Dr Oetker Fine Cooks Chocolate Milk 150G,https://www.tesco.com/groceries/en-GB/shop/food-cupboard/all?department=Home%20Baking%20%26%20Sugar&viewAll=department&page=,£1.95,£1.30/100g,£1.25 Clubcard Price,,/groceries/en-GB/products/273714423,https://digitalcontent.api.tesco.com/v2/media/ghs/a08f28ca-f0bc-42f8-8c9d-151b0ff59f18/34adda67-6534-4cd7-ba4c-78d39b2020d5_2106318404.jpeg?h=225&w=225,
293015166,Dr Oetker Chocolate Chip Pudding In A Mug 65G,https://www.tesco.com/groceries/en-GB/shop/food-cupboard/all?department=Home%20Baking%20%26%20Sugar&viewAll=department&page=,£0.85,£13.08/kg,,,/groceries/en-GB/products/293015166,https://digitalcontent.api.tesco.com/v2/media/ghs/04e11d8e-8007-4f73-b888-ef8075ab03c7/55489918-4c42-4851-b2a0-0e55280e634a_1132535397.jpeg?h=225&w=225,
309464339,Ms. Mollys Chocolate Flavour Frosting 300G,https://www.tesco.com/groceries/en-GB/shop/food-cupboard/all?department=Home%20Baking%20%26%20Sugar&viewAll=department&page=,£0.97,£0.32/100g,Aldi Price Match,,/groceries/en-GB/products/309464339,https://digitalcontent.api.tesco.com/v2/media/ghs/2c9fa5ef-de70-48ee-a91a-a06bd1d67f62/37805b63-4d58-4eca-b94d-865f3bd5cd26_317850580.jpeg?h=225&w=225,
309464847,Ms. Molly's Vanilla Flavour Frosting 300G,https://www.tesco.com/groceries/en-GB/shop/food-cupboard/all?department=Home%20Baking%20%26%20Sugar&viewAll=department&page=,£0.97,£0.32/100g,Aldi Price Match,,/groceries/en-GB/products/309464847,https://digitalcontent.api.tesco.com/v2/media/ghs/631309a6-dbef-403c-b4b0-d917abba7285/756e0e15-a8e9-4f42-94ee-9d0490c78de7_2137253833.jpeg?h=225&w=225,
301868463,Nestle Condensed Milk 397G,https://www.tesco.com/groceries/en-GB/shop/food-cupboard/all?department=Home%20Baking%20%26%20Sugar&viewAll=department&page=,£1.30,£3.28/kg,,,/groceries/en-GB/products/301868463,https://digitalcontent.api.tesco.com/v2/media/ghs/5ede7c9a-81ca-4fc9-bb5e-177b2b24d633/ce7a0cbc-802c-4504-a309-ddaaf6cec16e_1478366598.jpeg?h=225&w=225,
293191629,Taylor & Colledge Organic Vanilla Bean Paste 65G,https://www.tesco.com/groceries/en-GB/shop/food-cupboard/all?department=Home%20Baking%20%26%20Sugar&viewAll=department&page=,£4.50,£0.69/10g,,,/groceries/en-GB/products/293191629,https://digitalcontent.api.tesco.com/v2/media/ghs/b04414da-6e4d-41b4-b51d-7e9db29bdb52/a8609051-14dd-449f-bacd-87fb094036fc_1644153968.jpeg?h=225&w=225,
291614360,Natvia All Natural Sweetener 300G,https://www.tesco.com/groceries/en-GB/shop/food-cupboard/all?department=Home%20Baking%20%26%20Sugar&viewAll=department&page=,£5.00,£16.67/kg,,,/groceries/en-GB/products/291614360,https://digitalcontent.api.tesco.com/v2/media/ghs/ede730f9-c94e-4019-865d-e462505aec45/c2d88a76-d0d3-4d0c-899b-2af03bd8db30_612974608.jpeg?h=225&w=225,
260614861,Splenda Sweetener 500Pk,https://www.tesco.com/groceries/en-GB/shop/food-cupboard/all?department=Home%20Baking%20%26%20Sugar&viewAll=department&page=,£5.50,£733.34/kg,,,/groceries/en-GB/products/260614861,https://digitalcontent.api.tesco.com/v2/media/ghs/6bef7838-ef05-4745-a1b3-f5e7716da894/7f76204f-cc44-4f3f-a353-085dade14c63_1964025321.jpeg?h=225&w=225,
250028660,Canderel Refil Sachets 500Pk 42.5G,https://www.tesco.com/groceries/en-GB/shop/food-cupboard/all?department=Home%20Baking%20%26%20Sugar&viewAll=department&page=,£5.10,£120.00/kg,,,/groceries/en-GB/products/250028660,https://digitalcontent.api.tesco.com/v2/media/ghs/01ed2ad6-951a-4c80-bf8f-eee13a47cfb6/b7d5dc8e-a2e6-4c65-809e-6dbb166f92dd_1632958744.jpeg?h=225&w=225,
292277219,Dr. Oetker Vanilla Bean Paste,https://www.tesco.com/groceries/en-GB/shop/food-cupboard/all?department=Home%20Baking%20%26%20Sugar&viewAll=department&page=,£3.80,£0.38/10g,,,/groceries/en-GB/products/292277219,https://digitalcontent.api.tesco.com/v2/media/ghs/9ac7f47f-0ddf-467f-a773-fd8273a978d8/7dec6216-89b7-438d-b161-806987fb1c62_1347856137.jpeg?h=225&w=225,
305438459,Pure Via 100% Erythritol Nature Sweet 250G,https://www.tesco.com/groceries/en-GB/shop/food-cupboard/all?department=Home%20Baking%20%26%20Sugar&viewAll=department&page=,£3.20,£12.80/kg,,,/groceries/en-GB/products/305438459,https://digitalcontent.api.tesco.com/v2/media/ghs/b9c36592-c195-409c-9125-f94fdcae536e/7cd54dc4-e031-42e4-a331-a2b3653cb650_456398798.jpeg?h=225&w=225,
309465817,Matthews Flour Eight Grain Strong Multigrain 1.5Kg,https://www.tesco.com/groceries/en-GB/shop/food-cupboard/all?department=Home%20Baking%20%26%20Sugar&viewAll=department&page=,£3.15,£2.10/kg,,,/groceries/en-GB/products/309465817,https://digitalcontent.api.tesco.com/v2/media/ghs/42b73e9c-5cc6-46e2-9d8b-6e8894aa7899/28c455b4-2178-4353-a05d-7d6c6f9f424b_1086100761.jpeg?h=225&w=225,
260713853,Allinson Wholemeal Self Raising Flour 1Kg,https://www.tesco.com/groceries/en-GB/shop/food-cupboard/all?department=Home%20Baking%20%26%20Sugar&viewAll=department&page=,£1.95,£1.95/kg,,,/groceries/en-GB/products/260713853,https://digitalcontent.api.tesco.com/v2/media/ghs/66e93c95-d030-4475-a86e-237ca475d1f7/9a6e3684-7183-4e56-855e-a32498b8ecbc_82627458.jpeg?h=225&w=225,
306934089,Matthews Cotswold Strong White Flour 1.5Kg,https://www.tesco.com/groceries/en-GB/shop/food-cupboard/all?department=Home%20Baking%20%26%20Sugar&viewAll=department&page=,£2.30,£1.54/kg,,,/groceries/en-GB/products/306934089,https://digitalcontent.api.tesco.com/v2/media/ghs/95cad7ea-93fe-42c9-81c8-f5585221b0ef/62e6767b-eaf9-4ce4-98b0-9957534dd32b_39120756.jpeg?h=225&w=225,
289575959,Tesco Chocolate Chunk Cookie Mix 285G,https://www.tesco.com/groceries/en-GB/shop/food-cupboard/all?department=Home%20Baking%20%26%20Sugar&viewAll=department&page=,£1.95,£6.85/kg,,,/groceries/en-GB/products/289575959,https://digitalcontent.api.tesco.com/v2/media/ghs/94703a11-48d7-42af-b2cb-239a3a3f998d/41772efa-e835-4643-aecc-62e6f77d5f20_1868199676.jpeg?h=225&w=225,
278584988,Tesco Ready To Roll Coloured Icing Black 250G,https://www.tesco.com/groceries/en-GB/shop/food-cupboard/all?department=Home%20Baking%20%26%20Sugar&viewAll=department&page=,£1.85,£0.74/100g,,,/groceries/en-GB/products/278584988,https://digitalcontent.api.tesco.com/v2/media/ghs/159c3ca1-dc50-46c9-8e29-add558dc44b8/092fffd1-fc4f-4414-ac8b-75099b463dd3_1407263218.jpeg?h=225&w=225,
278587645,Tesco Ready To Roll Coloured Icing Red 250G,https://www.tesco.com/groceries/en-GB/shop/food-cupboard/all?department=Home%20Baking%20%26%20Sugar&viewAll=department&page=,£1.85,£0.74/100g,,,/groceries/en-GB/products/278587645,https://digitalcontent.api.tesco.com/v2/media/ghs/34f2f9f6-1477-4151-9241-8c7ceeb4ad1f/c94408bd-321d-4a96-ba35-9fa423a46d04_532251136.jpeg?h=225&w=225,
312221745,Tesco 5 Decorate Your Own Gingerbread Men Kit 199G,https://www.tesco.com/groceries/en-GB/shop/food-cupboard/all?department=Home%20Baking%20%26%20Sugar&viewAll=department&page=,£2.25,£1.14/100g,£2.00 Clubcard Price,,/groceries/en-GB/products/312221745,https://digitalcontent.api.tesco.com/v2/media/ghs/d95aa51d-a35d-438f-a8c1-8ea328277b89/ad4987f9-1578-40ed-b9ed-2313ff89b2c9_781902168.jpeg?h=225&w=225,
308827616,Matthews Flour Stoneground Strong Wholegrain 1.5Kg,https://www.tesco.com/groceries/en-GB/shop/food-cupboard/all?department=Home%20Baking%20%26%20Sugar&viewAll=department&page=,£2.30,£1.54/kg,,,/groceries/en-GB/products/308827616,https://digitalcontent.api.tesco.com/v2/media/ghs/f55a1f87-4cd7-4b26-9180-ee1226df0aff/e48e7766-4d2e-4785-8de2-4b35e81c6d36_993692331.jpeg?h=225&w=225,
302173839,The Groovy Food Co. Agave Nector Rich & Dark 250Ml,https://www.tesco.com/groceries/en-GB/shop/food-cupboard/all?department=Home%20Baking%20%26%20Sugar&viewAll=department&page=,£2.50,£10.00/litre,,,/groceries/en-GB/products/302173839,https://digitalcontent.api.tesco.com/v2/media/ghs/716b098b-680b-469c-bfcf-0d95a6821f92/4447a443-878d-46f6-9916-0cf60ea11608_559472304.jpeg?h=225&w=225,
297356942,Dr. Oetker Coloured Gel - Yellow Extra Strong 15G,https://www.tesco.com/groceries/en-GB/shop/food-cupboard/all?department=Home%20Baking%20%26%20Sugar&viewAll=department&page=,£1.50,£100.00/kg,,,/groceries/en-GB/products/297356942,https://digitalcontent.api.tesco.com/v2/media/ghs/7a1863cd-8616-423f-ab3a-ba6dd906d812/f90e27ca-880f-42bb-acce-d9535c526368_1369945242.jpeg?h=225&w=225,
304724456,Dr Oetker Platinum Grdleaf Gelatine 13G,https://www.tesco.com/groceries/en-GB/shop/food-cupboard/all?department=Home%20Baking%20%26%20Sugar&viewAll=department&page=,£2.00,£15.39/100g,,,/groceries/en-GB/products/304724456,https://digitalcontent.api.tesco.com/v2/media/ghs/a95a2a1d-6d3f-418b-a582-61d36b601d32/923217cf-453b-4804-8d9e-3452e2b869ab_817701173.jpeg?h=225&w=225,
297357025,Dr. Oetker Extra Strong Black Food Colour Gel 15G,https://www.tesco.com/groceries/en-GB/shop/food-cupboard/all?department=Home%20Baking%20%26%20Sugar&viewAll=department&page=,£1.50,£100.00/kg,,,/groceries/en-GB/products/297357025,https://digitalcontent.api.tesco.com/v2/media/ghs/7492c672-7195-4e94-b9ca-6c3cf13d2647/284282c9-4519-4ddd-8af9-93dde27bd097_1018941434.jpeg?h=225&w=225,
309458354,Tesco Finest Cooking Dark Chocolate 100G,https://www.tesco.com/groceries/en-GB/shop/food-cupboard/all?department=Home%20Baking%20%26%20Sugar&viewAll=department&page=,£1.50,£1.50/100g,,,/groceries/en-GB/products/309458354,https://digitalcontent.api.tesco.com/v2/media/ghs/e8e1295b-beff-4a85-a931-61fc38ccee04/60095a2f-5eb5-4d28-a1ca-3bcecd98b3e1_1573287746.jpeg?h=225&w=225,
293103626,Tesco Lemon Drizzle Cake Kit 320G,https://www.tesco.com/groceries/en-GB/shop/food-cupboard/all?department=Home%20Baking%20%26%20Sugar&viewAll=department&page=,£1.85,£0.58/100g,,,/groceries/en-GB/products/293103626,https://digitalcontent.api.tesco.com/v2/media/ghs/73fbe276-eed3-4c85-8e0b-1c90eb73a042/63b0bec1-430f-40cf-9983-dcf1698fb49f_914790700.jpeg?h=225&w=225,
309785869,Create A Cake Pastel Muffin Cases 100,https://www.tesco.com/groceries/en-GB/shop/food-cupboard/all?department=Home%20Baking%20%26%20Sugar&viewAll=department&page=,£1.90,£0.02/each,,,/groceries/en-GB/products/309785869,https://digitalcontent.api.tesco.com/v2/media/ghs/0d69d81d-5a1a-4265-a722-5243c9ba2139/bdf59cbd-e1b6-40e0-b4ae-7996b3fbd41e_2069838755.jpeg?h=225&w=225,
304413087,Wright's Baking Ginger Cake Mix 500G,https://www.tesco.com/groceries/en-GB/shop/food-cupboard/all?department=Home%20Baking%20%26%20Sugar&viewAll=department&page=,£1.80,£3.60/kg,,,/groceries/en-GB/products/304413087,https://digitalcontent.api.tesco.com/v2/media/ghs/841c8237-be91-44a9-b4cc-aa5c395dba73/1a35ec53-8078-45a7-bb92-019b8b4d7152_690644082.jpeg?h=225&w=225,
304379305,Wright's Baking Chocolate Fudge Cake Mix 500G,https://www.tesco.com/groceries/en-GB/shop/food-cupboard/all?department=Home%20Baking%20%26%20Sugar&viewAll=department&page=,£1.80,£3.60/kg,,,/groceries/en-GB/products/304379305,https://digitalcontent.api.tesco.com/v2/media/ghs/b9081e42-3797-4f37-9af4-5de9ee454bbf/a63df7d1-de86-4844-a8e3-30918ad07cf5_944320932.jpeg?h=225&w=225,
275617875,Tesco Triple Chocolate Curls 30G,https://www.tesco.com/groceries/en-GB/shop/food-cupboard/all?department=Home%20Baking%20%26%20Sugar&viewAll=department&page=,£1.05,£3.50/100g,,,/groceries/en-GB/products/275617875,https://digitalcontent.api.tesco.com/v2/media/ghs/a87a8930-f67a-44c2-b053-f2b045b2f8c3/64b3b50a-273f-4158-8b31-01403102b884_1368016107.jpeg?h=225&w=225,
278533364,Dr.Oetker Sicilian Lemon Natural Extract 35Ml,https://www.tesco.com/groceries/en-GB/shop/food-cupboard/all?department=Home%20Baking%20%26%20Sugar&viewAll=department&page=,£1.45,£0.42/10ml,,,/groceries/en-GB/products/278533364,https://digitalcontent.api.tesco.com/v2/media/ghs/7cdb0c41-5e43-4771-968a-770b9ba6f32f/a14fd510-df85-4529-ae4b-c9655ac8eafb_608893946.jpeg?h=225&w=225,
293103661,Tesco Chocolate Brownie Mix Kit 285G,https://www.tesco.com/groceries/en-GB/shop/food-cupboard/all?department=Home%20Baking%20%26%20Sugar&viewAll=department&page=,£1.90,£6.67/kg,,,/groceries/en-GB/products/293103661,https://digitalcontent.api.tesco.com/v2/media/ghs/e61d7826-7054-4d11-853b-957830e14090/3a5f61e3-129c-43fd-957f-074134763e1c_2003658135.jpeg?h=225&w=225,
304373381,Cadbury Chocolate Icing 400G,https://www.tesco.com/groceries/en-GB/shop/food-cupboard/all?department=Home%20Baking%20%26%20Sugar&viewAll=department&page=,£2.00,£0.50/100g,,,/groceries/en-GB/products/304373381,https://digitalcontent.api.tesco.com/v2/media/ghs/a1915001-1026-4f3b-9282-376e9a10182b/120ce099-3bc6-4023-9844-a3f99116f1b2_68982500.jpeg?h=225&w=225,
280932920,Dr.Oetker Gelatine Sachet 3X12g,https://www.tesco.com/groceries/en-GB/shop/food-cupboard/all?department=Home%20Baking%20%26%20Sugar&viewAll=department&page=,£1.40,£3.89/100g,,,/groceries/en-GB/products/280932920,https://digitalcontent.api.tesco.com/v2/media/ghs/b951bc34-7691-428a-9135-298b30545634/e101e8ca-eddc-4c7a-9a12-a00cae60c8a9_57398212.jpeg?h=225&w=225,
278532048,Dr.Oetker American Peppermint Natural Extract 35Ml,https://www.tesco.com/groceries/en-GB/shop/food-cupboard/all?department=Home%20Baking%20%26%20Sugar&viewAll=department&page=,£1.45,£0.42/10ml,,,/groceries/en-GB/products/278532048,https://digitalcontent.api.tesco.com/v2/media/ghs/8da40662-94b7-47a7-be75-e3aea3a6ce9d/da969d59-9d98-469b-91a8-26cee3760a63_140562046.jpeg?h=225&w=225,
304401907,Dr. Oetker Valencian Orange Extract 35Ml,https://www.tesco.com/groceries/en-GB/shop/food-cupboard/all?department=Home%20Baking%20%26%20Sugar&viewAll=department&page=,£1.45,£0.42/10ml,,,/groceries/en-GB/products/304401907,https://digitalcontent.api.tesco.com/v2/media/ghs/0da24c70-868b-4141-9995-006b7feb1a51/a2e97efb-5ec8-4803-92d7-7f6b82641542_802733288.jpeg?h=225&w=225,
289599482,Tesco Sprinkles Multi Coloured Stars 50G,https://www.tesco.com/groceries/en-GB/shop/food-cupboard/all?department=Home%20Baking%20%26%20Sugar&viewAll=department&page=,£1.05,£2.10/100g,,,/groceries/en-GB/products/289599482,https://digitalcontent.api.tesco.com/v2/media/ghs/b1ebfbe4-7bd0-4910-9b04-ee7cd098525b/95fd9817-bb0f-4f35-9b40-e5644e93e36f_14477070.jpeg?h=225&w=225,
292399582,Tesco Milk Chocolate Vermicelli 70G,https://www.tesco.com/groceries/en-GB/shop/food-cupboard/all?department=Home%20Baking%20%26%20Sugar&viewAll=department&page=,£1.05,£1.50/100g,,,/groceries/en-GB/products/292399582,https://digitalcontent.api.tesco.com/v2/media/ghs/07a5ef2e-c521-41f3-9570-3c49cc9349fe/6cd6363f-2f15-48f0-a408-b0129a9d56fa_2048378754.jpeg?h=225&w=225,
257123599,Doves Farm Gluten Free White Bread Flour 1Kg,https://www.tesco.com/groceries/en-GB/shop/food-cupboard/all?department=Home%20Baking%20%26%20Sugar&viewAll=department&page=,£1.70,£1.70/kg,,,/groceries/en-GB/products/257123599,https://digitalcontent.api.tesco.com/v2/media/ghs/473a1a34-d990-41bc-90d4-1c89e994caf1/a8a48f86-8b53-4040-a7fe-72e0bf24d45f_234789946.jpeg?h=225&w=225,
282996072,Dr. Oetker Extra Dark Chocolate Chunks 100G,https://www.tesco.com/groceries/en-GB/shop/food-cupboard/all?department=Home%20Baking%20%26%20Sugar&viewAll=department&page=,£1.85,£1.85/100g,£1.25 Clubcard Price,,/groceries/en-GB/products/282996072,https://digitalcontent.api.tesco.com/v2/media/ghs/97a81c3d-fc9e-4f1b-96fe-b31f26b0657f/dafc18aa-71f5-4b4b-b4db-fc6651fb904b_632423633.jpeg?h=225&w=225,
309767155,Create A Cake 10'' Cake Board,https://www.tesco.com/groceries/en-GB/shop/food-cupboard/all?department=Home%20Baking%20%26%20Sugar&viewAll=department&page=,£1.35,£1.35/each,,,/groceries/en-GB/products/309767155,https://digitalcontent.api.tesco.com/v2/media/ghs/16f768ed-6bc8-4d17-a743-f3f0c2bf6dc6/0fe8d67b-43f2-4b3e-9b2b-3fbde31a229c_283895908.jpeg?h=225&w=225,
296338712,Dr Oetker Sticky Toffee Pudding In A Mug 70G,https://www.tesco.com/groceries/en-GB/shop/food-cupboard/all?department=Home%20Baking%20%26%20Sugar&viewAll=department&page=,£0.85,£1.22/100g,,,/groceries/en-GB/products/296338712,https://digitalcontent.api.tesco.com/v2/media/ghs/012dc71b-a6b8-432c-865e-63b439642993/55628a7a-4080-41b4-b7ed-b65cb93d7736_1511448241.jpeg?h=225&w=225,
309765658,Tesco Vegan Pancake Shaker Mix 155G,https://www.tesco.com/groceries/en-GB/shop/food-cupboard/all?department=Home%20Baking%20%26%20Sugar&viewAll=department&page=,£1.00,£6.46/kg,,,/groceries/en-GB/products/309765658,https://digitalcontent.api.tesco.com/v2/media/ghs/23e11bb2-032c-470c-b2d5-9141eb1fe032/89c9b399-9243-4467-a124-a03c5298f6a0_2123747095.jpeg?h=225&w=225,
309496901,Tesco American Pancake Shaker Mix With Chocolate Chips 155G,https://www.tesco.com/groceries/en-GB/shop/food-cupboard/all?department=Home%20Baking%20%26%20Sugar&viewAll=department&page=,£1.00,£6.46/kg,,,/groceries/en-GB/products/309496901,https://digitalcontent.api.tesco.com/v2/media/ghs/6a3f2de6-b6d0-4bdb-a375-bfce8efd8759/e717ffb7-1760-41ce-a75b-1bb9bb6c9e0d_22977485.jpeg?h=225&w=225,
306948695,Tesco Golden Galaxy Sprinkles 80G,https://www.tesco.com/groceries/en-GB/shop/food-cupboard/all?department=Home%20Baking%20%26%20Sugar&viewAll=department&page=,£1.05,£1.32/100g,,,/groceries/en-GB/products/306948695,https://digitalcontent.api.tesco.com/v2/media/ghs/303eb6f1-9dac-4c8f-ab46-e8a0ea2c7b7d/e31e312f-514b-4bf9-9ba7-a5587e057294_543924058.jpeg?h=225&w=225,
258049553,Carnation Fat Free Condensed Milk 405G,https://www.tesco.com/groceries/en-GB/shop/food-cupboard/all?department=Home%20Baking%20%26%20Sugar&viewAll=department&page=,£1.55,£3.83/kg,£1.25 Clubcard Price,,/groceries/en-GB/products/258049553,https://digitalcontent.api.tesco.com/v2/media/ghs/df333fc5-ee83-4c78-a11b-0060e942cdcd/3e09d04d-7176-419a-832e-f6b5b98f9eb9_918134339.jpeg?h=225&w=225,
297393528,Dr. Oetker Vanilla Extract 95Ml,https://www.tesco.com/groceries/en-GB/shop/food-cupboard/all?department=Home%20Baking%20%26%20Sugar&viewAll=department&page=,£4.50,£0.47/10ml,,,/groceries/en-GB/products/297393528,https://digitalcontent.api.tesco.com/v2/media/ghs/f21be3e5-a4d0-40ee-9854-50db8924ea22/13d8d61f-76be-4130-90f2-22837685774a_1232795293.jpeg?h=225&w=225,
292916265,Groovy Food Company Coconut Sugar Organic 500G,https://www.tesco.com/groceries/en-GB/shop/food-cupboard/all?department=Home%20Baking%20%26%20Sugar&viewAll=department&page=,£4.00,£8.00/kg,,,/groceries/en-GB/products/292916265,https://digitalcontent.api.tesco.com/v2/media/ghs/e86e938e-4bac-46b2-8872-113de88ffd2c/c591658d-3ca7-424a-890f-a8a172eb25b6_1021728861.jpeg?h=225&w=225,
298262291,Nielsen-Massey Vanilla Extract 60Ml,https://www.tesco.com/groceries/en-GB/shop/food-cupboard/all?department=Home%20Baking%20%26%20Sugar&viewAll=department&page=,£7.00,£1.17/10ml,£5.00 Clubcard Price,,/groceries/en-GB/products/298262291,https://digitalcontent.api.tesco.com/v2/media/ghs/13625b10-2aa3-42f2-8dd1-5cf8f91fd94e/5c1ea6d2-9f0c-40aa-8ebd-bf965449be39_1740009422.jpeg?h=225&w=225,
306932120,Tesco Finest French Brandy Marzipan 500G,https://www.tesco.com/groceries/en-GB/shop/food-cupboard/all?department=Home%20Baking%20%26%20Sugar&viewAll=department&page=,£3.50,£0.70/100g,,,/groceries/en-GB/products/306932120,https://digitalcontent.api.tesco.com/v2/media/ghs/74f98e55-9ffb-4f11-a052-0bc2e1524f4d/8373a992-540e-4b5e-a8af-6eb2d2248fbd_1320667247.jpeg?h=225&w=225,
297133774,Doves Farm Organic White Spelt Flour 1Kg,https://www.tesco.com/groceries/en-GB/shop/food-cupboard/all?department=Home%20Baking%20%26%20Sugar&viewAll=department&page=,£3.00,£3.00/kg,,,/groceries/en-GB/products/297133774,https://digitalcontent.api.tesco.com/v2/media/ghs/4ac131b9-f075-43ba-8fdb-73f37697857d/b030616a-98c2-4fd3-af9f-ff9e5bb68235_972848787.jpeg?h=225&w=225,
312992957,Canderel Sugarly Zero Calorie Sweetener 370G,https://www.tesco.com/groceries/en-GB/shop/food-cupboard/all?department=Home%20Baking%20%26%20Sugar&viewAll=department&page=,£4.19,£11.33/kg,,New,/groceries/en-GB/products/312992957,https://digitalcontent.api.tesco.com/v2/media/ghs/29f92576-26dc-4a60-8716-d4cd7c2be732/e619af83-4d9b-4ebc-ad8b-491873e3ad7b_1651088349.jpeg?h=225&w=225,
289584856,Betty Crocker Red Velvet Cake Mix 425G,https://www.tesco.com/groceries/en-GB/shop/food-cupboard/all?department=Home%20Baking%20%26%20Sugar&viewAll=department&page=,£2.80,£0.66/100g,,,/groceries/en-GB/products/289584856,https://digitalcontent.api.tesco.com/v2/media/ghs/f99e18b3-06be-4ed7-834a-b48083d8c90f/dbfd3709-840d-49e7-9bad-6a84f4b85234_742449857.jpeg?h=225&w=225,
309472935,Pure Via 100% Xylitol Plant Based 225G,https://www.tesco.com/groceries/en-GB/shop/food-cupboard/all?department=Home%20Baking%20%26%20Sugar&viewAll=department&page=,£3.00,£13.34/kg,,,/groceries/en-GB/products/309472935,https://digitalcontent.api.tesco.com/v2/media/ghs/ea64a330-3ef1-4129-aaa6-e9281a14db87/bbd967e8-defa-4c4c-8330-c6890b4b4022_1273960197.jpeg?h=225&w=225,
302175859,Betty Crocker Party Rainbow Cake Mix 425G,https://www.tesco.com/groceries/en-GB/shop/food-cupboard/all?department=Home%20Baking%20%26%20Sugar&viewAll=department&page=,£2.80,£6.59/kg,,,/groceries/en-GB/products/302175859,https://digitalcontent.api.tesco.com/v2/media/ghs/cf2d90a4-b4b9-4fb4-ae8b-3850706e530a/85f23c29-a4cc-4028-a4ee-d4c5856af1d0_301585052.jpeg?h=225&w=225,
288730449,Betty Crocker Cream Cheese Icing 400G,https://www.tesco.com/groceries/en-GB/shop/food-cupboard/all?department=Home%20Baking%20%26%20Sugar&viewAll=department&page=,£2.80,£0.70/100g,,,/groceries/en-GB/products/288730449,https://digitalcontent.api.tesco.com/v2/media/ghs/9a78343c-0dfb-4b02-8cce-7bdbd9aad01a/eea77fac-014f-4a69-b200-93eb10a3c8d1_1016009032.jpeg?h=225&w=225,
290834360,Dr Oetker Ready To Roll Coloured Icing 500G,https://www.tesco.com/groceries/en-GB/shop/food-cupboard/all?department=Home%20Baking%20%26%20Sugar&viewAll=department&page=,£3.00,£0.60/100g,,,/groceries/en-GB/products/290834360,https://digitalcontent.api.tesco.com/v2/media/ghs/6acb9f2f-2e50-45bc-91fc-35fbb0004bc9/f80527f3-b3f5-4f89-a3cc-6de0d2fce558_1252406154.jpeg?h=225&w=225,
296309914,Betty Crocker Triple Chocolate Brownie Mix 415G,https://www.tesco.com/groceries/en-GB/shop/food-cupboard/all?department=Home%20Baking%20%26%20Sugar&viewAll=department&page=,£2.80,£6.75/kg,,,/groceries/en-GB/products/296309914,https://digitalcontent.api.tesco.com/v2/media/ghs/818f5449-3619-4692-b270-6d777732bb62/6aa641f3-08d8-4a91-bb57-755f0a96d65e_344961500.jpeg?h=225&w=225,
288730271,Betty Crocker Vanilla Icing Icing 400G,https://www.tesco.com/groceries/en-GB/shop/food-cupboard/all?department=Home%20Baking%20%26%20Sugar&viewAll=department&page=,£2.80,£0.70/100g,,,/groceries/en-GB/products/288730271,https://digitalcontent.api.tesco.com/v2/media/ghs/8c402de0-0d88-4f58-8fdb-a7bef92d2957/43e472fe-38b0-4354-ba73-c0cd0af901a3_1841287263.jpeg?h=225&w=225,
275658060,Dr Oetker Natural Marzipan Ready To Roll 454G,https://www.tesco.com/groceries/en-GB/shop/food-cupboard/all?department=Home%20Baking%20%26%20Sugar&viewAll=department&page=,£3.20,£0.70/100g,,,/groceries/en-GB/products/275658060,https://digitalcontent.api.tesco.com/v2/media/ghs/4156a503-3eb0-4e8c-8cc0-bb81ef39d788/snapshotimagehandler_997125415.jpeg?h=225&w=225,
289585262,Betty Crocker Lemon Cake Mix 425G,https://www.tesco.com/groceries/en-GB/shop/food-cupboard/all?department=Home%20Baking%20%26%20Sugar&viewAll=department&page=,£2.80,£0.66/100g,,,/groceries/en-GB/products/289585262,https://digitalcontent.api.tesco.com/v2/media/ghs/7d4320c7-8d1e-4655-9219-750cd8a2dd93/a392b392-da82-41b0-a61d-77bb406986d4_802897172.jpeg?h=225&w=225,
255774919,Green & Black Organic Cooking Chocolate 150G,https://www.tesco.com/groceries/en-GB/shop/food-cupboard/all?department=Home%20Baking%20%26%20Sugar&viewAll=department&page=,£2.60,£1.74/100g,,,/groceries/en-GB/products/255774919,https://digitalcontent.api.tesco.com/v2/media/ghs/b110db6b-ee68-45ca-998d-2888d64b301c/68a397cd-634c-4655-b26c-a5d2c5638dc6_1691961248.jpeg?h=225&w=225,
251183058,Doves Farm Organic Rye Flour 1Kg,https://www.tesco.com/groceries/en-GB/shop/food-cupboard/all?department=Home%20Baking%20%26%20Sugar&viewAll=department&page=,£2.00,£2.00/kg,,,/groceries/en-GB/products/251183058,https://digitalcontent.api.tesco.com/v2/media/ghs/2673661a-6147-44b9-b8eb-68d1474c7ef9/44b92dc1-4ef8-488c-a345-bbae297cd9e1_1650047174.jpeg?h=225&w=225,
289573832,Tesco Gingerbread Mix 225G,https://www.tesco.com/groceries/en-GB/shop/food-cupboard/all?department=Home%20Baking%20%26%20Sugar&viewAll=department&page=,£1.60,£0.71/100g,,,/groceries/en-GB/products/289573832,https://digitalcontent.api.tesco.com/v2/media/ghs/e73c3c62-da70-46e0-bf1c-1bcf11298e60/6ce2780f-9a14-4e99-8b95-375dd2ae654d_1892141730.jpeg?h=225&w=225,
309209552,Create A Cake Loaf Tin Liners 20,https://www.tesco.com/groceries/en-GB/shop/food-cupboard/all?department=Home%20Baking%20%26%20Sugar&viewAll=department&page=,£2.60,£0.13/each,,,/groceries/en-GB/products/309209552,https://digitalcontent.api.tesco.com/v2/media/ghs/f708bf99-40ae-4c53-90a4-2ee2255c85d7/253b6e76-1cfb-489b-9c3d-1037d945f696_422927725.jpeg?h=225&w=225,
309492646,Tesco Organic Sunflower Seeds 100G,https://www.tesco.com/groceries/en-GB/shop/food-cupboard/all?department=Home%20Baking%20%26%20Sugar&viewAll=department&page=,£1.70,£17.00/kg,,,/groceries/en-GB/products/309492646,https://digitalcontent.api.tesco.com/v2/media/ghs/1cb0e546-3552-4ee2-9e40-043d0e1d422b/25bfb7bc-33a9-428e-b52e-36f40c2ecdd3_1006114632.jpeg?h=225&w=225,
309163839,Matthews Cotswold Strong Crunch Flour 1.5Kg,https://www.tesco.com/groceries/en-GB/shop/food-cupboard/all?department=Home%20Baking%20%26%20Sugar&viewAll=department&page=,£2.60,£1.74/kg,,,/groceries/en-GB/products/309163839,https://digitalcontent.api.tesco.com/v2/media/ghs/5324c57f-25dd-4027-91a1-cbf52c9c2e1a/cc485ffe-9826-4f5a-8143-bea7684799ce_1667580119.jpeg?h=225&w=225,
304793079,Cake Decor Coloured Writing Icing 76G,https://www.tesco.com/groceries/en-GB/shop/food-cupboard/all?department=Home%20Baking%20%26%20Sugar&viewAll=department&page=,£2.00,£2.64/100g,,,/groceries/en-GB/products/304793079,https://digitalcontent.api.tesco.com/v2/media/ghs/54160c16-36ff-412b-88b4-9fe6870b007a/8c33342d-eda7-4513-b012-05907fb6bc41_1514146313.jpeg?h=225&w=225,
295491467,Tesco Rainbow Colour Candles 12 Pack,https://www.tesco.com/groceries/en-GB/shop/food-cupboard/all?department=Home%20Baking%20%26%20Sugar&viewAll=department&page=,£1.50,£0.12/each,Any 5 for 4 Clubcard Price - Cheapest Product Free - Selected Tesco Party ,,/groceries/en-GB/products/295491467,https://digitalcontent.api.tesco.com/v2/media/ghs/07ca63c9-ea06-475b-9dbd-3c97dd95c20f/37dd77e1-3662-4278-8055-35693feeee33_228004495.jpeg?h=225&w=225,
297357002,Dr. Oetker Coloured Gel - Violet Extra Strong 15G,https://www.tesco.com/groceries/en-GB/shop/food-cupboard/all?department=Home%20Baking%20%26%20Sugar&viewAll=department&page=,£1.50,£100.00/kg,,,/groceries/en-GB/products/297357002,https://digitalcontent.api.tesco.com/v2/media/ghs/4a5751d1-f60c-4e28-8bae-41fffc9f182b/4497b076-3160-4ced-a7e3-571782124d7c_688294826.jpeg?h=225&w=225,
297357048,Dr. Oetker Extra Strong Pink Food Colour Gel 15G,https://www.tesco.com/groceries/en-GB/shop/food-cupboard/all?department=Home%20Baking%20%26%20Sugar&viewAll=department&page=,£1.50,£100.00/kg,,,/groceries/en-GB/products/297357048,https://digitalcontent.api.tesco.com/v2/media/ghs/3765d5ad-10be-4a60-b7ab-d85c9ce18ec8/393ea683-a78f-43e6-bcf5-cadfda10f06b_1167433869.jpeg?h=225&w=225,
305048045,Create A Cake Classic Cupcake Cases 50S,https://www.tesco.com/groceries/en-GB/shop/food-cupboard/all?department=Home%20Baking%20%26%20Sugar&viewAll=department&page=,£1.50,£0.03/each,,,/groceries/en-GB/products/305048045,https://digitalcontent.api.tesco.com/v2/media/ghs/16bf4099-1a6f-41b4-8607-20e564239773/b06e60ef-25dc-48d7-930a-a54938c2f1c0_341061584.jpeg?h=225&w=225,
297133814,Tesco Chocolate Flavour Frosting 400G,https://www.tesco.com/groceries/en-GB/shop/food-cupboard/all?department=Home%20Baking%20%26%20Sugar&viewAll=department&page=,£1.85,£0.46/100g,,,/groceries/en-GB/products/297133814,https://digitalcontent.api.tesco.com/v2/media/ghs/b3d45abc-9613-4ae2-8f15-6a62acf17452/8bbf7e3d-ce40-4e0c-9f98-94f8688e9b88_412895015.jpeg?h=225&w=225,
271189367,Dr Oetker Milk Chocolate Chunks 100G,https://www.tesco.com/groceries/en-GB/shop/food-cupboard/all?department=Home%20Baking%20%26%20Sugar&viewAll=department&page=,£1.85,£1.85/100g,£1.25 Clubcard Price,,/groceries/en-GB/products/271189367,https://digitalcontent.api.tesco.com/v2/media/ghs/43e0a7f7-d0d9-446c-a008-b7d16539b77b/841b6d0f-54c4-4c0e-93b0-1a2fbb14c4f6_243860204.jpeg?h=225&w=225,
305042459,Homepride Premium Milled Extra Fine Flour 1Kg,https://www.tesco.com/groceries/en-GB/shop/food-cupboard/all?department=Home%20Baking%20%26%20Sugar&viewAll=department&page=,£2.00,£2.00/kg,,,/groceries/en-GB/products/305042459,https://digitalcontent.api.tesco.com/v2/media/ghs/9392d16b-8671-4ed9-9ac4-09bc11996e74/b90404a8-d9ea-4531-ba81-a81c0d5d14e4_1885124207.jpeg?h=225&w=225,
289687648,Betty Crocker Chocolate Cake Mix 425G,https://www.tesco.com/groceries/en-GB/shop/food-cupboard/all?department=Home%20Baking%20%26%20Sugar&viewAll=department&page=,£2.80,£1.25/100g,,,/groceries/en-GB/products/289687648,https://digitalcontent.api.tesco.com/v2/media/ghs/01f1df23-7b31-43e3-a4e9-336abdbed739/508c0db9-17b9-4633-b9a7-96c7797f12be_1677131519.jpeg?h=225&w=225,
272092824,Green Canderel Stevia 100 Pack,https://www.tesco.com/groceries/en-GB/shop/food-cupboard/all?department=Home%20Baking%20%26%20Sugar&viewAll=department&page=,£1.65,£194.12/kg,,,/groceries/en-GB/products/272092824,https://digitalcontent.api.tesco.com/v2/media/ghs/b9c2ebd3-76b6-4d89-bf5c-411a5fa04959/6917ad42-2886-49d0-9d5e-7763d8bbb8d2_1890585132.jpeg?h=225&w=225,
284952291,Tesco Ready To Roll Icing Green 250G,https://www.tesco.com/groceries/en-GB/shop/food-cupboard/all?department=Home%20Baking%20%26%20Sugar&viewAll=department&page=,£1.85,£0.74/100g,,,/groceries/en-GB/products/284952291,https://digitalcontent.api.tesco.com/v2/media/ghs/41cbabbb-1db4-4ce9-ae0b-78fe84b827c9/b7087702-86c2-4449-b6b0-f9751058cd51_1821681609.jpeg?h=225&w=225,
254914123,Dr. Oetker Glycerine 38Ml,https://www.tesco.com/groceries/en-GB/shop/food-cupboard/all?department=Home%20Baking%20%26%20Sugar&viewAll=department&page=,£1.00,£0.26/10ml,,,/groceries/en-GB/products/254914123,https://digitalcontent.api.tesco.com/v2/media/ghs/af5fd5a5-18f5-407d-b37d-ee4141c0c732/d15fd956-907a-4280-adae-b328c2a74aee_62499873.jpeg?h=225&w=225,
304395055,Wright's Baking Orange Cake Mix 500G,https://www.tesco.com/groceries/en-GB/shop/food-cupboard/all?department=Home%20Baking%20%26%20Sugar&viewAll=department&page=,£1.80,£3.60/kg,,,/groceries/en-GB/products/304395055,https://digitalcontent.api.tesco.com/v2/media/ghs/69c788be-f159-49dd-8d8a-c2924239e97f/b1495ea1-5a26-4d89-9fae-f9dc19c21aa2_2122343658.jpeg?h=225&w=225,
304405569,Wright's Baking Toffee Cake Mix 500G,https://www.tesco.com/groceries/en-GB/shop/food-cupboard/all?department=Home%20Baking%20%26%20Sugar&viewAll=department&page=,£1.80,£3.60/kg,,,/groceries/en-GB/products/304405569,https://digitalcontent.api.tesco.com/v2/media/ghs/9c1abe0c-0c8f-40a3-87e9-3215a51c1191/72e7c96d-0fb6-46e6-a2e9-8936e6c8d802_854870068.jpeg?h=225&w=225,
312347556,Allinsons Garlic & Herb Dough Ball Kit 237G,https://www.tesco.com/groceries/en-GB/shop/food-cupboard/all?department=Home%20Baking%20%26%20Sugar&viewAll=department&page=,£2.00,£8.44/kg,,,/groceries/en-GB/products/312347556,https://digitalcontent.api.tesco.com/v2/media/ghs/135daafb-dfff-4d86-9a97-c258237d7229/275dfcdc-2463-4221-b80f-08c04791d446_1348440954.jpeg?h=225&w=225,
273714550,Dr Oetker Fine Cooks Chocolate White 150G,https://www.tesco.com/groceries/en-GB/shop/food-cupboard/all?department=Home%20Baking%20%26%20Sugar&viewAll=department&page=,£1.95,£1.30/100g,£1.25 Clubcard Price,,/groceries/en-GB/products/273714550,https://digitalcontent.api.tesco.com/v2/media/ghs/32d55981-d191-42f2-8dc4-6b599844619c/05251499-a2de-43a5-bcd0-258e40068b40_1721664318.jpeg?h=225&w=225,
275975761,Dr Oetker Chocolate Chunks White 100G,https://www.tesco.com/groceries/en-GB/shop/food-cupboard/all?department=Home%20Baking%20%26%20Sugar&viewAll=department&page=,£1.85,£1.85/100g,£1.25 Clubcard Price,,/groceries/en-GB/products/275975761,https://digitalcontent.api.tesco.com/v2/media/ghs/588e637c-becb-47ad-94c8-7dcbfa36f10b/ec52c127-14f9-49ba-842f-82c646fe323a_731516744.jpeg?h=225&w=225,
309461833,Tesco Black Sesame Seeds 100G,https://www.tesco.com/groceries/en-GB/shop/food-cupboard/all?department=Home%20Baking%20%26%20Sugar&viewAll=department&page=,£1.00,£10.00/kg,,,/groceries/en-GB/products/309461833,https://digitalcontent.api.tesco.com/v2/media/ghs/68e2a991-811b-4c67-8a87-b03ac4fca0ab/4f8bb20e-f2c3-4f59-8b4e-ff684aadae12_2037140088.jpeg?h=225&w=225,
309488560,Tesco Finest Cooking Dark Chocolate Buttons 100G,https://www.tesco.com/groceries/en-GB/shop/food-cupboard/all?department=Home%20Baking%20%26%20Sugar&viewAll=department&page=,£1.00,£1.00/100g,,,/groceries/en-GB/products/309488560,https://digitalcontent.api.tesco.com/v2/media/ghs/163659c1-3f97-4f6e-a88e-962ee53013d1/a352b0bc-f754-4b3e-ac45-17c284ee2fc5_1204587293.jpeg?h=225&w=225,
297173138,Tesco Milk Chocolate Beans 75G,https://www.tesco.com/groceries/en-GB/shop/food-cupboard/all?department=Home%20Baking%20%26%20Sugar&viewAll=department&page=,£1.05,£1.40/100g,,,/groceries/en-GB/products/297173138,https://digitalcontent.api.tesco.com/v2/media/ghs/e0224c05-4c91-46f5-ac1d-b74132d658c2/8c3f0272-1367-49b5-8def-510726542262_469004068.jpeg?h=225&w=225,
309475673,Tesco Organic Soft Prunes 200G,https://www.tesco.com/groceries/en-GB/shop/food-cupboard/all?department=Home%20Baking%20%26%20Sugar&viewAll=department&page=,£2.50,£12.50/kg,Any 2 for £3 Clubcard Price - Selected Tesco Dried Fruits 200g,,/groceries/en-GB/products/309475673,https://digitalcontent.api.tesco.com/v2/media/ghs/6a441b4a-8b19-4e14-9fce-5f20898328a3/c25c944f-00ad-4026-8587-1ee78f7f31a8_207118471.jpeg?h=225&w=225,
303904389,Taylor & Colledge Vanilla Pods 2 Pack,https://www.tesco.com/groceries/en-GB/shop/food-cupboard/all?department=Home%20Baking%20%26%20Sugar&viewAll=department&page=,£6.45,£3.23/each,£5.25 Clubcard Price,,/groceries/en-GB/products/303904389,https://digitalcontent.api.tesco.com/v2/media/ghs/fa8ae644-1f01-43c4-8b27-d54287f45b47/43eabc73-d43c-4a6d-a101-7e3e60e66a39_450869300.jpeg?h=225&w=225,
292535295,Elephant Atta Medium Chapatti Flour 10Kg,https://www.tesco.com/groceries/en-GB/shop/food-cupboard/all?department=Home%20Baking%20%26%20Sugar&viewAll=department&page=,£10.00,£1.00/kg,,,/groceries/en-GB/products/292535295,https://digitalcontent.api.tesco.com/v2/media/ghs/88d8fbf4-07eb-43f6-a4da-b3fad9828d58/69a2450a-4ab6-4484-a580-bc3583fc2083_437121043.jpeg?h=225&w=225,
290196329,Tesco Luxury Mixed Fruit In Brandy 800G,https://www.tesco.com/groceries/en-GB/shop/food-cupboard/all?department=Home%20Baking%20%26%20Sugar&viewAll=department&page=,£5.00,£6.25/kg,,,/groceries/en-GB/products/290196329,https://digitalcontent.api.tesco.com/v2/media/ghs/e0e5ab66-9c92-4db4-b74c-8966ddb387f6/c3c0ff83-83c0-43ea-9d9d-2f6969db6426_1871192025.jpeg?h=225&w=225,
304116992,Pure Via Sweet Granules With Stevia Leaf 250G,https://www.tesco.com/groceries/en-GB/shop/food-cupboard/all?department=Home%20Baking%20%26%20Sugar&viewAll=department&page=,£4.40,£17.60/kg,,,/groceries/en-GB/products/304116992,https://digitalcontent.api.tesco.com/v2/media/ghs/51c60431-1507-4e86-b30e-3b13e491a5ec/e43945d8-fbea-4250-8762-e0ae1eb6afbb_611233872.jpeg?h=225&w=225,
309629400,Tesco Sandwich Tin 20Cm,https://www.tesco.com/groceries/en-GB/shop/food-cupboard/all?department=Home%20Baking%20%26%20Sugar&viewAll=department&page=,£3.00,£3.00/each,,,/groceries/en-GB/products/309629400,https://digitalcontent.api.tesco.com/v2/media/ghs/074ac10d-39be-44ec-8c7b-ae34f6ed7b0c/8882cd31-40d6-4f73-9e78-ee1ebb116836_634703787.jpeg?h=225&w=225,
309629475,Tesco 12 Cup Muffin Tray,https://www.tesco.com/groceries/en-GB/shop/food-cupboard/all?department=Home%20Baking%20%26%20Sugar&viewAll=department&page=,£5.50,£5.50/each,,,/groceries/en-GB/products/309629475,https://digitalcontent.api.tesco.com/v2/media/ghs/2ac52341-9ac9-45e9-97e2-f1859f5d77af/cfd995d1-c494-4796-95ea-5c049622eea8_94542631.jpeg?h=225&w=225,
309498529,Tesco Organic Desiccated Coconut 200G,https://www.tesco.com/groceries/en-GB/shop/food-cupboard/all?department=Home%20Baking%20%26%20Sugar&viewAll=department&page=,£2.25,£11.25/kg,,,/groceries/en-GB/products/309498529,https://digitalcontent.api.tesco.com/v2/media/ghs/89bedf52-88a7-4e8d-8995-485dbb6f270e/5a65eb43-1db2-436d-a93b-0fc7e93d0d4d_400814130.jpeg?h=225&w=225,
309629383,Tesco Loaf Tin 2Lb,https://www.tesco.com/groceries/en-GB/shop/food-cupboard/all?department=Home%20Baking%20%26%20Sugar&viewAll=department&page=,£2.50,£2.50/each,,,/groceries/en-GB/products/309629383,https://digitalcontent.api.tesco.com/v2/media/ghs/da6d8f7c-6240-40b7-ab85-6833d69fc9dd/9dd817cd-3579-4235-982f-84e1dabfe823_2137044076.jpeg?h=225&w=225,
289687746,Betty Crocker Milk Chocolate Icing 400G,https://www.tesco.com/groceries/en-GB/shop/food-cupboard/all?department=Home%20Baking%20%26%20Sugar&viewAll=department&page=,£2.80,£0.70/100g,,,/groceries/en-GB/products/289687746,https://digitalcontent.api.tesco.com/v2/media/ghs/1e8bbe22-910e-4c05-a371-b8f8a8fc71f9/bad4ff64-a9f4-4408-a717-7b843a477812_605072428.jpeg?h=225&w=225,
304789782,Doves Farm Organic Wholemeal 1Kg Buckwheat Flour,https://www.tesco.com/groceries/en-GB/shop/food-cupboard/all?department=Home%20Baking%20%26%20Sugar&viewAll=department&page=,£3.40,£3.40/kg,,,/groceries/en-GB/products/304789782,https://digitalcontent.api.tesco.com/v2/media/ghs/dbf6b843-96d4-40db-8c3c-a079279e30ab/19c0cb36-a8ff-4ed0-ae64-6a16cfec2879_2000020384.jpeg?h=225&w=225,
309473617,Tesco Organic Walnut Pieces 100G,https://www.tesco.com/groceries/en-GB/shop/food-cupboard/all?department=Home%20Baking%20%26%20Sugar&viewAll=department&page=,£2.30,£23.00/kg,,,/groceries/en-GB/products/309473617,https://digitalcontent.api.tesco.com/v2/media/ghs/51e55f37-4c3c-4c57-b9b3-e7f807081073/92f085ea-7133-4f14-bedd-952cb9ff41dd_289262920.jpeg?h=225&w=225,
309742484,The Groovy Food Company Organic Date Syrup 340G,https://www.tesco.com/groceries/en-GB/shop/food-cupboard/all?department=Home%20Baking%20%26%20Sugar&viewAll=department&page=,£2.80,£8.24/kg,,,/groceries/en-GB/products/309742484,https://digitalcontent.api.tesco.com/v2/media/ghs/7455d73a-e595-401d-83c6-a28afca22fd3/a8354ad4-01e8-4da3-ba85-7b44e5bcc6e1_1172478215.jpeg?h=225&w=225,
309786898,Dr Oetker Chocolatey Sprinkle Mix 93G,https://www.tesco.com/groceries/en-GB/shop/food-cupboard/all?department=Home%20Baking%20%26%20Sugar&viewAll=department&page=,£2.30,£2.48/100g,,,/groceries/en-GB/products/309786898,https://digitalcontent.api.tesco.com/v2/media/ghs/847f38bb-9343-4c83-aa3b-815e84c30fc0/6e7eacb3-4d3b-484e-8399-ae8f1df7b341_240823311.jpeg?h=225&w=225,
293062950,Tesco Royal Icing 400G,https://www.tesco.com/groceries/en-GB/shop/food-cupboard/all?department=Home%20Baking%20%26%20Sugar&viewAll=department&page=,£2.60,£0.65/100g,,,/groceries/en-GB/products/293062950,https://digitalcontent.api.tesco.com/v2/media/ghs/ab5d520b-dce8-481a-9b59-699fec2bf928/da1643ef-47e4-449d-8aeb-993a82773039_862907750.jpeg?h=225&w=225,
309479006,Matthews Flour Premium White Strong Flour 1.5Kg,https://www.tesco.com/groceries/en-GB/shop/food-cupboard/all?department=Home%20Baking%20%26%20Sugar&viewAll=department&page=,£2.50,£1.67/kg,,,/groceries/en-GB/products/309479006,https://digitalcontent.api.tesco.com/v2/media/ghs/04b8f984-973f-40e2-beb4-3c487da0e831/26cbb0eb-ca72-499b-9399-c3d0d0d51d35_1501856424.jpeg?h=225&w=225,
309787769,Dr Oetker Bright & Bold Sprinkles Mix 109G,https://www.tesco.com/groceries/en-GB/shop/food-cupboard/all?department=Home%20Baking%20%26%20Sugar&viewAll=department&page=,£2.30,£2.11/100g,,,/groceries/en-GB/products/309787769,https://digitalcontent.api.tesco.com/v2/media/ghs/b2a6e45c-0cc0-414b-a0c7-3e95f94fd62b/f8bae5c5-c0f4-48b6-9c82-6806aa7d3ae3_510224986.jpeg?h=225&w=225,
309450495,Matthews Flour Stone Ground Dark Rye Flour 1.5Kg,https://www.tesco.com/groceries/en-GB/shop/food-cupboard/all?department=Home%20Baking%20%26%20Sugar&viewAll=department&page=,£2.50,£1.67/kg,,,/groceries/en-GB/products/309450495,https://digitalcontent.api.tesco.com/v2/media/ghs/de7229a5-6aa8-4c82-a193-01ae5e69d075/a580522f-f600-4831-bee7-19f00a962264_253794592.jpeg?h=225&w=225,
289585112,Betty Crocker Carrot Cake Mix 425G,https://www.tesco.com/groceries/en-GB/shop/food-cupboard/all?department=Home%20Baking%20%26%20Sugar&viewAll=department&page=,£2.80,£0.66/100g,,,/groceries/en-GB/products/289585112,https://digitalcontent.api.tesco.com/v2/media/ghs/4bcafc56-ae79-4923-ad15-f29ddf61c6f3/962e37ab-ad16-4f14-82f1-306b3a66f79e_336212766.jpeg?h=225&w=225,
312093089,Cake Decor Christmas Snowman Cupcake Kit 233G,https://www.tesco.com/groceries/en-GB/shop/food-cupboard/all?department=Home%20Baking%20%26%20Sugar&viewAll=department&page=,£2.50,£10.73/kg,,,/groceries/en-GB/products/312093089,https://digitalcontent.api.tesco.com/v2/media/ghs/4e1c3456-e31a-403c-a0eb-5a05baf08372/002da2c8-ddd6-47b6-9847-0e1824909887_1348745548.jpeg?h=225&w=225,
298358368,Cake Decor Cake Pens 16G,https://www.tesco.com/groceries/en-GB/shop/food-cupboard/all?department=Home%20Baking%20%26%20Sugar&viewAll=department&page=,£2.90,£18.13/100g,,,/groceries/en-GB/products/298358368,https://digitalcontent.api.tesco.com/v2/media/ghs/e35b07b7-738c-4dd0-9ec7-9fe69306bdd6/669fb48f-be16-46bf-a961-d013a18b6261_1507154672.jpeg?h=225&w=225,
311784609,Dr. Oetker Candy Mix Sprinkles 90G,https://www.tesco.com/groceries/en-GB/shop/food-cupboard/all?department=Home%20Baking%20%26%20Sugar&viewAll=department&page=,£2.30,£2.56/100g,,New,/groceries/en-GB/products/311784609,https://digitalcontent.api.tesco.com/v2/media/ghs/bd8c51e1-0964-475f-adfe-bd84ecaa7a93/7591aba1-475f-4495-a365-1ba785e30295_1275082657.jpeg?h=225&w=225,
309159649,Doves Farm Organic Malthouse Flour Bread 1Kg,https://www.tesco.com/groceries/en-GB/shop/food-cupboard/all?department=Home%20Baking%20%26%20Sugar&viewAll=department&page=,£2.00,£2.00/kg,,,/groceries/en-GB/products/309159649,https://digitalcontent.api.tesco.com/v2/media/ghs/1ef12664-6b98-41f0-98e7-c937024514f3/85b598f9-fdf3-44d0-8899-3450d74d0198_2025255963.jpeg?h=225&w=225,
278584850,Tesco Ready To Roll Coloured Icing Yellow 250G,https://www.tesco.com/groceries/en-GB/shop/food-cupboard/all?department=Home%20Baking%20%26%20Sugar&viewAll=department&page=,£1.85,£0.74/100g,,,/groceries/en-GB/products/278584850,https://digitalcontent.api.tesco.com/v2/media/ghs/8700a5cd-e66d-4ea9-85d8-701794cbd857/463c43c6-b47a-433e-a4fd-9c2463bb0562_985818303.jpeg?h=225&w=225,
271249493,Green & Black Milk Cooks Bar 150G,https://www.tesco.com/groceries/en-GB/shop/food-cupboard/all?department=Home%20Baking%20%26%20Sugar&viewAll=department&page=,£2.60,£1.74/100g,,,/groceries/en-GB/products/271249493,https://digitalcontent.api.tesco.com/v2/media/ghs/fb12542b-1e0f-4ebf-83b6-add1ef8d8698/c7d2806a-7a64-4c10-96e8-f4c85c56dea2_184307160.jpeg?h=225&w=225,
273466174,Peppa Pig Muddy Puddle Cupcake Mix 195G,https://www.tesco.com/groceries/en-GB/shop/food-cupboard/all?department=Home%20Baking%20%26%20Sugar&viewAll=department&page=,£2.00,£10.26/kg,,,/groceries/en-GB/products/273466174,https://digitalcontent.api.tesco.com/v2/media/ghs/ee3dbc37-2b64-464e-8096-02fd0f96b29b/9ca65cbf-bcfb-4388-b845-a6970326bbac_910657864.jpeg?h=225&w=225,
272478254,Tesco Wholemeal Chapatti Flour 10Kg,https://www.tesco.com/groceries/en-GB/shop/food-cupboard/all?department=Home%20Baking%20%26%20Sugar&viewAll=department&page=,£5.50,£0.55/kg,,,/groceries/en-GB/products/272478254,https://digitalcontent.api.tesco.com/v2/media/ghs/f9eb9811-d82a-4908-9dde-2d36268d15bc/6df0b8a3-8c86-4f77-9f57-b7888a78d2e4_1548223107.jpeg?h=225&w=225,
275974825,Dr Oetker Giant Chocolate Stars 20G,https://www.tesco.com/groceries/en-GB/shop/food-cupboard/all?department=Home%20Baking%20%26%20Sugar&viewAll=department&page=,£1.80,£9.00/100g,,,/groceries/en-GB/products/275974825,https://digitalcontent.api.tesco.com/v2/media/ghs/a9773f5b-ae90-474e-9b10-f906ff53ceb8/73c257e7-221e-4570-a786-ce29584c66f3_742005190.jpeg?h=225&w=225,
309465604,Matthews Flour Organic Plain Fine Flour 1.5Kg,https://www.tesco.com/groceries/en-GB/shop/food-cupboard/all?department=Home%20Baking%20%26%20Sugar&viewAll=department&page=,£2.20,£1.47/kg,,,/groceries/en-GB/products/309465604,https://digitalcontent.api.tesco.com/v2/media/ghs/899a1cbb-a4dc-421f-8c7c-309b36c6f1e5/97629e31-a202-4db1-92fe-df6c2f7505e4_834559280.jpeg?h=225&w=225,
293061732,Tesco Primary Blue Ready To Roll Icing 250G,https://www.tesco.com/groceries/en-GB/shop/food-cupboard/all?department=Home%20Baking%20%26%20Sugar&viewAll=department&page=,£1.85,£0.74/100g,,,/groceries/en-GB/products/293061732,https://digitalcontent.api.tesco.com/v2/media/ghs/670866e8-4d92-4c48-9231-95f0ac060f89/de967066-d71c-4e97-991d-f1f2a6b3a8b6_2078696989.jpeg?h=225&w=225,
309457159,Doves Farm Organic Brown Rice Flour 290G,https://www.tesco.com/groceries/en-GB/shop/food-cupboard/all?department=Home%20Baking%20%26%20Sugar&viewAll=department&page=,£2.00,£6.90/kg,,,/groceries/en-GB/products/309457159,https://digitalcontent.api.tesco.com/v2/media/ghs/96278d06-0072-4568-aecd-544c427f59de/91e3a47e-dbef-4f0b-9efd-6874bc7c7a91_1396097469.jpeg?h=225&w=225,
293105906,Paw Patrol Cupcake Mix 183G,https://www.tesco.com/groceries/en-GB/shop/food-cupboard/all?department=Home%20Baking%20%26%20Sugar&viewAll=department&page=,£2.00,£1.10/100g,,,/groceries/en-GB/products/293105906,https://digitalcontent.api.tesco.com/v2/media/ghs/5a6a06b9-8d7b-44a8-ac74-36aac3de5d29/c27807a7-15b1-43a8-90fb-deb6a1a18c4f_633758383.jpeg?h=225&w=225,
309483415,Create A Cake Round Cake Tin Liners 25,https://www.tesco.com/groceries/en-GB/shop/food-cupboard/all?department=Home%20Baking%20%26%20Sugar&viewAll=department&page=,£2.60,£0.10/each,,,/groceries/en-GB/products/309483415,https://digitalcontent.api.tesco.com/v2/media/ghs/f5f69b7c-b455-4471-a741-154ca3b99d1b/ef5143dc-f16a-48b7-89a0-0e91230cb4ab_468707466.jpeg?h=225&w=225,
271004685,Tesco Chocolate Cupcake Kit 315G,https://www.tesco.com/groceries/en-GB/shop/food-cupboard/all?department=Home%20Baking%20%26%20Sugar&viewAll=department&page=,£1.90,£6.04/kg,,,/groceries/en-GB/products/271004685,https://digitalcontent.api.tesco.com/v2/media/ghs/4a55a42a-296e-4d1e-bbc4-e513da6c6285/67dc5177-6bee-4da7-acc6-cb2c645c47df_276111724.jpeg?h=225&w=225,
295375594,Cake Decor Choco Writer White Chocolate 80G,https://www.tesco.com/groceries/en-GB/shop/food-cupboard/all?department=Home%20Baking%20%26%20Sugar&viewAll=department&page=,£1.70,£2.13/100g,,,/groceries/en-GB/products/295375594,https://digitalcontent.api.tesco.com/v2/media/ghs/f0af54dc-114b-4914-966a-654cf3709567/089a29c2-fe53-4309-8827-bf5d81530db6_13153584.jpeg?h=225&w=225,
295375571,Cake Decor Choco Writer Milk Chocolate 80G,https://www.tesco.com/groceries/en-GB/shop/food-cupboard/all?department=Home%20Baking%20%26%20Sugar&viewAll=department&page=,£1.70,£2.13/100g,,,/groceries/en-GB/products/295375571,https://digitalcontent.api.tesco.com/v2/media/ghs/81278526-7521-4583-8627-cbe8a7049036/bcafa89e-a47a-45db-9b44-19bb15cfe1ea_1221927726.jpeg?h=225&w=225,
275954705,Dr Oetker Ground Arrowroot Sachets,https://www.tesco.com/groceries/en-GB/shop/food-cupboard/all?department=Home%20Baking%20%26%20Sugar&viewAll=department&page=,£1.40,£29.17/kg,,,/groceries/en-GB/products/275954705,https://digitalcontent.api.tesco.com/v2/media/ghs/28e84e80-fb1a-4196-834a-3778b5166a6f/6c957f7d-080d-4c58-9d43-0fb1ee2c2a09_1444599436.jpeg?h=225&w=225,
285419412,Dr.Oetker Caramel Flavour 35Ml,https://www.tesco.com/groceries/en-GB/shop/food-cupboard/all?department=Home%20Baking%20%26%20Sugar&viewAll=department&page=,£1.45,£0.42/10ml,,,/groceries/en-GB/products/285419412,https://digitalcontent.api.tesco.com/v2/media/ghs/97e58be0-f041-4e24-811a-f7b13ac9a858/6f837cd1-99c1-4af6-983c-975898e93d82_1400337105.jpeg?h=225&w=225,
312357262,Allinsons Garlic & Herb Naan Bread Kit 237G,https://www.tesco.com/groceries/en-GB/shop/food-cupboard/all?department=Home%20Baking%20%26%20Sugar&viewAll=department&page=,£2.00,£8.44/kg,,,/groceries/en-GB/products/312357262,https://digitalcontent.api.tesco.com/v2/media/ghs/fc3d6475-b830-431d-9db3-fff9bc5565c1/5aa7cfc9-cfc9-42a0-84db-645f5099d7b0_1686282374.jpeg?h=225&w=225,
306812821,Tesco Mini Jazzies 55G,https://www.tesco.com/groceries/en-GB/shop/food-cupboard/all?department=Home%20Baking%20%26%20Sugar&viewAll=department&page=,£1.05,£1.91/100g,,,/groceries/en-GB/products/306812821,https://digitalcontent.api.tesco.com/v2/media/ghs/713a4212-ddb1-4cc7-ab31-e50b5c5b71e5/43d0d01e-c17c-4e96-a73b-b0eaf6a25422_974771588.jpeg?h=225&w=225,
301441484,"Create A Cake 12"" Cake Box",https://www.tesco.com/groceries/en-GB/shop/food-cupboard/all?department=Home%20Baking%20%26%20Sugar&viewAll=department&page=,£1.20,£1.20/each,,,/groceries/en-GB/products/301441484,https://digitalcontent.api.tesco.com/v2/media/ghs/92cf433d-657c-4da1-8c81-dc5e2a25ff45/3d20e6c2-0fba-4889-912e-5127e5533ca2_218628231.jpeg?h=225&w=225,
307332650,Carnation Vegan Condensed Milk Alternative 370G,https://www.tesco.com/groceries/en-GB/shop/food-cupboard/all?department=Home%20Baking%20%26%20Sugar&viewAll=department&page=,£2.40,£6.49/kg,,,/groceries/en-GB/products/307332650,https://digitalcontent.api.tesco.com/v2/media/ghs/dac92ef1-f4cf-4948-9fc3-7800d977bc21/d3f0990f-656a-426f-bf6d-ddcc9a051cba_1930165077.jpeg?h=225&w=225,
309175249,Tesco Cheese Scone Mix 300G,https://www.tesco.com/groceries/en-GB/shop/food-cupboard/all?department=Home%20Baking%20%26%20Sugar&viewAll=department&page=,£1.50,£5.00/kg,,,/groceries/en-GB/products/309175249,https://digitalcontent.api.tesco.com/v2/media/ghs/4dbe848d-8618-48d0-bde4-a4cd12168613/385107d9-ac09-4980-99da-c35b4de67782_690038873.jpeg?h=225&w=225,
306946265,Tesco Pink And Gold Sprinkles 80G,https://www.tesco.com/groceries/en-GB/shop/food-cupboard/all?department=Home%20Baking%20%26%20Sugar&viewAll=department&page=,£1.05,£1.32/100g,,,/groceries/en-GB/products/306946265,https://digitalcontent.api.tesco.com/v2/media/ghs/cbf15abb-b67e-4cba-aea2-4321902ea8d7/992006b8-7a95-4ffa-8d87-e2be3a008a74_1968994272.jpeg?h=225&w=225,
285131380,Tesco Chocolate Silver Pearls 55G,https://www.tesco.com/groceries/en-GB/shop/food-cupboard/all?department=Home%20Baking%20%26%20Sugar&viewAll=department&page=,£1.05,£1.91/100g,,,/groceries/en-GB/products/285131380,https://digitalcontent.api.tesco.com/v2/media/ghs/0653ad49-1986-40cc-95f2-2e60b3faf1a3/c6843de8-8393-4a5f-9307-fbc844488ca1_1320722853.jpeg?h=225&w=225,
309454237,Tesco Organic Soft Apricots 200G,https://www.tesco.com/groceries/en-GB/shop/food-cupboard/all?department=Home%20Baking%20%26%20Sugar&viewAll=department&page=,£2.50,£12.50/kg,Any 2 for £3 Clubcard Price - Selected Tesco Dried Fruits 200g,,/groceries/en-GB/products/309454237,https://digitalcontent.api.tesco.com/v2/media/ghs-mktg/b0b04216-fa73-466d-a9d7-c9fcfa1ce9b3/no-image.jpeg,
309629423,Tesco Baking Sheet,https://www.tesco.com/groceries/en-GB/shop/food-cupboard/all?department=Home%20Baking%20%26%20Sugar&viewAll=department&page=,£4.50,£4.50/each,,,/groceries/en-GB/products/309629423,https://digitalcontent.api.tesco.com/v2/media/ghs/0773b47a-bbeb-4251-b5ba-e85915b36608/9644735b-7b0f-49f5-9ecb-c66e32db4a81_301912608.jpeg?h=225&w=225,
309629452,Tesco Rectangular Cake Mould 32Cm X 22Cm,https://www.tesco.com/groceries/en-GB/shop/food-cupboard/all?department=Home%20Baking%20%26%20Sugar&viewAll=department&page=,£4.00,£4.00/each,,,/groceries/en-GB/products/309629452,https://digitalcontent.api.tesco.com/v2/media/ghs/24fe94c8-13ed-4667-a4e1-b1ccdd0c6785/95c8ddb4-fc5c-421f-a251-7530283c8655_962277397.jpeg?h=225&w=225,
309462262,Doves Farm Organic Oat Flour 450G,https://www.tesco.com/groceries/en-GB/shop/food-cupboard/all?department=Home%20Baking%20%26%20Sugar&viewAll=department&page=,£4.00,£8.89/kg,,,/groceries/en-GB/products/309462262,https://digitalcontent.api.tesco.com/v2/media/ghs/85b39af8-9b62-4864-a90b-c0bb00e31da1/52894d7e-310c-425f-87e3-af273d00743e_1981643164.jpeg?h=225&w=225,
309629439,Tesco Round Loose Base Cake Tin 20Cm,https://www.tesco.com/groceries/en-GB/shop/food-cupboard/all?department=Home%20Baking%20%26%20Sugar&viewAll=department&page=,£4.50,£4.50/each,,,/groceries/en-GB/products/309629439,https://digitalcontent.api.tesco.com/v2/media/ghs/c68337ef-1194-45ea-8dc7-376fdadf8534/09def8e8-42f5-4e8d-8024-84e27e75e8bb_1081759495.jpeg?h=225&w=225,
304798828,Doves Farm Organic Wholemeal Kamut Flour Khorasan 1Kg,https://www.tesco.com/groceries/en-GB/shop/food-cupboard/all?department=Home%20Baking%20%26%20Sugar&viewAll=department&page=,£4.00,£4.00/kg,,,/groceries/en-GB/products/304798828,https://digitalcontent.api.tesco.com/v2/media/ghs/132aba52-73a2-4278-8c72-3a466ec1bbab/64fc01b3-81a8-4aa9-a700-fa8ba8959b6f_1597248886.jpeg?h=225&w=225,
312587093,Piccolo Organic Cupcake Mix Cocoa Kids 250G,https://www.tesco.com/groceries/en-GB/shop/food-cupboard/all?department=Home%20Baking%20%26%20Sugar&viewAll=department&page=,£4.00,£16.00/kg,,,/groceries/en-GB/products/312587093,https://digitalcontent.api.tesco.com/v2/media/ghs/81bb2a28-f102-4963-80d1-49acaddcbcb7/82b1479e-1a98-491a-97a2-ef8edd18c460_1926498412.jpeg?h=225&w=225,
312234436,Piccolo Organic Cupcake Mix Carrot Cake 250G,https://www.tesco.com/groceries/en-GB/shop/food-cupboard/all?department=Home%20Baking%20%26%20Sugar&viewAll=department&page=,£4.00,£16.00/kg,,,/groceries/en-GB/products/312234436,https://digitalcontent.api.tesco.com/v2/media/ghs/3e086d44-748a-4868-809f-44d1c2cd1203/e82c67f4-f1e1-4ab0-96e6-f84ea620bf36_99986986.jpeg?h=225&w=225,
309629399,Tesco Square Sandwich Tin 20Cm,https://www.tesco.com/groceries/en-GB/shop/food-cupboard/all?department=Home%20Baking%20%26%20Sugar&viewAll=department&page=,£3.00,£3.00/each,,,/groceries/en-GB/products/309629399,https://digitalcontent.api.tesco.com/v2/media/ghs/92f722ad-72cb-40a1-86ea-53a9c5657dbd/77dcf7f4-8ced-4a99-a5fd-416ed8b53dc3_1994665169.jpeg?h=225&w=225,
308831052,Purevia Caster Sugar Alternative 370G,https://www.tesco.com/groceries/en-GB/shop/food-cupboard/all?department=Home%20Baking%20%26%20Sugar&viewAll=department&page=,£4.75,£12.84/kg,£3.16 Clubcard Price,,/groceries/en-GB/products/308831052,https://digitalcontent.api.tesco.com/v2/media/ghs/9147a060-71ba-4bfb-a210-a5bd382f058c/3cd93eed-2a79-4cfb-8eb6-c0893c53cbe3_797655579.jpeg?h=225&w=225,
304402601,Cake Decor Rainbow Cake Colours Kit 50G,https://www.tesco.com/groceries/en-GB/shop/food-cupboard/all?department=Home%20Baking%20%26%20Sugar&viewAll=department&page=,£2.75,£0.55/10g,,,/groceries/en-GB/products/304402601,https://digitalcontent.api.tesco.com/v2/media/ghs/74234408-b93c-407a-88bf-6b409c7faa0a/99a5c5cd-bee1-422e-9f85-f530351a1fd0_1601843540.jpeg?h=225&w=225,
312093164,Canderel Caster Sugar & Sweetener Blend 370G,https://www.tesco.com/groceries/en-GB/shop/food-cupboard/all?department=Home%20Baking%20%26%20Sugar&viewAll=department&page=,£2.75,£7.44/kg,,,/groceries/en-GB/products/312093164,https://digitalcontent.api.tesco.com/v2/media/ghs/e91d644b-bad5-4998-9b30-c85fa657980b/c82daeff-9d29-439f-94c5-26854c133a26_1414645446.jpeg?h=225&w=225,
284952392,Tesco Flower Modelling Paste 250G,https://www.tesco.com/groceries/en-GB/shop/food-cupboard/all?department=Home%20Baking%20%26%20Sugar&viewAll=department&page=,£2.50,£1.00/100g,,,/groceries/en-GB/products/284952392,https://digitalcontent.api.tesco.com/v2/media/ghs/e5f68ab6-940b-42db-8895-40777e27b4e9/9cd74c21-084a-4ea0-925b-781d3558a45a_422548627.jpeg?h=225&w=225,
311782312,Cake Decor Christmas Jumper Biscuit Kit 194G,https://www.tesco.com/groceries/en-GB/shop/food-cupboard/all?department=Home%20Baking%20%26%20Sugar&viewAll=department&page=,£2.50,£12.89/kg,,,/groceries/en-GB/products/311782312,https://digitalcontent.api.tesco.com/v2/media/ghs/f26d47a9-47b7-47a5-81fa-ac11afe02050/97ef97e0-d083-4ece-b0f8-bee80e7abc61_1084021258.jpeg?h=225&w=225,
271189056,Dr. Oetker Liquid Glucose 140G,https://www.tesco.com/groceries/en-GB/shop/food-cupboard/all?department=Home%20Baking%20%26%20Sugar&viewAll=department&page=,£2.15,£1.54/100g,,,/groceries/en-GB/products/271189056,https://digitalcontent.api.tesco.com/v2/media/ghs/1de0b269-9484-449b-9e5a-bd435e47aa80/bd02593b-8ce6-48fc-baca-807f7fbb7305_228946344.jpeg?h=225&w=225,
278585324,Tesco Ready To Roll Coloured Icing Pink 250G,https://www.tesco.com/groceries/en-GB/shop/food-cupboard/all?department=Home%20Baking%20%26%20Sugar&viewAll=department&page=,£1.85,£0.74/100g,,,/groceries/en-GB/products/278585324,https://digitalcontent.api.tesco.com/v2/media/ghs/f8fa406f-43f4-4e1d-b01d-28c031a8c4a8/a0741536-4912-4a70-8381-9df77a0a3fd9_959821223.jpeg?h=225&w=225,
256020457,Billingtons Molasses Sugar 500G,https://www.tesco.com/groceries/en-GB/shop/food-cupboard/all?department=Home%20Baking%20%26%20Sugar&viewAll=department&page=,£1.80,£3.60/kg,,,/groceries/en-GB/products/256020457,https://digitalcontent.api.tesco.com/v2/media/ghs/277fd67c-ee23-427f-8c19-e06ece45be36/34724521-858d-4295-a1c8-64ee8fad8584_1028404012.jpeg?h=225&w=225,
309471124,Tesco Finest Madagascan Vanilla Frosting 400G,https://www.tesco.com/groceries/en-GB/shop/food-cupboard/all?department=Home%20Baking%20%26%20Sugar&viewAll=department&page=,£2.30,£0.58/100g,,,/groceries/en-GB/products/309471124,https://digitalcontent.api.tesco.com/v2/media/ghs/e1f2b850-1736-444c-98c6-b2ef257bfea5/b2120ef0-bcf2-4e47-9a1c-da8f4520002f_1680607930.jpeg?h=225&w=225,
275974883,Dr Oetker Happy Birthday Candles,https://www.tesco.com/groceries/en-GB/shop/food-cupboard/all?department=Home%20Baking%20%26%20Sugar&viewAll=department&page=,£1.95,£1.95/each,,,/groceries/en-GB/products/275974883,https://digitalcontent.api.tesco.com/v2/media/ghs/bea99696-c4e2-4c01-b782-9148bf6b3895/278e1b79-59f5-42c2-b7fa-8226fc7fb2b4_1343350045.jpeg?h=225&w=225,
302143357,Dr Oetker Glamour& Sparkle Sprinkles 115G,https://www.tesco.com/groceries/en-GB/shop/food-cupboard/all?department=Home%20Baking%20%26%20Sugar&viewAll=department&page=,£2.60,£2.27/100g,£1.75 Clubcard Price,,/groceries/en-GB/products/302143357,https://digitalcontent.api.tesco.com/v2/media/ghs/b132422c-8af8-48f5-bf98-209b5731412c/ec074dba-24e1-4899-8993-f7b3d6c8138e_1346724933.jpeg?h=225&w=225,
309755958,Create A Cake Petit Four Cake Cases 75,https://www.tesco.com/groceries/en-GB/shop/food-cupboard/all?department=Home%20Baking%20%26%20Sugar&viewAll=department&page=,£1.50,£0.02/each,,,/groceries/en-GB/products/309755958,https://digitalcontent.api.tesco.com/v2/media/ghs/c770a047-4410-4966-8925-0b4e1c3f5174/52c7b617-1732-4c54-88e6-f33deb8a09aa_707053593.jpeg?h=225&w=225,
306663622,Cake Decor Chocolate & Salted Caramel Icing 76G,https://www.tesco.com/groceries/en-GB/shop/food-cupboard/all?department=Home%20Baking%20%26%20Sugar&viewAll=department&page=,£2.00,£2.64/100g,,,/groceries/en-GB/products/306663622,https://digitalcontent.api.tesco.com/v2/media/ghs/52d499fe-e5cf-40d7-8b83-fe5fd5ebee84/161277e9-4d17-4a7e-80be-a7ae5baa43e2_1537181881.jpeg?h=225&w=225,
309741865,Cake Decor Flavours Writing Icing 76,https://www.tesco.com/groceries/en-GB/shop/food-cupboard/all?department=Home%20Baking%20%26%20Sugar&viewAll=department&page=,£2.00,£2.64/100g,,,/groceries/en-GB/products/309741865,https://digitalcontent.api.tesco.com/v2/media/ghs/33a6dbcd-ab6c-4ad0-8322-4d090457734c/d9326a6a-ad21-4b1b-81a8-5ffce2aaeca4_2123993709.jpeg?h=225&w=225,
308869261,Dr. Oetker Chocolatey Caramel Crunch 115G,https://www.tesco.com/groceries/en-GB/shop/food-cupboard/all?department=Home%20Baking%20%26%20Sugar&viewAll=department&page=,£2.60,£2.27/100g,£1.75 Clubcard Price,,/groceries/en-GB/products/308869261,https://digitalcontent.api.tesco.com/v2/media/ghs/c2cd850b-c664-42ad-b6fd-d9cfbac0ee91/436fe845-4917-4553-b2a2-5e0d4829d6f0_158290311.jpeg?h=225&w=225,
308111081,Cake Angels Hey Duggee Chocolate Cup Cake Kit 176G,https://www.tesco.com/groceries/en-GB/shop/food-cupboard/all?department=Home%20Baking%20%26%20Sugar&viewAll=department&page=,£2.00,£11.37/kg,,,/groceries/en-GB/products/308111081,https://digitalcontent.api.tesco.com/v2/media/ghs/c0762a21-a2d3-4960-a419-c941d55c367d/42f5bae1-09be-4461-813f-39866750b407_816308348.jpeg?h=225&w=225,
304380182,Cake Angel Disney Frozen 2 Chocolate Cupcakes Kit 176G,https://www.tesco.com/groceries/en-GB/shop/food-cupboard/all?department=Home%20Baking%20%26%20Sugar&viewAll=department&page=,£2.00,£11.37/kg,,,/groceries/en-GB/products/304380182,https://digitalcontent.api.tesco.com/v2/media/ghs/ff651024-86f2-4322-8c89-bc4f5ece3ab8/eb8865b3-ad58-4c10-a6d9-8397bdefe448_1523413757.jpeg?h=225&w=225,
309493609,Dr Oetker 12 Milk Chocolate Gold Pearls 36G,https://www.tesco.com/groceries/en-GB/shop/food-cupboard/all?department=Home%20Baking%20%26%20Sugar&viewAll=department&page=,£2.00,£5.56/100g,£1.50 Clubcard Price,,/groceries/en-GB/products/309493609,https://digitalcontent.api.tesco.com/v2/media/ghs/950dc223-a6fb-4ac8-baa7-e6e278a0fb5d/75cac67d-317c-46ff-86dc-9b354763005a_1241978483.jpeg?h=225&w=225,
309474305,Create A Cake Metallic Cupcake Cases 45,https://www.tesco.com/groceries/en-GB/shop/food-cupboard/all?department=Home%20Baking%20%26%20Sugar&viewAll=department&page=,£1.90,£0.04/each,,,/groceries/en-GB/products/309474305,https://digitalcontent.api.tesco.com/v2/media/ghs/e0230ab3-e0d6-43d2-9f86-26b13c87770d/491d8357-2f7b-4dd5-93c7-292b35e6dd62_572174408.jpeg?h=225&w=225,
304414345,Cadbury Chocolate Brownie Mix 350G,https://www.tesco.com/groceries/en-GB/shop/food-cupboard/all?department=Home%20Baking%20%26%20Sugar&viewAll=department&page=,£2.25,£6.43/kg,,,/groceries/en-GB/products/304414345,https://digitalcontent.api.tesco.com/v2/media/ghs/3ce0d932-af81-4cd5-8b09-8ca443c8aaf7/03b2cb06-a9cd-48d4-bb6a-345ec2cdb712_951520726.jpeg?h=225&w=225,
288615258,Tesco Gold And Silver Candles 12 Pack Assortment,https://www.tesco.com/groceries/en-GB/shop/food-cupboard/all?department=Home%20Baking%20%26%20Sugar&viewAll=department&page=,£1.50,£0.12/each,Any 5 for 4 Clubcard Price - Cheapest Product Free - Selected Tesco Party ,,/groceries/en-GB/products/288615258,https://digitalcontent.api.tesco.com/v2/media/ghs/43e13f18-460b-4950-8b80-9cdbd8b51ae3/735bed6f-4eb8-4eba-8b83-42457e1242af_1486155510.jpeg?h=225&w=225,
272477762,Tesco Medium Chapatti Flour 5Kg,https://www.tesco.com/groceries/en-GB/shop/food-cupboard/all?department=Home%20Baking%20%26%20Sugar&viewAll=department&page=,£3.15,£0.63/kg,,,/groceries/en-GB/products/272477762,https://digitalcontent.api.tesco.com/v2/media/ghs/6853f999-b987-462b-aa4e-a4e7afcd9a49/54740d84-6566-412b-b375-01b49566e6e5_871540633.jpeg?h=225&w=225,
309473813,Tesco Chocolate Shimmer Pearls 45G,https://www.tesco.com/groceries/en-GB/shop/food-cupboard/all?department=Home%20Baking%20%26%20Sugar&viewAll=department&page=,£1.60,£3.56/100g,,,/groceries/en-GB/products/309473813,https://digitalcontent.api.tesco.com/v2/media/ghs/f87a5163-16b7-4ed7-a455-3af312fd2092/53c75522-7c90-4d6d-b81e-f42803ef330b_1332060781.jpeg?h=225&w=225,
308080628,Tesco Free From Lemon Drizzle Cake Kit 300G,https://www.tesco.com/groceries/en-GB/shop/food-cupboard/all?department=Home%20Baking%20%26%20Sugar&viewAll=department&page=,£1.70,£5.67/kg,,,/groceries/en-GB/products/308080628,https://digitalcontent.api.tesco.com/v2/media/ghs/2c9adfba-fb7e-49ca-b121-e95849893fa3/fa7416d4-4a02-4625-8f35-9f3dc160ee1b_1425538325.jpeg?h=225&w=225,
309768494,Tesco Rainbow Popping Candy 65G,https://www.tesco.com/groceries/en-GB/shop/food-cupboard/all?department=Home%20Baking%20%26%20Sugar&viewAll=department&page=,£1.60,£2.47/100g,,,/groceries/en-GB/products/309768494,https://digitalcontent.api.tesco.com/v2/media/ghs/0ba73b11-73a2-413f-998f-e30237be0f00/3798653d-b572-4842-a58d-82371105253c_1212996443.jpeg?h=225&w=225,
304402388,Dr. Oetker Number 1 Candle,https://www.tesco.com/groceries/en-GB/shop/food-cupboard/all?department=Home%20Baking%20%26%20Sugar&viewAll=department&page=,£1.10,£1.10/each,,,/groceries/en-GB/products/304402388,https://digitalcontent.api.tesco.com/v2/media/ghs/93f5799f-be0c-4239-b572-3c6319ee41bf/92311755-8a16-4866-b941-8f8c969bd6d5_77062890.jpeg?h=225&w=225,
271025366,Tesco Chocolate Fudge Cake Kit 502G,https://www.tesco.com/groceries/en-GB/shop/food-cupboard/all?department=Home%20Baking%20%26%20Sugar&viewAll=department&page=,£1.85,£3.69/kg,,,/groceries/en-GB/products/271025366,https://digitalcontent.api.tesco.com/v2/media/ghs/ad08ef6f-ea12-4145-9c86-bbb93f08c74b/d417c2ee-b2da-4461-a7f8-6c1186b48dca_663663201.jpeg?h=225&w=225,
301392005,Tesco Multi Colourd Unicorn Sprinkles 45G,https://www.tesco.com/groceries/en-GB/shop/food-cupboard/all?department=Home%20Baking%20%26%20Sugar&viewAll=department&page=,£1.05,£2.34/100g,,,/groceries/en-GB/products/301392005,https://digitalcontent.api.tesco.com/v2/media/ghs/85aa5025-f4ee-445d-ba1f-2ad40f1ba1ac/5d86ed79-6dfd-43f2-a06a-c489140a7ba9_489654586.jpeg?h=225&w=225,
309459612,Tesco Finest Cooking Milk Chocolate Buttons 100G,https://www.tesco.com/groceries/en-GB/shop/food-cupboard/all?department=Home%20Baking%20%26%20Sugar&viewAll=department&page=,£1.00,£1.00/100g,,,/groceries/en-GB/products/309459612,https://digitalcontent.api.tesco.com/v2/media/ghs/01c0c6d2-9b3d-43a1-9d2d-f090f8c4fc18/aa662efd-b1d3-450c-ac28-50a948c56517_1534632077.jpeg?h=225&w=225,
278837857,Dr.Oetker Egg White Powder Multipack Sachet 4X5g,https://www.tesco.com/groceries/en-GB/shop/food-cupboard/all?department=Home%20Baking%20%26%20Sugar&viewAll=department&page=,£1.20,£6.00/100g,,,/groceries/en-GB/products/278837857,https://digitalcontent.api.tesco.com/v2/media/ghs/3c7fb153-3559-48c4-a305-506551af6f13/a755e50d-5541-475a-a69a-8053d2782fab_1361635702.jpeg?h=225&w=225,
282996040,Dr.Oetker Vege-Gel Sachets 19.5G,https://www.tesco.com/groceries/en-GB/shop/food-cupboard/all?department=Home%20Baking%20%26%20Sugar&viewAll=department&page=,£1.40,£7.18/100g,,,/groceries/en-GB/products/282996040,https://digitalcontent.api.tesco.com/v2/media/ghs/1a636c2d-433a-4134-9328-6fa13faea8a1/f6131f62-13c5-40b1-9ce6-5b02ced24bda_1026292055.jpeg?h=225&w=225,
304370977,Cake Decor Edible Glue 15G,https://www.tesco.com/groceries/en-GB/shop/food-cupboard/all?department=Home%20Baking%20%26%20Sugar&viewAll=department&page=,£1.00,£6.67/100g,,,/groceries/en-GB/products/304370977,https://digitalcontent.api.tesco.com/v2/media/ghs/a9714896-f6fb-4b61-b018-b00a7ddf6b1d/1bdd13fc-98aa-4e41-b5d8-854a3d27dbe7_1980863332.jpeg?h=225&w=225,
287530987,Elephant Atta Chapatti Flour Wholemeal 10Kg,https://www.tesco.com/groceries/en-GB/shop/food-cupboard/all?department=Home%20Baking%20%26%20Sugar&viewAll=department&page=,£9.99,£1.00/kg,,,/groceries/en-GB/products/287530987,https://digitalcontent.api.tesco.com/v2/media/ghs/8185f625-d842-42d3-8992-fc08683ef48c/75f5a27d-91a3-4dd8-ab6d-3888a1fd12a7_540905001.jpeg?h=225&w=225,
309629469,Tesco Spring Form Cake Tin 23Cm,https://www.tesco.com/groceries/en-GB/shop/food-cupboard/all?department=Home%20Baking%20%26%20Sugar&viewAll=department&page=,£5.00,£5.00/each,,,/groceries/en-GB/products/309629469,https://digitalcontent.api.tesco.com/v2/media/ghs/b8f20015-c697-4aa4-a25c-c702be5a5862/7e367564-27dc-4ad9-9bc9-4d76fed5e20e_1316996926.jpeg?h=225&w=225,
308456899,Pure Via Baker's Secret Soft Brown Sugar Alternative 300G,https://www.tesco.com/groceries/en-GB/shop/food-cupboard/all?department=Home%20Baking%20%26%20Sugar&viewAll=department&page=,£5.00,£16.67/kg,£3.33 Clubcard Price,,/groceries/en-GB/products/308456899,https://digitalcontent.api.tesco.com/v2/media/ghs/f66d4ec3-c9a8-4af5-b2b5-35202f4c5194/334f2e07-af34-4a34-b28b-75c99938f6a9_1732075427.jpeg?h=225&w=225,
295375536,Cake Decor Gold Glitter Spray 4G,https://www.tesco.com/groceries/en-GB/shop/food-cupboard/all?department=Home%20Baking%20%26%20Sugar&viewAll=department&page=,£3.50,£87.50/100g,,,/groceries/en-GB/products/295375536,https://digitalcontent.api.tesco.com/v2/media/ghs/d1781eff-526f-4df7-8a52-0f8126101290/8cd2e648-4505-4a88-8ee0-343de75a178e_2145625765.jpeg?h=225&w=225,
254914198,Certo Apple Pectin 250Gml,https://www.tesco.com/groceries/en-GB/shop/food-cupboard/all?department=Home%20Baking%20%26%20Sugar&viewAll=department&page=,£2.60,£1.04/100ml,,,/groceries/en-GB/products/254914198,https://digitalcontent.api.tesco.com/v2/media/ghs/d50d5a21-b8e1-46af-b71e-c6517909f4df/53950260-3a37-4055-a8ff-454551565805_2108022625.jpeg?h=225&w=225,
311262916,Pure Via Sugar Free Demerara Alternative 200G,https://www.tesco.com/groceries/en-GB/shop/food-cupboard/all?department=Home%20Baking%20%26%20Sugar&viewAll=department&page=,£3.60,£18.00/kg,,,/groceries/en-GB/products/311262916,https://digitalcontent.api.tesco.com/v2/media/ghs/b162bcec-4f7e-4edb-86bd-994fff6cae45/165ff65c-5ae1-4820-9e3e-fea636b6cb4b_2097478873.jpeg?h=225&w=225,
295375559,Cake Decor Silver Glitter Spray 4G,https://www.tesco.com/groceries/en-GB/shop/food-cupboard/all?department=Home%20Baking%20%26%20Sugar&viewAll=department&page=,£3.50,£87.50/100g,,,/groceries/en-GB/products/295375559,https://digitalcontent.api.tesco.com/v2/media/ghs/16d0c3a4-8c07-44af-8eea-d55c98b1aa84/50fcf1a9-dfc0-4fc2-a1af-d3adc33f4aa3_1618582568.jpeg?h=225&w=225,
302174913,Betty Crocker Salted Caramel Icing 400G,https://www.tesco.com/groceries/en-GB/shop/food-cupboard/all?department=Home%20Baking%20%26%20Sugar&viewAll=department&page=,£2.80,£0.70/100g,,,/groceries/en-GB/products/302174913,https://digitalcontent.api.tesco.com/v2/media/ghs/367a3428-b735-4a05-90bb-fe8f091aef55/2268aafb-6121-42bf-99b2-a0bc6fbc82a6_1668967785.jpeg?h=225&w=225,
309629417,Tesco Loose Base Cake Tin 12Cm,https://www.tesco.com/groceries/en-GB/shop/food-cupboard/all?department=Home%20Baking%20%26%20Sugar&viewAll=department&page=,£3.00,£3.00/each,,,/groceries/en-GB/products/309629417,https://digitalcontent.api.tesco.com/v2/media/ghs/6b8bce56-f982-459c-aeef-6b8d536db503/e6c2d40e-20da-466f-83e2-8ad3dcbdc494_1392455868.jpeg?h=225&w=225,
305435566,Canderel Stevia Blend Granules 200G,https://www.tesco.com/groceries/en-GB/shop/food-cupboard/all?department=Home%20Baking%20%26%20Sugar&viewAll=department&page=,£3.10,£15.50/kg,,,/groceries/en-GB/products/305435566,https://digitalcontent.api.tesco.com/v2/media/ghs/562370f6-7edc-46c4-989b-5881f4d0561d/e5e6297c-733d-44dd-83f5-4bf59989058c_1436358205.jpeg?h=225&w=225,
260509940,Betty Crocker Chocolate Chunk Muffin Mix 335G,https://www.tesco.com/groceries/en-GB/shop/food-cupboard/all?department=Home%20Baking%20%26%20Sugar&viewAll=department&page=,£2.80,£8.36/kg,,,/groceries/en-GB/products/260509940,https://digitalcontent.api.tesco.com/v2/media/ghs/069b4805-8741-4751-90bf-31db12d20b67/d4765954-f0c9-4fe0-a722-d5ceb555b23c_1846404104.jpeg?h=225&w=225,
281184150,Nielsen Massey Almond Extract 60Ml,https://www.tesco.com/groceries/en-GB/shop/food-cupboard/all?department=Home%20Baking%20%26%20Sugar&viewAll=department&page=,£4.00,£6.67/100ml,£3.00 Clubcard Price,,/groceries/en-GB/products/281184150,https://digitalcontent.api.tesco.com/v2/media/ghs/c8f88489-53ca-497d-bd57-0ba70a261a01/169b1957-3696-4405-9150-a7b639aa68f5_1884739304.jpeg?h=225&w=225,
309164776,Tesco Egg Alternative 135G,https://www.tesco.com/groceries/en-GB/shop/food-cupboard/all?department=Home%20Baking%20%26%20Sugar&viewAll=department&page=,£2.50,£1.86/100g,,,/groceries/en-GB/products/309164776,https://digitalcontent.api.tesco.com/v2/media/ghs/afdd8e38-859f-4d90-8809-01498542e255/ee31edfe-b2d2-4a2a-8dac-46f5ac6dec43_1384688401.jpeg?h=225&w=225,
305039586,Superfood Bakery Organic Pancake Mix 200G,https://www.tesco.com/groceries/en-GB/shop/food-cupboard/all?department=Home%20Baking%20%26%20Sugar&viewAll=department&page=,£3.00,£15.00/kg,,,/groceries/en-GB/products/305039586,https://digitalcontent.api.tesco.com/v2/media/ghs/36ea0e75-1bf4-4bb0-a1c6-93b9245c0d2e/9568c150-2d45-4822-8fe3-c4c51e5d248c_251558331.jpeg?h=225&w=225,
307760056,Betty Crocker Low Fat Blueberry Muffin Mix 335G,https://www.tesco.com/groceries/en-GB/shop/food-cupboard/all?department=Home%20Baking%20%26%20Sugar&viewAll=department&page=,£2.80,£8.36/kg,,,/groceries/en-GB/products/307760056,https://digitalcontent.api.tesco.com/v2/media/ghs/6d0cb47d-f759-4887-a21d-e59d9a579399/81944aa4-2317-41c9-b71b-0f5b8f24a877_1144810604.jpeg?h=225&w=225,
288660301,Dr Oetker Ready To Roll White Icing 1Kg,https://www.tesco.com/groceries/en-GB/shop/food-cupboard/all?department=Home%20Baking%20%26%20Sugar&viewAll=department&page=,,,,,/groceries/en-GB/products/288660301,https://digitalcontent.api.tesco.com/v2/media/ghs/eed3d645-8ed5-4228-b580-c701f9f005dd/f365fde3-da6b-4ed7-9481-a5e98a49ceb7_1812449920.jpeg?h=225&w=225,This product's currently out of stock
305435877,Creative Nature Wholegrain Banana Bread Baking Mix 250G,https://www.tesco.com/groceries/en-GB/shop/food-cupboard/all?department=Home%20Baking%20%26%20Sugar&viewAll=department&page=,£3.00,£12.00/kg,,,/groceries/en-GB/products/305435877,https://digitalcontent.api.tesco.com/v2/media/ghs/254164a0-e085-4cb4-b7e3-65017867ba07/e5bab0a7-1961-4fed-ab1c-55c06f9c6bb7_1561408214.jpeg?h=225&w=225,
307745870,Betty Crocker Rainbow Cookie 495G,https://www.tesco.com/groceries/en-GB/shop/food-cupboard/all?department=Home%20Baking%20%26%20Sugar&viewAll=department&page=,£3.00,£6.07/kg,,,/groceries/en-GB/products/307745870,https://digitalcontent.api.tesco.com/v2/media/ghs/ff5e1354-c7a1-41b2-b937-a693b70e2e43/2fdcce83-5560-4e98-9e28-3b5926e87ff2_536727838.jpeg?h=225&w=225,
309474357,Tesco Finest Strawberry & Cream Flavour Frosting 400G,https://www.tesco.com/groceries/en-GB/shop/food-cupboard/all?department=Home%20Baking%20%26%20Sugar&viewAll=department&page=,£2.30,£0.58/100g,,,/groceries/en-GB/products/309474357,https://digitalcontent.api.tesco.com/v2/media/ghs/3a171020-9af8-47fc-91f5-4d390400e252/1366adbc-a3f9-4b1a-b603-d51438ae0491_1632154058.jpeg?h=225&w=225,
312361947,Allison's 3 Step Kit Brioche Buns 237G,https://www.tesco.com/groceries/en-GB/shop/food-cupboard/all?department=Home%20Baking%20%26%20Sugar&viewAll=department&page=,£2.00,£8.44/kg,,,/groceries/en-GB/products/312361947,https://digitalcontent.api.tesco.com/v2/media/ghs/4c9a5015-2f55-4f5b-a58a-d05f23dd7315/854e063c-1bcf-436a-87fc-553a68a6c3df_58593839.jpeg?h=225&w=225,
312085807,Allinson's 3 Step Kit Spicy Flatbread 237G,https://www.tesco.com/groceries/en-GB/shop/food-cupboard/all?department=Home%20Baking%20%26%20Sugar&viewAll=department&page=,£2.00,£8.44/kg,,,/groceries/en-GB/products/312085807,https://digitalcontent.api.tesco.com/v2/media/ghs/92a3e3d0-fc79-4b75-9644-4e9b2e3e14d9/e07568b2-5b65-43d1-a237-16241f5b39af_161684358.jpeg?h=225&w=225,
312354449,Allinson's 3 Step Kit Seeded Bagels 237G,https://www.tesco.com/groceries/en-GB/shop/food-cupboard/all?department=Home%20Baking%20%26%20Sugar&viewAll=department&page=,£2.00,£8.44/kg,,,/groceries/en-GB/products/312354449,https://digitalcontent.api.tesco.com/v2/media/ghs/fc340b1a-3211-49b9-a06a-6fe1fb43d666/99939a0c-a788-4ce1-bf85-119af610b378_824012179.jpeg?h=225&w=225,
311796895,Dr Oetker 12 White Chocolatey Flavoured Carrots 13G,https://www.tesco.com/groceries/en-GB/shop/food-cupboard/all?department=Home%20Baking%20%26%20Sugar&viewAll=department&page=,£2.15,£16.54/100g,,,/groceries/en-GB/products/311796895,,
311678471,Dr Oetker 12 White Chocolatey Dinosaurs 20G,https://www.tesco.com/groceries/en-GB/shop/food-cupboard/all?department=Home%20Baking%20%26%20Sugar&viewAll=department&page=,£2.15,£10.75/100g,,,/groceries/en-GB/products/311678471,https://digitalcontent.api.tesco.com/v2/media/ghs/d48bfd1b-3cf0-480e-bd3f-cc9d564ecb0d/38ffa7aa-1f7f-4145-9146-e66aa55b70dc_929866867.jpeg?h=225&w=225,
306953354,Tesco Finest Chocolate & Brazilian Orange Frosting 400G,https://www.tesco.com/groceries/en-GB/shop/food-cupboard/all?department=Home%20Baking%20%26%20Sugar&viewAll=department&page=,£2.30,£0.58/100g,,,/groceries/en-GB/products/306953354,https://digitalcontent.api.tesco.com/v2/media/ghs/db2f52c3-da5a-44b8-a923-4452628dac8e/e6d74169-e402-46a1-a9c3-11249a014975_1503362258.jpeg?h=225&w=225,
304368779,Doves Farm Organic White Rye Flour 1Kg,https://www.tesco.com/groceries/en-GB/shop/food-cupboard/all?department=Home%20Baking%20%26%20Sugar&viewAll=department&page=,£2.00,£2.00/kg,,,/groceries/en-GB/products/304368779,https://digitalcontent.api.tesco.com/v2/media/ghs/98d1bad8-cee5-4705-b2c5-b844f465052c/d7fa2c26-a4dd-4e0c-8786-0951a2187738_898640391.jpeg?h=225&w=225,
312101352,Canderel Icing Sugar & Sweetener Blend 220G,https://www.tesco.com/groceries/en-GB/shop/food-cupboard/all?department=Home%20Baking%20%26%20Sugar&viewAll=department&page=,£2.35,£10.69/kg,,,/groceries/en-GB/products/312101352,https://digitalcontent.api.tesco.com/v2/media/ghs/9a4763fd-9169-4cd9-9cf7-8eb82f69965a/cb9864cc-141c-4f5b-9ebb-8af8b0d58960_1282522259.jpeg?h=225&w=225,
288659839,Dr Oetker Wafer Flowers 40'S,https://www.tesco.com/groceries/en-GB/shop/food-cupboard/all?department=Home%20Baking%20%26%20Sugar&viewAll=department&page=,£1.80,£0.04/each,,,/groceries/en-GB/products/288659839,https://digitalcontent.api.tesco.com/v2/media/ghs/69010537-2118-4b94-bd95-dc42cf414304/2884d6a5-15f6-4be9-a42a-fa034a1d8afa_916581129.jpeg?h=225&w=225,
302143311,Dr Oetker Unicorn Confetti Sprinkles 110G,https://www.tesco.com/groceries/en-GB/shop/food-cupboard/all?department=Home%20Baking%20%26%20Sugar&viewAll=department&page=,£2.60,£2.37/100g,£1.75 Clubcard Price,,/groceries/en-GB/products/302143311,https://digitalcontent.api.tesco.com/v2/media/ghs/1acc2129-c026-4bf7-8c74-585276582e02/115954ae-93e1-4f36-85c6-03248d9751fb_1903942295.jpeg?h=225&w=225,
307143453,Dr Oetker Decorating Icing Gold 50G,https://www.tesco.com/groceries/en-GB/shop/food-cupboard/all?department=Home%20Baking%20%26%20Sugar&viewAll=department&page=,£1.80,£3.60/100g,,,/groceries/en-GB/products/307143453,https://digitalcontent.api.tesco.com/v2/media/ghs/b27b2720-bb4c-4524-ac83-40080571239a/42e08d9d-b695-4f43-9fc8-c548b0528898_169276177.jpeg?h=225&w=225,
271188921,Dr. Oetker Party Candles 18'S,https://www.tesco.com/groceries/en-GB/shop/food-cupboard/all?department=Home%20Baking%20%26%20Sugar&viewAll=department&page=,£1.55,£0.09/each,,,/groceries/en-GB/products/271188921,https://digitalcontent.api.tesco.com/v2/media/ghs/b165b0ca-13fb-4e08-88db-f550502febd8/ddb714a1-f235-407a-8cde-cb7cd0947268_508612827.jpeg?h=225&w=225,
312585400,Doughlicious Ready To Bake Salted Caramel & Dark Chocolate Cookies 204G,https://www.tesco.com/groceries/en-GB/shop/food-cupboard/all?department=Home%20Baking%20%26%20Sugar&viewAll=department&page=,£3.00,£1.48/100g,£2.00 Clubcard Price,,/groceries/en-GB/products/312585400,https://digitalcontent.api.tesco.com/v2/media/ghs/99fd5e4f-a7da-47d4-9375-103451002ace/a04350d6-41ee-4b24-bc52-ef63ff881999_902056227.jpeg?h=225&w=225,
307742147,Tesco Free From Surprise Cupcake Kit 300G,https://www.tesco.com/groceries/en-GB/shop/food-cupboard/all?department=Home%20Baking%20%26%20Sugar&viewAll=department&page=,£2.00,£6.67/kg,,,/groceries/en-GB/products/307742147,https://digitalcontent.api.tesco.com/v2/media/ghs/bea673fc-43bf-445b-a3f8-6f2b0253070c/057c8bbb-957b-4baa-904e-203d4682c20f_209456819.jpeg?h=225&w=225,
307143758,Dr. Oetker Decorating Icing White 50G,https://www.tesco.com/groceries/en-GB/shop/food-cupboard/all?department=Home%20Baking%20%26%20Sugar&viewAll=department&page=,£1.80,£3.60/100g,,,/groceries/en-GB/products/307143758,https://digitalcontent.api.tesco.com/v2/media/ghs/7e27dc16-d35d-4a79-b558-6a543c824bbf/19b70d42-a3cc-4266-a66b-b983986ddd48_81153653.jpeg?h=225&w=225,
309464909,Dr Oetker Rainbow Magic Sprinkles 115G,https://www.tesco.com/groceries/en-GB/shop/food-cupboard/all?department=Home%20Baking%20%26%20Sugar&viewAll=department&page=,£2.60,£2.27/100g,£1.75 Clubcard Price,,/groceries/en-GB/products/309464909,https://digitalcontent.api.tesco.com/v2/media/ghs/abc7e251-70f7-4b7b-a3fb-fd4091a49204/e510cc2d-f570-4527-8268-6d176111f283_1915928837.jpeg?h=225&w=225,
290724161,Tesco Patterned Candle Blue 12 Pack,https://www.tesco.com/groceries/en-GB/shop/food-cupboard/all?department=Home%20Baking%20%26%20Sugar&viewAll=department&page=,£1.50,£0.12/each,Any 5 for 4 Clubcard Price - Cheapest Product Free - Selected Tesco Party ,,/groceries/en-GB/products/290724161,https://digitalcontent.api.tesco.com/v2/media/ghs/8860ec84-5d83-496f-8a37-44b2c60d4425/3ec50900-38ac-4ea7-b78c-8ff98bb8f5eb_1772603269.jpeg?h=225&w=225,
302141676,"Create A Cake 12"" Round Cake Drum",https://www.tesco.com/groceries/en-GB/shop/food-cupboard/all?department=Home%20Baking%20%26%20Sugar&viewAll=department&page=,£1.50,£1.50/each,,,/groceries/en-GB/products/302141676,https://digitalcontent.api.tesco.com/v2/media/ghs/43a6afbf-c3d3-4e47-9a49-144377cedf30/a4870b44-1931-4c1d-a43c-236455337bd3_2106461153.jpeg?h=225&w=225,
306950403,Tesco Red Velvet Dusting 60G,https://www.tesco.com/groceries/en-GB/shop/food-cupboard/all?department=Home%20Baking%20%26%20Sugar&viewAll=department&page=,£1.05,£1.75/100g,,,/groceries/en-GB/products/306950403,https://digitalcontent.api.tesco.com/v2/media/ghs/9f51b6ed-dcc1-4ec4-a8bb-2fcac1094ae4/13da5d80-ff09-4370-b4ed-5af48afee593_399850768.jpeg?h=225&w=225,
306820955,Tesco Pink & Red Heart Sprinkles 65G,https://www.tesco.com/groceries/en-GB/shop/food-cupboard/all?department=Home%20Baking%20%26%20Sugar&viewAll=department&page=,£1.05,£1.62/100g,,,/groceries/en-GB/products/306820955,https://digitalcontent.api.tesco.com/v2/media/ghs/b766301e-60be-4615-8d51-4ce56362150d/4976d791-fee3-4c5f-8981-66c335641717_79771349.jpeg?h=225&w=225,
309452602,Tesco Finest Ruby Cooking Chocolate Buttons 100G,https://www.tesco.com/groceries/en-GB/shop/food-cupboard/all?department=Home%20Baking%20%26%20Sugar&viewAll=department&page=,£1.00,£1.00/100g,,,/groceries/en-GB/products/309452602,https://digitalcontent.api.tesco.com/v2/media/ghs/1902cd60-58e7-406d-b239-7367d14eb6a5/1f795f43-aa85-4549-bf4b-31764c58edae_756277261.jpeg?h=225&w=225,
289585227,Betty Crocker Chocolate Swirl Cake Mix 425G,https://www.tesco.com/groceries/en-GB/shop/food-cupboard/all?department=Home%20Baking%20%26%20Sugar&viewAll=department&page=,£2.80,£0.66/100g,,,/groceries/en-GB/products/289585227,https://digitalcontent.api.tesco.com/v2/media/ghs/0a0e72da-65f0-4f98-b9f9-9c987d6ba0d3/0a24811f-43e5-4e4f-a4ca-1026a08f0a24_2141410971.jpeg?h=225&w=225,
309451534,Pure Via 100% Xylitol Plant Based 900G,https://www.tesco.com/groceries/en-GB/shop/food-cupboard/all?department=Home%20Baking%20%26%20Sugar&viewAll=department&page=,£10.00,£11.12/kg,,,/groceries/en-GB/products/309451534,https://digitalcontent.api.tesco.com/v2/media/ghs/e8b2dfea-fbb7-4657-a025-191cbeae5f97/afa48fba-3185-43ea-acac-7224d314b833_1072604311.jpeg?h=225&w=225,
308786767,Go Cook Square Cake Tin 20Cm,https://www.tesco.com/groceries/en-GB/shop/food-cupboard/all?department=Home%20Baking%20%26%20Sugar&viewAll=department&page=,£5.00,£5.00/each,,,/groceries/en-GB/products/308786767,https://digitalcontent.api.tesco.com/v2/media/ghs/26c9ef5a-d9a2-4e1c-b22e-7676f6446dc9/40449b91-d3c5-4f87-975b-354493e5704f_956055880.jpeg?h=225&w=225,
308786744,Go Cook Loaf Tin 23Cm,https://www.tesco.com/groceries/en-GB/shop/food-cupboard/all?department=Home%20Baking%20%26%20Sugar&viewAll=department&page=,£4.00,£4.00/each,,,/groceries/en-GB/products/308786744,https://digitalcontent.api.tesco.com/v2/media/ghs/22220f93-d899-418c-9ba9-66a387eede5b/84beed12-6790-42f9-a6ee-fd9340663413_504121894.jpeg?h=225&w=225,
309629481,Tesco 6 Cup Muffin Tray,https://www.tesco.com/groceries/en-GB/shop/food-cupboard/all?department=Home%20Baking%20%26%20Sugar&viewAll=department&page=,£4.00,£4.00/each,,,/groceries/en-GB/products/309629481,https://digitalcontent.api.tesco.com/v2/media/ghs/3be0c289-bd79-4558-a991-a53385314a07/6d7173d8-6971-401f-a6f9-5ed7dcf1de90_700137490.jpeg?h=225&w=225,
311443743,Superfood Bakery Organic Banana Loaf Mix 250G,https://www.tesco.com/groceries/en-GB/shop/food-cupboard/all?department=Home%20Baking%20%26%20Sugar&viewAll=department&page=,£3.00,£12.00/kg,,,/groceries/en-GB/products/311443743,https://digitalcontent.api.tesco.com/v2/media/ghs/ade3e0f9-d41b-4153-b905-6246897eeff2/snapshotimagehandler_1907052263.jpeg?h=225&w=225,
281197716,Nielsen Massey Lemon Extract 60Ml,https://www.tesco.com/groceries/en-GB/shop/food-cupboard/all?department=Home%20Baking%20%26%20Sugar&viewAll=department&page=,£4.00,£6.67/100ml,£3.00 Clubcard Price,,/groceries/en-GB/products/281197716,https://digitalcontent.api.tesco.com/v2/media/ghs/d8a173b6-259a-44de-bd3f-259a78040cf7/bb09873d-4a33-4c86-a3a5-2a34e94dd3ad_600766550.jpeg?h=225&w=225,
309178852,Cake Decor Chocolate Orange Flavour Cake Kit 790G,https://www.tesco.com/groceries/en-GB/shop/food-cupboard/all?department=Home%20Baking%20%26%20Sugar&viewAll=department&page=,£4.00,£5.07/kg,,,/groceries/en-GB/products/309178852,https://digitalcontent.api.tesco.com/v2/media/ghs/15082a0b-5752-43cd-8a5b-1ad0fc837664/22e0275b-6497-495a-b6ac-d45798bed7cc_535674658.jpeg?h=225&w=225,
307137795,Dr. Oetker Shimmer Spray Gold 50Ml,https://www.tesco.com/groceries/en-GB/shop/food-cupboard/all?department=Home%20Baking%20%26%20Sugar&viewAll=department&page=,£5.15,£10.30/100ml,£3.00 Clubcard Price,,/groceries/en-GB/products/307137795,https://digitalcontent.api.tesco.com/v2/media/ghs/81d8f928-34df-46dc-a711-082d97aec946/10d8683d-b695-4946-baa6-a78500765c09_442311855.jpeg?h=225&w=225,
274662793,Nielsen Massey Rose Water 60Ml,https://www.tesco.com/groceries/en-GB/shop/food-cupboard/all?department=Home%20Baking%20%26%20Sugar&viewAll=department&page=,£4.00,£0.67/10ml,£3.00 Clubcard Price,,/groceries/en-GB/products/274662793,https://digitalcontent.api.tesco.com/v2/media/ghs/409af839-6d6e-4632-869a-d99ff7ece0e9/87055bd9-5324-4215-8091-8a1a4e1c0c74_954646497.jpeg?h=225&w=225,
309485678,Tesco Finest Caramel For Baking 400G,https://www.tesco.com/groceries/en-GB/shop/food-cupboard/all?department=Home%20Baking%20%26%20Sugar&viewAll=department&page=,£3.00,£0.75/100g,,,/groceries/en-GB/products/309485678,https://digitalcontent.api.tesco.com/v2/media/ghs/7094e843-5bc6-45aa-94c4-8b759a6d5852/80245593-1acb-413f-b1fc-a53fda04f7fa_530952229.jpeg?h=225&w=225,
302293242,Cake Decor Unicorn Frosting Striped 275G,https://www.tesco.com/groceries/en-GB/shop/food-cupboard/all?department=Home%20Baking%20%26%20Sugar&viewAll=department&page=,£3.00,£1.10/100g,,,/groceries/en-GB/products/302293242,https://digitalcontent.api.tesco.com/v2/media/ghs/e8200f46-568f-4a37-ac12-83b87b541a69/136c37a8-f11b-4389-8344-e907d082d179_1070685379.jpeg?h=225&w=225,
309463157,Dr Oetker Slime Baking Cupcake Kit 400G,https://www.tesco.com/groceries/en-GB/shop/food-cupboard/all?department=Home%20Baking%20%26%20Sugar&viewAll=department&page=,£2.70,£6.75/kg,,,/groceries/en-GB/products/309463157,https://digitalcontent.api.tesco.com/v2/media/ghs/645848bf-e484-4790-a437-6dcdcb6324a2/edb0cf57-012b-43e0-b8b7-dd725d51aff6_1809641018.jpeg?h=225&w=225,
309790224,Dr Oetker Jelly Bubbles Baking Cupcake Kit 325G,https://www.tesco.com/groceries/en-GB/shop/food-cupboard/all?department=Home%20Baking%20%26%20Sugar&viewAll=department&page=,£2.70,£8.31/kg,,,/groceries/en-GB/products/309790224,https://digitalcontent.api.tesco.com/v2/media/ghs/fc23640c-b8ba-4d09-a6ac-874930844c99/c5a781d3-4534-4da0-9c0b-ba3c9f5cc2d7_1467458990.jpeg?h=225&w=225,
309781811,Dr Oetker Solar System Baking Cupcake Kit 360G,https://www.tesco.com/groceries/en-GB/shop/food-cupboard/all?department=Home%20Baking%20%26%20Sugar&viewAll=department&page=,£2.70,£7.50/kg,,,/groceries/en-GB/products/309781811,https://digitalcontent.api.tesco.com/v2/media/ghs/0fea215d-32d2-4fde-bfa5-8cb6965697d2/ac5c29ec-7c45-4cb2-b73c-baaf4dd4a5c5_944722267.jpeg?h=225&w=225,
307753917,Betty Crocker Salted Caramel Shortbread Mix 345G,https://www.tesco.com/groceries/en-GB/shop/food-cupboard/all?department=Home%20Baking%20%26%20Sugar&viewAll=department&page=,£2.80,£8.12/kg,,,/groceries/en-GB/products/307753917,https://digitalcontent.api.tesco.com/v2/media/ghs/c689b5e3-65c1-4d5a-aff2-8d2fe67e2a94/04b567aa-3bdd-4181-b92b-326e36d8d490_1387080847.jpeg?h=225&w=225,
311780182,Superfood Bakery Chocolate Cookie Mix 245G,https://www.tesco.com/groceries/en-GB/shop/food-cupboard/all?department=Home%20Baking%20%26%20Sugar&viewAll=department&page=,£3.00,£12.25/kg,,,/groceries/en-GB/products/311780182,https://digitalcontent.api.tesco.com/v2/media/ghs/4c0c4131-8d0c-413a-ad0c-b5485944124e/4cc7031d-edab-4b7d-b5c7-8c742006340a_250721358.jpeg?h=225&w=225,
304723814,Dr Oetker Letters&Number Colour 40G,https://www.tesco.com/groceries/en-GB/shop/food-cupboard/all?department=Home%20Baking%20%26%20Sugar&viewAll=department&page=,£2.85,£7.13/100g,,,/groceries/en-GB/products/304723814,https://digitalcontent.api.tesco.com/v2/media/ghs/a158ed80-0085-4593-ac56-6c3bbe1f9f05/96677187-290d-49a7-988a-61748df8a23c_297568924.jpeg?h=225&w=225,
308869831,Pure Via Baker's Secret Icing Sugar Alternative 220G,https://www.tesco.com/groceries/en-GB/shop/food-cupboard/all?department=Home%20Baking%20%26%20Sugar&viewAll=department&page=,£4.00,£18.19/kg,£2.66 Clubcard Price,,/groceries/en-GB/products/308869831,https://digitalcontent.api.tesco.com/v2/media/ghs/5f7831b5-d295-406a-aa89-ef062a1ab5e8/c6715216-a35a-4fcb-b2a2-9f1554ad7eed_533152224.jpeg?h=225&w=225,
305251155,Creative Nature Free From Brownie Baking Mix 250G,https://www.tesco.com/groceries/en-GB/shop/food-cupboard/all?department=Home%20Baking%20%26%20Sugar&viewAll=department&page=,£3.00,£12.00/kg,,,/groceries/en-GB/products/305251155,https://digitalcontent.api.tesco.com/v2/media/ghs/94b41964-e5be-4210-b4d7-1dd58c12a40c/9c9650ab-0f53-415a-8682-497f86ee425a_71650748.jpeg?h=225&w=225,
309496325,Tesco Pink Drip Icing 120G,https://www.tesco.com/groceries/en-GB/shop/food-cupboard/all?department=Home%20Baking%20%26%20Sugar&viewAll=department&page=,£2.50,£2.09/100g,,,/groceries/en-GB/products/309496325,https://digitalcontent.api.tesco.com/v2/media/ghs/03e07587-f8ee-41b2-a4db-1f2cd07c21b9/81a97c1f-8232-4ca3-b515-f83e4a833a85_180435852.jpeg?h=225&w=225,
311270394,Dr Oetker Brookie Cookies Baking Mix 390G,https://www.tesco.com/groceries/en-GB/shop/food-cupboard/all?department=Home%20Baking%20%26%20Sugar&viewAll=department&page=,£2.95,£7.57/kg,,,/groceries/en-GB/products/311270394,https://digitalcontent.api.tesco.com/v2/media/ghs/1ac2e1e0-6cc9-4e0f-b6b4-d05ea1d16522/349a20eb-9964-4333-9734-64d102f09f47_326655276.jpeg?h=225&w=225,
312094261,Dr. Oetker Adventure Mix Sprinkles 90G,https://www.tesco.com/groceries/en-GB/shop/food-cupboard/all?department=Home%20Baking%20%26%20Sugar&viewAll=department&page=,£2.30,£2.56/100g,,,/groceries/en-GB/products/312094261,https://digitalcontent.api.tesco.com/v2/media/ghs/967d6843-6c93-4357-b0de-42500337f549/7ae95846-e712-4335-a7fb-d455629c1d08_69519689.jpeg?h=225&w=225,
310185577,Nielsen Massey Vanilla Bean Paste 60Ml,https://www.tesco.com/groceries/en-GB/shop/food-cupboard/all?department=Home%20Baking%20%26%20Sugar&viewAll=department&page=,£6.99,£116.50/litre,,,/groceries/en-GB/products/310185577,https://digitalcontent.api.tesco.com/v2/media/ghs/d9fe2078-d67d-4e08-8c91-07fd29d3d35b/snapshotimagehandler_1623213175.jpeg?h=225&w=225,
309457228,Tesco Finest Raspberry Flavour Frosting 400G,https://www.tesco.com/groceries/en-GB/shop/food-cupboard/all?department=Home%20Baking%20%26%20Sugar&viewAll=department&page=,£2.30,£0.58/100g,,,/groceries/en-GB/products/309457228,https://digitalcontent.api.tesco.com/v2/media/ghs/3ea4d344-bdde-472c-8ce5-5f73846b5c48/28f6e19a-381d-4cc4-b8b8-158fbd548fdd_128032994.jpeg?h=225&w=225,
309467579,Tesco Finest Mango & Passion Fruit Frosting 400G,https://www.tesco.com/groceries/en-GB/shop/food-cupboard/all?department=Home%20Baking%20%26%20Sugar&viewAll=department&page=,£2.30,£0.58/100g,,,/groceries/en-GB/products/309467579,https://digitalcontent.api.tesco.com/v2/media/ghs/4539134d-19d3-445f-8700-4172518f88bc/4e1bf2dd-52a9-4d21-9baa-88dc77a4a355_144128681.jpeg?h=225&w=225,
311935173,Dr. Oetker 36 White Chocolatey Mini Flowers 13G,https://www.tesco.com/groceries/en-GB/shop/food-cupboard/all?department=Home%20Baking%20%26%20Sugar&viewAll=department&page=,£2.15,£16.54/100g,,,/groceries/en-GB/products/311935173,https://digitalcontent.api.tesco.com/v2/media/ghs/3706e1eb-acd7-44f8-921f-038e6d93503f/7ce40fd1-7fb6-4ba3-b24e-081b99a81284_1667825584.jpeg?h=225&w=225,
304724295,Dr Oetker Carrot Cake Traybake Kit 425G,https://www.tesco.com/groceries/en-GB/shop/food-cupboard/all?department=Home%20Baking%20%26%20Sugar&viewAll=department&page=,£2.50,£5.89/kg,,,/groceries/en-GB/products/304724295,https://digitalcontent.api.tesco.com/v2/media/ghs/b43afe8f-3549-49ab-9e20-3206d65765ae/04315d1e-63ef-42f5-a147-d674a7032626_1718508745.jpeg?h=225&w=225,
306937443,Tesco Finest Belgian Chocolate Ganache 400G,https://www.tesco.com/groceries/en-GB/shop/food-cupboard/all?department=Home%20Baking%20%26%20Sugar&viewAll=department&page=,£3.00,£0.75/100g,,,/groceries/en-GB/products/306937443,https://digitalcontent.api.tesco.com/v2/media/ghs/71648937-6c5a-443d-8b85-bd09f300773e/97b69281-45ff-4f75-addb-f47d38f1fbd0_1241602739.jpeg?h=225&w=225,
309732761,Stripe Candles 12 Pack,https://www.tesco.com/groceries/en-GB/shop/food-cupboard/all?department=Home%20Baking%20%26%20Sugar&viewAll=department&page=,£2.00,£0.17/each,Any 5 for 4 Clubcard Price - Cheapest Product Free - Selected Tesco Party ,,/groceries/en-GB/products/309732761,https://digitalcontent.api.tesco.com/v2/media/ghs/c9c6ada2-c3a9-4def-b490-9ef0b5fec611/6030d153-216e-4e28-9e5d-bb1e5cac6413_1253458239.jpeg?h=225&w=225,
304724151,Dr Oetker Lemon Drizzle Traybake Kit 375G,https://www.tesco.com/groceries/en-GB/shop/food-cupboard/all?department=Home%20Baking%20%26%20Sugar&viewAll=department&page=,£2.50,£6.67/kg,,,/groceries/en-GB/products/304724151,https://digitalcontent.api.tesco.com/v2/media/ghs/ff5f82ba-422a-4716-b715-82cbfb211633/6b6d9413-dc20-418e-aa85-1c4fb04dbde7_1141405906.jpeg?h=225&w=225,
311674193,Dr Oetker 11 White Chocolate Unicorns & Rainbows 18G,https://www.tesco.com/groceries/en-GB/shop/food-cupboard/all?department=Home%20Baking%20%26%20Sugar&viewAll=department&page=,£2.15,£11.95/100g,,,/groceries/en-GB/products/311674193,https://digitalcontent.api.tesco.com/v2/media/ghs/180232a5-e32e-4560-872e-1ff194460aac/5243c5fb-8329-4e73-86a1-6fdb8d8265b7_1335039418.jpeg?h=225&w=225,
276084385,Dr. Oetker Chocolate Hearts 40G,https://www.tesco.com/groceries/en-GB/shop/food-cupboard/all?department=Home%20Baking%20%26%20Sugar&viewAll=department&page=,£1.80,£4.50/100g,,,/groceries/en-GB/products/276084385,https://digitalcontent.api.tesco.com/v2/media/ghs/abaf7e29-c690-4bcf-9ce6-dd1500e42d14/9fbeea8d-e9aa-4f14-80a0-4a9291f38675_1131086620.jpeg?h=225&w=225,
304396935,Cadbury Chocolate Cookie Mix 265G,https://www.tesco.com/groceries/en-GB/shop/food-cupboard/all?department=Home%20Baking%20%26%20Sugar&viewAll=department&page=,£2.25,£8.50/kg,,,/groceries/en-GB/products/304396935,https://digitalcontent.api.tesco.com/v2/media/ghs/e68ea677-d592-4add-8e37-d50d4ff4b856/90a55659-f54f-4b4e-bab3-66653255957d_1242895084.jpeg?h=225&w=225,
312360476,Canderel On The Go Liquid Sweetener 50Ml,https://www.tesco.com/groceries/en-GB/shop/food-cupboard/all?department=Home%20Baking%20%26%20Sugar&viewAll=department&page=,£2.00,£0.40/10ml,,,/groceries/en-GB/products/312360476,https://digitalcontent.api.tesco.com/v2/media/ghs/2a549805-327e-4944-8d92-73cf855e18ab/128f287a-0d59-453f-aa41-e0fb360813c0_1241871610.jpeg?h=225&w=225,
311672569,Dr Oetker Melt In The Middle Chocolate Pudding Baking Mix 140G,https://www.tesco.com/groceries/en-GB/shop/food-cupboard/all?department=Home%20Baking%20%26%20Sugar&viewAll=department&page=,£1.75,£12.50/kg,,,/groceries/en-GB/products/311672569,https://digitalcontent.api.tesco.com/v2/media/ghs/7a118cbb-5841-4b7f-bebb-0f682a26fb2d/b7de7e0d-caf5-4375-959f-5fa619a166ce_1357070629.jpeg?h=225&w=225,
270887372,Dr.Oetker Wafer Daisies 10 X 2G 12 Daisies,https://www.tesco.com/groceries/en-GB/shop/food-cupboard/all?department=Home%20Baking%20%26%20Sugar&viewAll=department&page=,£1.80,£9.00/100g,,,/groceries/en-GB/products/270887372,https://digitalcontent.api.tesco.com/v2/media/ghs/5e2d0a56-2731-492d-8716-20f4fb4bb3a8/220b0330-5263-40c8-8b5f-3a5c7b3587c7_300605741.jpeg?h=225&w=225,
295491450,Tesco Patterned Candles Pink 12 Pack,https://www.tesco.com/groceries/en-GB/shop/food-cupboard/all?department=Home%20Baking%20%26%20Sugar&viewAll=department&page=,£1.50,£0.12/each,Any 5 for 4 Clubcard Price - Cheapest Product Free - Selected Tesco Party ,,/groceries/en-GB/products/295491450,https://digitalcontent.api.tesco.com/v2/media/ghs/8c01554d-3b05-4b37-89a0-e45fe5f18032/7f14290a-7946-4f1c-ae90-2e9ee04327a0_405188200.jpeg?h=225&w=225,
302172725,Tesco Happy Birthday Candle Pink,https://www.tesco.com/groceries/en-GB/shop/food-cupboard/all?department=Home%20Baking%20%26%20Sugar&viewAll=department&page=,£1.50,£1.50/each,Any 5 for 4 Clubcard Price - Cheapest Product Free - Selected Tesco Party ,,/groceries/en-GB/products/302172725,https://digitalcontent.api.tesco.com/v2/media/ghs/5cea94f5-6da8-4e7d-add0-549ee9b87658/50169d8c-8c99-4cd7-af77-1ece5a376251_1668991879.jpeg?h=225&w=225,
304409421,Dr. Oetker Number 8 Candle,https://www.tesco.com/groceries/en-GB/shop/food-cupboard/all?department=Home%20Baking%20%26%20Sugar&viewAll=department&page=,£1.10,£1.10/each,,,/groceries/en-GB/products/304409421,https://digitalcontent.api.tesco.com/v2/media/ghs/7a775452-f487-47f5-902a-1896771be52b/9172cadb-9237-4fd2-9df1-39a1a417c7e8_309055451.jpeg?h=225&w=225,
304382404,Dr. Oetker Number 6 Candle,https://www.tesco.com/groceries/en-GB/shop/food-cupboard/all?department=Home%20Baking%20%26%20Sugar&viewAll=department&page=,£1.10,£1.10/each,,,/groceries/en-GB/products/304382404,https://digitalcontent.api.tesco.com/v2/media/ghs/d7a79934-dd0f-44b1-a787-436757f57ff6/2798af0e-f9f0-4f29-8b4c-118d5a5e6594_833363441.jpeg?h=225&w=225,
302143569,Dr. Oetker Tall Metallic Candles 18 Pack,https://www.tesco.com/groceries/en-GB/shop/food-cupboard/all?department=Home%20Baking%20%26%20Sugar&viewAll=department&page=,£1.50,£0.08/each,,,/groceries/en-GB/products/302143569,https://digitalcontent.api.tesco.com/v2/media/ghs/93e18330-e36d-4636-9ca9-8ddf81a87a76/3227c604-9da5-4e39-a29a-fe5dad266f5b_795131146.jpeg?h=225&w=225,
304371694,Dr. Oetker Number 4 Candle,https://www.tesco.com/groceries/en-GB/shop/food-cupboard/all?department=Home%20Baking%20%26%20Sugar&viewAll=department&page=,£1.10,£1.10/each,,,/groceries/en-GB/products/304371694,https://digitalcontent.api.tesco.com/v2/media/ghs/ba1dd26e-0e12-483c-a597-944da3ac7308/ec4ec0ff-cb97-44a4-800f-76dc25ecf171_471757160.jpeg?h=225&w=225,
304384615,Dr. Oetker Number 3 Candle,https://www.tesco.com/groceries/en-GB/shop/food-cupboard/all?department=Home%20Baking%20%26%20Sugar&viewAll=department&page=,£1.10,£1.10/each,,,/groceries/en-GB/products/304384615,https://digitalcontent.api.tesco.com/v2/media/ghs/ae52372f-8f9a-47a1-af70-c7a7ab78879b/eb3ba08b-aa8e-4206-9a48-f9c73d3669a8_2010991766.jpeg?h=225&w=225,
304404213,Dr. Oetker Number 2 Candle,https://www.tesco.com/groceries/en-GB/shop/food-cupboard/all?department=Home%20Baking%20%26%20Sugar&viewAll=department&page=,£1.10,£1.10/each,,,/groceries/en-GB/products/304404213,https://digitalcontent.api.tesco.com/v2/media/ghs/31eba856-bd72-419b-b223-c04eb168cc2f/15fd62c0-d398-4ccb-8ab5-fae73dc0aa9b_170912852.jpeg?h=225&w=225,
311946528,Tesco Zillionaire Sprinkles 60G,https://www.tesco.com/groceries/en-GB/shop/food-cupboard/all?department=Home%20Baking%20%26%20Sugar&viewAll=department&page=,£1.00,£1.67/100g,,New,/groceries/en-GB/products/311946528,https://digitalcontent.api.tesco.com/v2/media/ghs/7d7a4acb-d866-4fa5-802e-aaf266950ff4/d633b1b1-5bf8-4fcf-bb13-f78a1eccac48_1139111529.jpeg?h=225&w=225,
312704537,Pure Via 100% Erythritol 900G,https://www.tesco.com/groceries/en-GB/shop/food-cupboard/all?department=Home%20Baking%20%26%20Sugar&viewAll=department&page=,£10.00,£11.12/kg,,,/groceries/en-GB/products/312704537,https://digitalcontent.api.tesco.com/v2/media/ghs/2bd5b12f-f45e-4f4d-9dd7-54bcbf341ddb/871235fe-6310-4c6b-b476-990c5715a58d_2138551918.jpeg?h=225&w=225,
308786750,Go Cook 12 Cup Muffin Tray,https://www.tesco.com/groceries/en-GB/shop/food-cupboard/all?department=Home%20Baking%20%26%20Sugar&viewAll=department&page=,£7.00,£7.00/each,,,/groceries/en-GB/products/308786750,https://digitalcontent.api.tesco.com/v2/media/ghs/58da2a2a-623e-4c94-b0ff-5fb351e7f3da/7af38ee2-2976-4639-b472-d738362d0324_1397460254.jpeg?h=225&w=225,
308925879,Go Cook Round Springform 23Cm Cake Tin,https://www.tesco.com/groceries/en-GB/shop/food-cupboard/all?department=Home%20Baking%20%26%20Sugar&viewAll=department&page=,£7.00,£7.00/each,,,/groceries/en-GB/products/308925879,https://digitalcontent.api.tesco.com/v2/media/ghs/463bbb9b-9d87-4526-9364-6c35fb5df3f9/19a6c81d-0564-4bf3-ad52-0dfafbe4c8c5_510436343.jpeg?h=225&w=225,
308925892,Go Cook Round Sandwich Cake Tin 22.6Cm,https://www.tesco.com/groceries/en-GB/shop/food-cupboard/all?department=Home%20Baking%20%26%20Sugar&viewAll=department&page=,£5.00,£5.00/each,,,/groceries/en-GB/products/308925892,https://digitalcontent.api.tesco.com/v2/media/ghs/90af1ae9-0d4a-40ca-82fb-7710f3808c0b/5c1139ed-06de-4787-b471-e1eaf61b1542_81484826.jpeg?h=225&w=225,
307136750,Superfood Bakery Plant Power Protein Pancake Mix 200G,https://www.tesco.com/groceries/en-GB/shop/food-cupboard/all?department=Home%20Baking%20%26%20Sugar&viewAll=department&page=,£5.00,£25.00/kg,,,/groceries/en-GB/products/307136750,https://digitalcontent.api.tesco.com/v2/media/ghs/eb3ffe4e-36e9-4d04-9450-bfe8d4d7bf53/9065f05e-7e27-4544-a5c2-295e89b6dde8_994184055.jpeg?h=225&w=225,
309629446,Tesco Round Fluted Cake Tin 23Cm,https://www.tesco.com/groceries/en-GB/shop/food-cupboard/all?department=Home%20Baking%20%26%20Sugar&viewAll=department&page=,£4.50,£4.50/each,,,/groceries/en-GB/products/309629446,https://digitalcontent.api.tesco.com/v2/media/ghs/9d15f810-b860-43f0-956b-a90b104803bd/e0c8040f-4bc5-45d4-bb79-1e047d404438_1138716178.jpeg?h=225&w=225,
312085548,Doves Farm Organic Emmer Wholemeal Flour 1Kg,https://www.tesco.com/groceries/en-GB/shop/food-cupboard/all?department=Home%20Baking%20%26%20Sugar&viewAll=department&page=,£3.50,£3.50/kg,,,/groceries/en-GB/products/312085548,https://digitalcontent.api.tesco.com/v2/media/ghs/b417a833-1240-432b-9a9b-a8bdd061a347/b00edcd8-4b1e-439e-93c5-797036b6bbc4_880373116.jpeg?h=225&w=225,
309576939,Acrylic Cake Topper,https://www.tesco.com/groceries/en-GB/shop/food-cupboard/all?department=Home%20Baking%20%26%20Sugar&viewAll=department&page=,£3.00,£3.00/each,Any 5 for 4 Clubcard Price - Cheapest Product Free - Selected Tesco Party ,,/groceries/en-GB/products/309576939,https://digitalcontent.api.tesco.com/v2/media/ghs/2b17c71f-cd02-4d10-99ee-69f33438d910/151494be-16b2-4cb9-927a-75f199bb9da7_1344774933.jpeg?h=225&w=225,
311932118,Dr. Oetker Peanut Butter Cups Cookie Mix 240G,https://www.tesco.com/groceries/en-GB/shop/food-cupboard/all?department=Home%20Baking%20%26%20Sugar&viewAll=department&page=,£2.75,£11.46/kg,,,/groceries/en-GB/products/311932118,https://digitalcontent.api.tesco.com/v2/media/ghs/57926ba1-355a-49d9-b63a-f43defd4ad17/becf3d29-b244-40ba-a547-69ac07e5e5a4_1846671314.jpeg?h=225&w=225,
274132044,Tesco Finest Cold Press Rapeseed Oil 500Ml,https://www.tesco.com/groceries/en-GB/shop/food-cupboard/all?department=Finest%20Food%20Cupboard&viewAll=department&page=,£3.50,£0.70/100ml,,,/groceries/en-GB/products/274132044,https://digitalcontent.api.tesco.com/v2/media/ghs/ffca3a4e-2b70-4ecc-a717-c6ffa74f4373/4fedb285-fbfb-4f75-8a06-765e327da701_1261773795.jpeg?h=225&w=225,
288794183,Tesco Finest Sage & Red Onion Stuffing 130G,https://www.tesco.com/groceries/en-GB/shop/food-cupboard/all?department=Finest%20Food%20Cupboard&viewAll=department&page=,£1.90,£14.62/kg,,,/groceries/en-GB/products/288794183,https://digitalcontent.api.tesco.com/v2/media/ghs/a5c101f4-6d54-4cb4-a9af-cdc971fc5b02/066a64fa-c404-46e9-91d1-d347ee158389_404288158.jpeg?h=225&w=225,
252990458,Tesco Finest Sun Dried Tomato Garlic & Basil Sauce 340G,https://www.tesco.com/groceries/en-GB/shop/food-cupboard/all?department=Finest%20Food%20Cupboard&viewAll=department&page=,£1.70,£0.50/100g,,,/groceries/en-GB/products/252990458,https://digitalcontent.api.tesco.com/v2/media/ghs/0aab288b-a3cf-4d58-8fb0-ad6ee664d4e6/ec09037a-12c8-416a-afa9-2b6b4d49a8a5_1161024633.jpeg?h=225&w=225,
288805713,Tesco Finest Apple & Cranberry Stuffing Mix 130G,https://www.tesco.com/groceries/en-GB/shop/food-cupboard/all?department=Finest%20Food%20Cupboard&viewAll=department&page=,£1.90,£14.62/kg,,,/groceries/en-GB/products/288805713,https://digitalcontent.api.tesco.com/v2/media/ghs/3ea08e3f-cff6-4293-977d-309f57c2afbd/76340235-afd1-4814-b75b-3ea60aaa8bb8_1112590000.jpeg?h=225&w=225,
273236211,Tesco Finest Hollandaise Sauce 165G,https://www.tesco.com/groceries/en-GB/shop/food-cupboard/all?department=Finest%20Food%20Cupboard&viewAll=department&page=,£1.85,£1.13/100g,,,/groceries/en-GB/products/273236211,https://digitalcontent.api.tesco.com/v2/media/ghs/69b4718d-1218-4214-aa4d-a0cd4c7bdd19/snapshotimagehandler_1965530057.jpeg?h=225&w=225,
266578922,Tesco Finest Pesto Alla Genovese 190G,https://www.tesco.com/groceries/en-GB/shop/food-cupboard/all?department=Finest%20Food%20Cupboard&viewAll=department&page=,£2.10,£1.11/100g,,,/groceries/en-GB/products/266578922,https://digitalcontent.api.tesco.com/v2/media/ghs/963b493a-46a3-4e93-a885-3980d3116cbe/ae239579-61b4-4280-8ba1-c7e0a62f1967_602462977.jpeg?h=225&w=225,
264876970,Tesco Finest Horseradish Sauce 170G,https://www.tesco.com/groceries/en-GB/shop/food-cupboard/all?department=Finest%20Food%20Cupboard&viewAll=department&page=,£1.85,£1.09/100g,,,/groceries/en-GB/products/264876970,https://digitalcontent.api.tesco.com/v2/media/ghs/bd99d660-c9bf-4547-8ad8-8713fede9c35/339fb36a-a059-4f74-8623-fee7dae49f41_1844995899.jpeg?h=225&w=225,
260504542,Tesco Finest Tomato & Chilli Pasta Sauce 340G,https://www.tesco.com/groceries/en-GB/shop/food-cupboard/all?department=Finest%20Food%20Cupboard&viewAll=department&page=,£1.70,£0.50/100g,,,/groceries/en-GB/products/260504542,https://digitalcontent.api.tesco.com/v2/media/ghs/8701cfaf-f82b-40fc-b74c-e7b0f8c5c0f7/b2070beb-695a-48f8-acdb-25b35c496b6f_913228508.jpeg?h=225&w=225,
279250092,Tesco Finest Tartare Sauce 175G,https://www.tesco.com/groceries/en-GB/shop/food-cupboard/all?department=Finest%20Food%20Cupboard&viewAll=department&page=,£1.75,£1.00/100g,,,/groceries/en-GB/products/279250092,https://digitalcontent.api.tesco.com/v2/media/ghs/a7d45593-cbe3-4f86-bc48-34ef9dc179d9/ed02c086-055d-4366-91eb-ac19783c4774_261949828.jpeg?h=225&w=225,
300399973,Tesco Finest Super Nutty Granola 500G,https://www.tesco.com/groceries/en-GB/shop/food-cupboard/all?department=Finest%20Food%20Cupboard&viewAll=department&page=,£2.70,£0.54/100g,,,/groceries/en-GB/products/300399973,https://digitalcontent.api.tesco.com/v2/media/ghs/54152ff1-f1aa-4329-888b-f3cec2423490/4a784a49-e946-40f0-83bf-1b8c828f044b_2118881853.jpeg?h=225&w=225,
257998352,Tesco Finest Assorted Cracker For Cheese 250G,https://www.tesco.com/groceries/en-GB/shop/food-cupboard/all?department=Finest%20Food%20Cupboard&viewAll=department&page=,£3.00,£1.20/100g,,,/groceries/en-GB/products/257998352,https://digitalcontent.api.tesco.com/v2/media/ghs/85468357-c7cf-4428-adbd-f12d3d1255d9/263327ca-200f-41a6-a4e8-1e2d5ec043f9_729087045.jpeg?h=225&w=225,
289013456,Tesco Finest Cranberry Sauce 220G,https://www.tesco.com/groceries/en-GB/shop/food-cupboard/all?department=Finest%20Food%20Cupboard&viewAll=department&page=,£1.75,£0.80/100g,,,/groceries/en-GB/products/289013456,https://digitalcontent.api.tesco.com/v2/media/ghs/b63be697-80e5-42e0-8cda-e89ce77ee4a3/9cd5cdb3-258b-4479-95bf-e05f16d5a837_693106118.jpeg?h=225&w=225,
306930957,Tesco Finest Cantabrian Anchovy Fillets 50G,https://www.tesco.com/groceries/en-GB/shop/food-cupboard/all?department=Finest%20Food%20Cupboard&viewAll=department&page=,£1.65,£5.50/100g DR.WT,,,/groceries/en-GB/products/306930957,https://digitalcontent.api.tesco.com/v2/media/ghs/88f7ff10-2e4a-4494-bb45-f3d4ace39bdc/snapshotimagehandler_1868853498.jpeg?h=225&w=225,
256089410,Tesco Finest Scottish Shortbread Fingers 165G,https://www.tesco.com/groceries/en-GB/shop/food-cupboard/all?department=Finest%20Food%20Cupboard&viewAll=department&page=,£2.00,£1.22/100g,,,/groceries/en-GB/products/256089410,https://digitalcontent.api.tesco.com/v2/media/ghs/c8fec002-be41-47c8-aa40-bd11177ca892/f3b9a47f-8cfe-46c1-bec7-fa872296cb0e_1352001632.jpeg?h=225&w=225,
280517479,Tesco Finest Chicken Gravy 350Ml,https://www.tesco.com/groceries/en-GB/shop/food-cupboard/all?department=Finest%20Food%20Cupboard&viewAll=department&page=,£1.75,£0.50/100ml,,,/groceries/en-GB/products/280517479,https://digitalcontent.api.tesco.com/v2/media/ghs/d2e88b4c-8d46-4147-9504-74892c173a3f/018c7206-7922-4896-a2be-4c1dbc0c93bc_1795484942.jpeg?h=225&w=225,
278757151,Tesco Finest Beef Stock 450Ml,https://www.tesco.com/groceries/en-GB/shop/food-cupboard/all?department=Finest%20Food%20Cupboard&viewAll=department&page=,£1.75,£0.39/100ml,,,/groceries/en-GB/products/278757151,https://digitalcontent.api.tesco.com/v2/media/ghs/8534b6ae-09df-4be1-9566-e937d0147ca1/ca81c864-255f-46e8-b172-6df6e86f4cd7_234702079.jpeg?h=225&w=225,
262614852,Tesco Finest Mincemeat 411G,https://www.tesco.com/groceries/en-GB/shop/food-cupboard/all?department=Finest%20Food%20Cupboard&viewAll=department&page=,£2.00,£4.87/kg,,,/groceries/en-GB/products/262614852,https://digitalcontent.api.tesco.com/v2/media/ghs/ddc8d315-5fbe-40da-a1d0-8792fe03b5ac/115664c1-1eab-4f7c-8586-76f342e6e992_930801018.jpeg?h=225&w=225,
278756935,Tesco Finest Chicken Stock 450Ml,https://www.tesco.com/groceries/en-GB/shop/food-cupboard/all?department=Finest%20Food%20Cupboard&viewAll=department&page=,£1.75,£0.39/100ml,,,/groceries/en-GB/products/278756935,https://digitalcontent.api.tesco.com/v2/media/ghs/b4ec6c54-dd8f-4939-9f71-c59602106e48/b785ea13-3585-4c31-82ee-6ffba27e4508_411890215.jpeg?h=225&w=225,
268622118,Tesco Finest Orzo Pasta 500G,https://www.tesco.com/groceries/en-GB/shop/food-cupboard/all?department=Finest%20Food%20Cupboard&viewAll=department&page=,£1.90,£3.80/kg,,,/groceries/en-GB/products/268622118,https://digitalcontent.api.tesco.com/v2/media/ghs/7fe87705-a2ca-4db6-8da4-9970761d3333/e5045876-0ba2-4a2c-b5ce-46d818eb6a6d_1903713604.jpeg?h=225&w=225,
257911663,Tesco Finest Scottish Shortbread Assortment 400G,https://www.tesco.com/groceries/en-GB/shop/food-cupboard/all?department=Finest%20Food%20Cupboard&viewAll=department&page=,£3.45,£0.86/100g,,,/groceries/en-GB/products/257911663,https://digitalcontent.api.tesco.com/v2/media/ghs/55a8b066-67cc-4837-b04e-c8be14470203/3c218c82-7c77-4600-ab33-208a142a3cf5_1359803675.jpeg?h=225&w=225,
280517456,Tesco Finest Beef Gravy 350Ml,https://www.tesco.com/groceries/en-GB/shop/food-cupboard/all?department=Finest%20Food%20Cupboard&viewAll=department&page=,£1.75,£0.50/100ml,,,/groceries/en-GB/products/280517456,https://digitalcontent.api.tesco.com/v2/media/ghs/ed779d1e-064d-48c1-8ec3-48035e40afa1/3ffd43b4-70ff-497e-a7c9-46741148b1e6_1763807017.jpeg?h=225&w=225,
307141461,Tesco Finest Spiced Apple & Pear Chutney 220G,https://www.tesco.com/groceries/en-GB/shop/food-cupboard/all?department=Finest%20Food%20Cupboard&viewAll=department&page=,£1.50,£0.68/100g,,,/groceries/en-GB/products/307141461,https://digitalcontent.api.tesco.com/v2/media/ghs/853a289a-3b1b-4ff4-a9e7-39dec7bab442/b8d888f8-f49c-4b19-a9a7-d8ad0d5b3658_379001241.jpeg?h=225&w=225,
251735881,Tesco Finest Strawberry Conserve 340G,https://www.tesco.com/groceries/en-GB/shop/food-cupboard/all?department=Finest%20Food%20Cupboard&viewAll=department&page=,£2.00,£0.59/100g,£1.35 Clubcard Price,,/groceries/en-GB/products/251735881,https://digitalcontent.api.tesco.com/v2/media/ghs/d6b5d9b1-4a30-495e-843c-4cd0ae39ef9b/f3f6b18e-6a44-436f-ab69-26b49b0609c3_477697247.jpeg?h=225&w=225,
262600897,Tesco Finest Tomato Mascarpone Pasta Sauce 340G,https://www.tesco.com/groceries/en-GB/shop/food-cupboard/all?department=Finest%20Food%20Cupboard&viewAll=department&page=,£1.70,£0.50/100g,,,/groceries/en-GB/products/262600897,https://digitalcontent.api.tesco.com/v2/media/ghs/f2611bfe-2cf7-4623-a984-58f6ea61b223/c0942d9d-699b-4ce5-9881-470c85fdd03c_1697132209.jpeg?h=225&w=225,
289013681,Tesco Finest Red Onion Chutney 230G,https://www.tesco.com/groceries/en-GB/shop/food-cupboard/all?department=Finest%20Food%20Cupboard&viewAll=department&page=,£1.50,£0.65/100g,,,/groceries/en-GB/products/289013681,https://digitalcontent.api.tesco.com/v2/media/ghs/f72817a1-f1b2-43bf-b1a9-a736b9bb4a9e/9f0297fa-1093-48d6-a481-ac65836f1a4b_909247106.jpeg?h=225&w=225,
251736275,Tesco Finest Blackcurran Conserve 340G,https://www.tesco.com/groceries/en-GB/shop/food-cupboard/all?department=Finest%20Food%20Cupboard&viewAll=department&page=,£2.00,£0.59/100g,£1.35 Clubcard Price,,/groceries/en-GB/products/251736275,https://digitalcontent.api.tesco.com/v2/media/ghs/df404cf8-6374-43a2-bd40-136a39955ce0/193e287e-f959-4433-beaf-11897e8c7a23_1896398382.jpeg?h=225&w=225,
305042610,Tesco Finest Sweet Tomato & Birds Eye Chilli Chutney 220G,https://www.tesco.com/groceries/en-GB/shop/food-cupboard/all?department=Finest%20Food%20Cupboard&viewAll=department&page=,£1.50,£0.68/100g,,,/groceries/en-GB/products/305042610,https://digitalcontent.api.tesco.com/v2/media/ghs/5a41f3d4-1782-46f5-bd7a-0fbe081fdc10/128ce220-32b0-446a-bacc-ea3a5a3fd282_433459423.jpeg?h=225&w=225,
309488813,Tesco Finest Root Vegetable With Sea Salt Crisps 125G,https://www.tesco.com/groceries/en-GB/shop/food-cupboard/all?department=Finest%20Food%20Cupboard&viewAll=department&page=,£1.60,£1.28/100g,,,/groceries/en-GB/products/309488813,https://digitalcontent.api.tesco.com/v2/media/ghs/eb94af35-a3cc-48a8-8047-05740986c9f1/4dbc41e9-74e5-436d-a48b-e8b469134f23_993270718.jpeg?h=225&w=225,
260245738,Tesco Finest Meringue Nests 8S,https://www.tesco.com/groceries/en-GB/shop/food-cupboard/all?department=Finest%20Food%20Cupboard&viewAll=department&page=,£1.80,£0.22/each,£1.25 Clubcard Price,,/groceries/en-GB/products/260245738,https://digitalcontent.api.tesco.com/v2/media/ghs/e7000827-e1a7-4e4a-8087-dee68d488fc1/d1c06d3a-1284-4345-bd29-d0225a0f3a02_226281286.jpeg?h=225&w=225,
307733544,Tesco Finest British Beef & Red Onion Gravy Granules 200G,https://www.tesco.com/groceries/en-GB/shop/food-cupboard/all?department=Finest%20Food%20Cupboard&viewAll=department&page=,£1.65,£0.82/100g,,,/groceries/en-GB/products/307733544,https://digitalcontent.api.tesco.com/v2/media/ghs/569be6a4-ea1b-4770-b345-b1d57f620ed0/02a4f2ca-b801-4a0c-bc05-3a960776d58d_1383854386.jpeg?h=225&w=225,
307758970,Tesco Finest British Chicken Sage & Onion Gravy Granules 200G,https://www.tesco.com/groceries/en-GB/shop/food-cupboard/all?department=Finest%20Food%20Cupboard&viewAll=department&page=,£1.65,£0.82/100g,,,/groceries/en-GB/products/307758970,https://digitalcontent.api.tesco.com/v2/media/ghs/0777dfa9-9350-42dc-b1a8-f51aac05a4e3/35fb72e5-6a77-4f97-aae7-ef2ddbdf13b6_1429513742.jpeg?h=225&w=225,
300601251,Tesco Finest Carbonara Pasta Sauce 340G,https://www.tesco.com/groceries/en-GB/shop/food-cupboard/all?department=Finest%20Food%20Cupboard&viewAll=department&page=,£1.70,£0.50/100g,,,/groceries/en-GB/products/300601251,https://digitalcontent.api.tesco.com/v2/media/ghs/c28c64be-0140-4e1b-bb22-4a539fba0713/06cbcc02-d9b3-4889-bca6-eabf289fe191_902244792.jpeg?h=225&w=225,
266364426,Tesco Finest Zesty Lemon Curd 320G,https://www.tesco.com/groceries/en-GB/shop/food-cupboard/all?department=Finest%20Food%20Cupboard&viewAll=department&page=,£1.90,£0.59/100g,,,/groceries/en-GB/products/266364426,https://digitalcontent.api.tesco.com/v2/media/ghs/ac2d52c0-38c7-4da9-a9b8-d3ee9c0734bf/c218c215-2744-4924-a2d1-fe5ccf48e98f_858447402.jpeg?h=225&w=225,
309454871,Tesco Finest Crinkle Cut Pigs In Blankets Crisps 150G,https://www.tesco.com/groceries/en-GB/shop/food-cupboard/all?department=Finest%20Food%20Cupboard&viewAll=department&page=,£1.25,£0.83/100g,,,/groceries/en-GB/products/309454871,https://digitalcontent.api.tesco.com/v2/media/ghs/bac8e38d-dc31-425d-af7a-16e12e8bb139/f830c571-c98f-454d-9c7e-0fb22e5c03d8_1880720655.jpeg?h=225&w=225,
251736217,Tesco Finest Apricot Conserve 340G,https://www.tesco.com/groceries/en-GB/shop/food-cupboard/all?department=Finest%20Food%20Cupboard&viewAll=department&page=,£2.00,£0.59/100g,£1.35 Clubcard Price,,/groceries/en-GB/products/251736217,https://digitalcontent.api.tesco.com/v2/media/ghs/1973caf7-0172-4270-a616-3dc581315236/aefe6a9e-86b6-4410-849c-bf40a5d28877_1981965358.jpeg?h=225&w=225,
252688220,Tesco Finest Lightly Salted Crisps 150G,https://www.tesco.com/groceries/en-GB/shop/food-cupboard/all?department=Finest%20Food%20Cupboard&viewAll=department&page=,£1.25,£0.83/100g,,,/groceries/en-GB/products/252688220,https://digitalcontent.api.tesco.com/v2/media/ghs/a2dcb1c8-adc1-4bba-a283-6573738df52a/443e3108-e053-4437-ba1a-26b015e7abc0_1693309080.jpeg?h=225&w=225,
255160730,Tesco Finest Mature Cheddar & Onion Crisps 150G,https://www.tesco.com/groceries/en-GB/shop/food-cupboard/all?department=Finest%20Food%20Cupboard&viewAll=department&page=,£1.25,£0.83/100g,,,/groceries/en-GB/products/255160730,https://digitalcontent.api.tesco.com/v2/media/ghs/8bc957a3-5c62-41ed-90b4-c2a5a9407293/c71a4935-536a-4479-8c00-438b131378fc_613534134.jpeg?h=225&w=225,
309482036,Tesco Finest Sea Salt Chardonnay Vinegar Crisps 150G,https://www.tesco.com/groceries/en-GB/shop/food-cupboard/all?department=Finest%20Food%20Cupboard&viewAll=department&page=,£1.25,£0.83/100g,,,/groceries/en-GB/products/309482036,https://digitalcontent.api.tesco.com/v2/media/ghs/c071cfe4-8d84-45e3-9396-44aec249ad4e/97ad149c-60f7-4784-bbd5-0945091c3c5c_1974447231.jpeg?h=225&w=225,
297048777,Tesco Finest Lightly Sea Salted Crinkle Cut Crisps 150G,https://www.tesco.com/groceries/en-GB/shop/food-cupboard/all?department=Finest%20Food%20Cupboard&viewAll=department&page=,£1.25,£0.83/100g,,,/groceries/en-GB/products/297048777,https://digitalcontent.api.tesco.com/v2/media/ghs/d0c6c80b-f79e-4c51-9147-29113cb9e016/d26f7f57-db6b-444f-8f90-cecdd5991b25_615100297.jpeg?h=225&w=225,
293272004,Tesco Finest Sea Salt & Black Pepper Crisps 150G,https://www.tesco.com/groceries/en-GB/shop/food-cupboard/all?department=Finest%20Food%20Cupboard&viewAll=department&page=,£1.25,£0.83/100g,,,/groceries/en-GB/products/293272004,https://digitalcontent.api.tesco.com/v2/media/ghs/ade036bf-4c3d-4f1b-af8e-36ef743b47e9/177375ba-3501-43ca-a06c-a5a74db5063b_1159713580.jpeg?h=225&w=225,
300594603,Tesco Finest Sardines In Water 105G,https://www.tesco.com/groceries/en-GB/shop/food-cupboard/all?department=Finest%20Food%20Cupboard&viewAll=department&page=,£1.05,£1.48/100g DR.WT,,,/groceries/en-GB/products/300594603,https://digitalcontent.api.tesco.com/v2/media/ghs/cad5cf69-0d92-46e3-9102-a281669c6f94/25e3d18f-cf0c-4147-9c53-dd1e7a9b81e3_2126024086.jpeg?h=225&w=225,
312349145,Tesco Finest Free From Cranberry Onion Apple Stuffing Mix 130G,https://www.tesco.com/groceries/en-GB/shop/food-cupboard/all?department=Finest%20Food%20Cupboard&viewAll=department&page=,£2.00,£1.54/100g,,New,/groceries/en-GB/products/312349145,https://digitalcontent.api.tesco.com/v2/media/ghs/63a75627-dc7e-4f27-8c36-3dedf3f2212b/ba2e8857-dbe2-4673-a9a7-a5f5f74e4b82_1853203472.jpeg?h=225&w=225,
301401987,Tesco Finest Crinkle Cut Roast Beef Crisps 150G,https://www.tesco.com/groceries/en-GB/shop/food-cupboard/all?department=Finest%20Food%20Cupboard&viewAll=department&page=,£1.25,£0.83/100g,,,/groceries/en-GB/products/301401987,https://digitalcontent.api.tesco.com/v2/media/ghs/8d9f4842-5a0e-40d6-ae83-1d65695704d7/0aa1a2bc-8235-4404-9699-ff53185a3d19_1962031778.jpeg?h=225&w=225,
300161579,Tesco Finest Prawn Marie Rose Crisps 150G,https://www.tesco.com/groceries/en-GB/shop/food-cupboard/all?department=Finest%20Food%20Cupboard&viewAll=department&page=,£1.25,£0.83/100g,,,/groceries/en-GB/products/300161579,https://digitalcontent.api.tesco.com/v2/media/ghs/de515b75-54b0-4ae2-9b8c-54cecce0ba1c/431da772-6518-4d84-9fbc-04407236fbe7_283327654.jpeg?h=225&w=225,
300601199,"Tesco Finest Sardines With Chilli, Lime & Coriander 105G",https://www.tesco.com/groceries/en-GB/shop/food-cupboard/all?department=Finest%20Food%20Cupboard&viewAll=department&page=,£1.05,£1.00/100g,,,/groceries/en-GB/products/300601199,https://digitalcontent.api.tesco.com/v2/media/ghs/6e2df64c-55d8-4bb5-9f34-378f21aeec18/f3cee95f-973b-493f-ba41-e921a2a1eb60_271413573.jpeg?h=225&w=225,
251736033,Tesco Finest Raspberry Conserve 340G.,https://www.tesco.com/groceries/en-GB/shop/food-cupboard/all?department=Finest%20Food%20Cupboard&viewAll=department&page=,£2.00,£0.59/100g,£1.35 Clubcard Price,,/groceries/en-GB/products/251736033,https://digitalcontent.api.tesco.com/v2/media/ghs/bb68737f-9167-4f51-af1b-924b6b21f0b3/7b3d8caa-df78-4fdc-9d57-bb32b874fb89_718394591.jpeg?h=225&w=225,
300456324,Tesco Finest Pink Himalayan Salt Mill 95G,https://www.tesco.com/groceries/en-GB/shop/food-cupboard/all?department=Finest%20Food%20Cupboard&viewAll=department&page=,£3.20,£33.69/kg,,,/groceries/en-GB/products/300456324,https://digitalcontent.api.tesco.com/v2/media/ghs/e9a8af76-0736-45e6-a1e4-7ba5f1acef47/snapshotimagehandler_1406874883.jpeg?h=225&w=225,
306932120,Tesco Finest French Brandy Marzipan 500G,https://www.tesco.com/groceries/en-GB/shop/food-cupboard/all?department=Finest%20Food%20Cupboard&viewAll=department&page=,£3.50,£0.70/100g,,,/groceries/en-GB/products/306932120,https://digitalcontent.api.tesco.com/v2/media/ghs/74f98e55-9ffb-4f11-a052-0bc2e1524f4d/8373a992-540e-4b5e-a8af-6eb2d2248fbd_1320667247.jpeg?h=225&w=225,
300826843,Tesco Finest Kalamata Olives 210G,https://www.tesco.com/groceries/en-GB/shop/food-cupboard/all?department=Finest%20Food%20Cupboard&viewAll=department&page=,£2.35,£1.88/100g DR.WT,,,/groceries/en-GB/products/300826843,https://digitalcontent.api.tesco.com/v2/media/ghs/1a0b9fd9-7ff3-4f8d-99ab-d42eef9f5822/6d737a6a-914a-48f5-b9d4-36235092db09_787719363.jpeg?h=225&w=225,
300832720,Tesco Finest Pitted Halkidiki Olives 210G,https://www.tesco.com/groceries/en-GB/shop/food-cupboard/all?department=Finest%20Food%20Cupboard&viewAll=department&page=,£2.35,£2.48/100g DR.WT,,,/groceries/en-GB/products/300832720,https://digitalcontent.api.tesco.com/v2/media/ghs/db8c16fb-ebc9-46c1-a38e-056cb9aaeb5c/09b5f215-0970-4ac0-b9d1-414d4bd07a9c_325119361.jpeg?h=225&w=225,
264660996,Tesco Finest Acacia Honey 340G,https://www.tesco.com/groceries/en-GB/shop/food-cupboard/all?department=Finest%20Food%20Cupboard&viewAll=department&page=,£3.50,£1.03/100g,,,/groceries/en-GB/products/264660996,https://digitalcontent.api.tesco.com/v2/media/ghs/93bd796b-3d40-45ec-ab82-9a68da92da48/2d6b7a9c-700d-42c1-91f9-6f17e56374a8_417835141.jpeg?h=225&w=225,
266578951,Tesco Finest Sundried Tomato Pesto Rosso 190G,https://www.tesco.com/groceries/en-GB/shop/food-cupboard/all?department=Finest%20Food%20Cupboard&viewAll=department&page=,£2.10,£1.11/100g,,,/groceries/en-GB/products/266578951,https://digitalcontent.api.tesco.com/v2/media/ghs/e9eb6f83-2981-4461-bdb7-921dcacb3e44/c7af45e2-85f5-4e06-aafb-e776eb71fb76_1897901126.jpeg?h=225&w=225,
300832743,Tesco Finest Nocellara Olives 200G,https://www.tesco.com/groceries/en-GB/shop/food-cupboard/all?department=Finest%20Food%20Cupboard&viewAll=department&page=,£2.35,£1.96/100g DR.WT,,,/groceries/en-GB/products/300832743,https://digitalcontent.api.tesco.com/v2/media/ghs/ae0e95fb-b91b-4622-b513-5cbdfc95026b/c1437ad7-3a4b-45d0-bd8a-e83baf5c74d5_1588175375.jpeg?h=225&w=225,
273235765,Tesco Finest Bearnaise Sauce 165G,https://www.tesco.com/groceries/en-GB/shop/food-cupboard/all?department=Finest%20Food%20Cupboard&viewAll=department&page=,£1.85,£1.13/100g,,,/groceries/en-GB/products/273235765,https://digitalcontent.api.tesco.com/v2/media/ghs/1d1368d6-8eef-4ecb-8941-c3eb82058379/5249113d-627e-4ff3-bd89-2a0ff1c471ee_1010711397.jpeg?h=225&w=225,
300535450,Tesco Finest Hot Smoked Mackerel Fillets 110G,https://www.tesco.com/groceries/en-GB/shop/food-cupboard/all?department=Finest%20Food%20Cupboard&viewAll=department&page=,£2.20,£3.15/100g DR.WT,,,/groceries/en-GB/products/300535450,https://digitalcontent.api.tesco.com/v2/media/ghs/de0c9213-477c-4019-91b8-9f5fe44cce6e/37114fdf-8cc9-4040-a06e-dd1526b65229_2146938736.jpeg?h=225&w=225,
300535496,Tesco Finest Mackerel With Black Pepper 110G,https://www.tesco.com/groceries/en-GB/shop/food-cupboard/all?department=Finest%20Food%20Cupboard&viewAll=department&page=,£2.20,£2.00/100g,,,/groceries/en-GB/products/300535496,https://digitalcontent.api.tesco.com/v2/media/ghs/32e44a95-7a3f-4d8b-8227-138f9b0389df/4fe55fb0-634d-42eb-a2e6-347ee8820bd3_696154506.jpeg?h=225&w=225,
264661285,Tesco Finest Orange Blossom Honey 340G,https://www.tesco.com/groceries/en-GB/shop/food-cupboard/all?department=Finest%20Food%20Cupboard&viewAll=department&page=,£3.55,£1.05/100g,,,/groceries/en-GB/products/264661285,https://digitalcontent.api.tesco.com/v2/media/ghs/db25cc7f-5ad1-4ea9-8ed0-eeb3ac81cbf1/7a1d320c-473d-4987-818b-16b23b041330_617184966.jpeg?h=225&w=225,
278757047,Tesco Finest Vegetable Stock 450Ml,https://www.tesco.com/groceries/en-GB/shop/food-cupboard/all?department=Finest%20Food%20Cupboard&viewAll=department&page=,£1.75,£0.39/100ml,,,/groceries/en-GB/products/278757047,https://digitalcontent.api.tesco.com/v2/media/ghs/03eb0e42-bfa9-4f04-9b21-5688b7af13ff/50798272-cb1a-417c-aff3-47708994d2ec_1714206720.jpeg?h=225&w=225,
308864652,Tesco Finest Casarecce 500G,https://www.tesco.com/groceries/en-GB/shop/food-cupboard/all?department=Finest%20Food%20Cupboard&viewAll=department&page=,£1.90,£3.80/kg,,,/groceries/en-GB/products/308864652,https://digitalcontent.api.tesco.com/v2/media/ghs/88ecb7e0-99f7-4c59-a54d-b8928bb55cb1/06f0f94e-ca03-4178-9dfd-4e1849811ae3_607824772.jpeg?h=225&w=225,
308475801,Tesco Finest Chocolate & Berry Granola 500G,https://www.tesco.com/groceries/en-GB/shop/food-cupboard/all?department=Finest%20Food%20Cupboard&viewAll=department&page=,£2.70,£0.54/100g,,,/groceries/en-GB/products/308475801,https://digitalcontent.api.tesco.com/v2/media/ghs/48d6f981-72d8-4a92-a1e1-199678c52247/1baac8fd-2b9c-4f8e-b4f3-2fad911b00a3_55750769.jpeg?h=225&w=225,
279232684,Tesco Finest British Bramley Apple Sauce With Cider 200G,https://www.tesco.com/groceries/en-GB/shop/food-cupboard/all?department=Finest%20Food%20Cupboard&viewAll=department&page=,£1.75,£0.88/100g,,,/groceries/en-GB/products/279232684,https://digitalcontent.api.tesco.com/v2/media/ghs/99f4167e-0242-4412-8e3b-8802aec4a7a8/5f41b534-faff-428c-9132-9fa59a71b8b8_850104204.jpeg?h=225&w=225,
310687974,Tesco Finest Blood Orange Marmalade Belgian Dark Chocolate Shortbread 150G,https://www.tesco.com/groceries/en-GB/shop/food-cupboard/all?department=Finest%20Food%20Cupboard&viewAll=department&page=,£2.20,£1.47/100g,,,/groceries/en-GB/products/310687974,https://digitalcontent.api.tesco.com/v2/media/ghs/e1cfa2b1-eaca-4ea2-9478-4c7284d99c8f/b5fdd414-cc95-4528-9815-7df4a05e9727_1144030093.jpeg?h=225&w=225,
280517531,Tesco Finest Lamb Gravy 350Ml,https://www.tesco.com/groceries/en-GB/shop/food-cupboard/all?department=Finest%20Food%20Cupboard&viewAll=department&page=,£1.75,£0.50/100ml,,,/groceries/en-GB/products/280517531,https://digitalcontent.api.tesco.com/v2/media/ghs/e7991b05-1b1d-4825-ad20-07d917d3e34e/d1d45271-bdcd-4ff6-a53c-ea2f6ec0bc2d_1471565777.jpeg?h=225&w=225,
310113067,Tesco Finest Intensely Dark Chocolate Cookie 200G,https://www.tesco.com/groceries/en-GB/shop/food-cupboard/all?department=Finest%20Food%20Cupboard&viewAll=department&page=,£1.80,£0.90/100g,,,/groceries/en-GB/products/310113067,https://digitalcontent.api.tesco.com/v2/media/ghs/fe49e9ab-f515-47d2-a21a-32458fca7d89/1b413f3b-7ad3-4ad9-9a0c-c77c55c71152_1306427687.jpeg?h=225&w=225,
306810149,Tesco Finest Blue Cheese Dressing 220Ml,https://www.tesco.com/groceries/en-GB/shop/food-cupboard/all?department=Finest%20Food%20Cupboard&viewAll=department&page=,£1.95,£0.87/100ml,,,/groceries/en-GB/products/306810149,https://digitalcontent.api.tesco.com/v2/media/ghs/0da0a97c-e0cc-4c64-976d-014564b8790d/1c5f8a20-4419-48f4-92eb-013b5c745321_1520393738.jpeg?h=225&w=225,
251736822,Tesco Finest Bitter Orange Marmalade 340G,https://www.tesco.com/groceries/en-GB/shop/food-cupboard/all?department=Finest%20Food%20Cupboard&viewAll=department&page=,£1.80,£0.53/100g,£1.35 Clubcard Price,,/groceries/en-GB/products/251736822,https://digitalcontent.api.tesco.com/v2/media/ghs/98315959-5f38-4cda-883d-c0cf9b6d8e76/0701a8ae-2a3d-49dd-a50a-19c3f8d64e6a_62455666.jpeg?h=225&w=225,
309458354,Tesco Finest Cooking Dark Chocolate 100G,https://www.tesco.com/groceries/en-GB/shop/food-cupboard/all?department=Finest%20Food%20Cupboard&viewAll=department&page=,£1.50,£1.50/100g,,,/groceries/en-GB/products/309458354,https://digitalcontent.api.tesco.com/v2/media/ghs/e8e1295b-beff-4a85-a931-61fc38ccee04/60095a2f-5eb5-4d28-a1ca-3bcecd98b3e1_1573287746.jpeg?h=225&w=225,
300455544,Tesco Finest Fruit Nut & Seed Muesli 500G,https://www.tesco.com/groceries/en-GB/shop/food-cupboard/all?department=Finest%20Food%20Cupboard&viewAll=department&page=,£2.70,£0.54/100g,,,/groceries/en-GB/products/300455544,https://digitalcontent.api.tesco.com/v2/media/ghs/cd14cd5d-7e0a-4dd6-8bfc-9ef930850bba/8fd08873-4e3b-4628-a8c5-01a40cb5b753_1743081637.jpeg?h=225&w=225,
251737124,Tesco Finest Three Fruit Marmalade 340G,https://www.tesco.com/groceries/en-GB/shop/food-cupboard/all?department=Finest%20Food%20Cupboard&viewAll=department&page=,£1.80,£0.53/100g,£1.35 Clubcard Price,,/groceries/en-GB/products/251737124,https://digitalcontent.api.tesco.com/v2/media/ghs/beab47b7-62c0-4e77-b746-1acfacef2156/672a7a2e-5bd0-4815-a850-9fb02699426f_1337829878.jpeg?h=225&w=225,
260194020,Tesco Finest Scottish Porridge Oats 750G,https://www.tesco.com/groceries/en-GB/shop/food-cupboard/all?department=Finest%20Food%20Cupboard&viewAll=department&page=,£2.00,£0.27/100g,,,/groceries/en-GB/products/260194020,https://digitalcontent.api.tesco.com/v2/media/ghs/51b9eb65-8e69-40ac-be93-ebd9a3fb7ef8/fbb46ca6-6d3f-4260-9a08-f09aedff9489_1904607594.jpeg?h=225&w=225,
310153857,Tesco Finest Dulce De Leche Caramel Filled Cookies 180G,https://www.tesco.com/groceries/en-GB/shop/food-cupboard/all?department=Finest%20Food%20Cupboard&viewAll=department&page=,£1.80,£1.00/100g,,,/groceries/en-GB/products/310153857,https://digitalcontent.api.tesco.com/v2/media/ghs/f148bc49-9127-4767-9e18-e151b9a0cfe9/b2bf55d9-2611-4aab-b8de-6624324a3e39_1611195390.jpeg?h=225&w=225,
300770619,Tesco Finest Balsamic Dressing Of Modena 225Ml,https://www.tesco.com/groceries/en-GB/shop/food-cupboard/all?department=Finest%20Food%20Cupboard&viewAll=department&page=,£1.95,£0.87/100ml,,,/groceries/en-GB/products/300770619,https://digitalcontent.api.tesco.com/v2/media/ghs/e619c911-4f5b-4ae9-8da0-0f8d0ac435ee/62c6f9f4-fc61-4280-ac3a-3889d81d28ba_588322616.jpeg?h=225&w=225,
304408559,Tesco Finest Rye Sour Dough Cracker 130G,https://www.tesco.com/groceries/en-GB/shop/food-cupboard/all?department=Finest%20Food%20Cupboard&viewAll=department&page=,£1.85,£1.43/100g,,,/groceries/en-GB/products/304408559,https://digitalcontent.api.tesco.com/v2/media/ghs/b7eb51c3-c3fc-4af0-9d1e-a3cedd5c6c24/31bb190d-d74e-4320-a292-16f29d434aea_735661104.jpeg?h=225&w=225,
309208720,Tesco Finest Fig & Balsamic Chutney 210G,https://www.tesco.com/groceries/en-GB/shop/food-cupboard/all?department=Finest%20Food%20Cupboard&viewAll=department&page=,£1.50,£0.72/100g,,,/groceries/en-GB/products/309208720,https://digitalcontent.api.tesco.com/v2/media/ghs/89ac6be8-7569-4ea8-b256-44a5a9171427/99033ca1-518d-4c9e-966c-036c0f90218f_2042164028.jpeg?h=225&w=225,
310132934,Tesco Finest Lemon Shortbread Fingers 165G,https://www.tesco.com/groceries/en-GB/shop/food-cupboard/all?department=Finest%20Food%20Cupboard&viewAll=department&page=,£2.00,£1.22/100g,,,/groceries/en-GB/products/310132934,https://digitalcontent.api.tesco.com/v2/media/ghs/ab878dad-e9e0-4359-8aa4-b06faa00d48d/889d32cf-d37f-491b-a1b4-4a23453bd722_1765133186.jpeg?h=225&w=225,
300708154,Tesco Finest French Dressing 225Ml,https://www.tesco.com/groceries/en-GB/shop/food-cupboard/all?department=Finest%20Food%20Cupboard&viewAll=department&page=,£1.95,£0.87/100ml,,,/groceries/en-GB/products/300708154,https://digitalcontent.api.tesco.com/v2/media/ghs/30f07b1e-6c9b-4b29-95d0-ccd400efd8ba/bf3e3708-69b2-417d-8605-14618d7020a8_447855378.jpeg?h=225&w=225,
260504127,Tesco Finest Tomato & Pancetta Pasta Sauce 340G,https://www.tesco.com/groceries/en-GB/shop/food-cupboard/all?department=Finest%20Food%20Cupboard&viewAll=department&page=,£1.70,£0.50/100g,,,/groceries/en-GB/products/260504127,https://digitalcontent.api.tesco.com/v2/media/ghs/2ebaab3b-4447-4ded-aa01-9c5a5ff539e8/ec9bc4a4-2154-47c7-bfa7-a57a3043348c_707637288.jpeg?h=225&w=225,
297315692,Tesco Finest Beetroot & Seed Crackers 150G,https://www.tesco.com/groceries/en-GB/shop/food-cupboard/all?department=Finest%20Food%20Cupboard&viewAll=department&page=,£1.85,£1.24/100g,,,/groceries/en-GB/products/297315692,https://digitalcontent.api.tesco.com/v2/media/ghs/4d2d10b9-0c02-4670-8747-059f85728798/snapshotimagehandler_1246103046.jpeg?h=225&w=225,
285047249,Tesco Finest Turkey Gravy 350Ml,https://www.tesco.com/groceries/en-GB/shop/food-cupboard/all?department=Finest%20Food%20Cupboard&viewAll=department&page=,£1.75,£0.50/100ml,,,/groceries/en-GB/products/285047249,https://digitalcontent.api.tesco.com/v2/media/ghs/b132f22c-ce8a-42a3-a6f6-a0a17bbb46bd/snapshotimagehandler_1341212161.jpeg?h=225&w=225,
305438160,Tesco Finest Mango Apricot & Coriander Chutney 220G,https://www.tesco.com/groceries/en-GB/shop/food-cupboard/all?department=Finest%20Food%20Cupboard&viewAll=department&page=,£1.50,£0.68/100g,,,/groceries/en-GB/products/305438160,https://digitalcontent.api.tesco.com/v2/media/ghs/844cfc78-d6be-4ac0-85f0-67a2b8b87c75/942bd9fb-6428-4470-9e76-1267b9625f12_110504532.jpeg?h=225&w=225,
310179458,Tesco Finest Parmesan & Garlic Twists 100G,https://www.tesco.com/groceries/en-GB/shop/food-cupboard/all?department=Finest%20Food%20Cupboard&viewAll=department&page=,£1.65,£1.65/100g,,,/groceries/en-GB/products/310179458,https://digitalcontent.api.tesco.com/v2/media/ghs/d77b2734-d1e7-491d-a740-88ba0f9cb03c/4df1cbd7-18f4-4d1c-a0aa-3f214a5ef9a7_505411810.jpeg?h=225&w=225,
282622351,Tesco Finest Free From Oat & Raisin Cookies 150G,https://www.tesco.com/groceries/en-GB/shop/food-cupboard/all?department=Finest%20Food%20Cupboard&viewAll=department&page=,£2.00,£1.34/100g,,,/groceries/en-GB/products/282622351,https://digitalcontent.api.tesco.com/v2/media/ghs/d0fb7ed0-fca5-4aed-acc1-c68ac2e79ab4/15e5f239-da01-4638-88a5-a893cc42e816_1294953473.jpeg?h=225&w=225,
300809609,Tesco Finest Chilli Relish 295G,https://www.tesco.com/groceries/en-GB/shop/food-cupboard/all?department=Finest%20Food%20Cupboard&viewAll=department&page=,£1.60,£0.54/100g,,,/groceries/en-GB/products/300809609,https://digitalcontent.api.tesco.com/v2/media/ghs/06439eaf-8364-44c3-9477-331715fc15ae/ee03fd5e-32a0-41c6-9e33-b457d9e5166f_1110138003.jpeg?h=225&w=225,
300238519,Tesco Finest 12 Meringue Shells,https://www.tesco.com/groceries/en-GB/shop/food-cupboard/all?department=Finest%20Food%20Cupboard&viewAll=department&page=,£1.80,£0.15/each,£1.25 Clubcard Price,,/groceries/en-GB/products/300238519,https://digitalcontent.api.tesco.com/v2/media/ghs/ec22f6ab-8537-4397-b868-caaa18a4dec2/e0e0d945-f41d-4cb9-8be5-cc04cea44da0_215394505.jpeg?h=225&w=225,
310162996,Tesco Finest Salted Caramel Florentines 105G,https://www.tesco.com/groceries/en-GB/shop/food-cupboard/all?department=Finest%20Food%20Cupboard&viewAll=department&page=,£2.50,£2.39/100g,,,/groceries/en-GB/products/310162996,https://digitalcontent.api.tesco.com/v2/media/ghs/a9e37f07-0781-40c7-a697-930203431d1d/ea41e167-9713-4a15-99fd-30af82f0cfda_1327578372.jpeg?h=225&w=225,
309488560,Tesco Finest Cooking Dark Chocolate Buttons 100G,https://www.tesco.com/groceries/en-GB/shop/food-cupboard/all?department=Finest%20Food%20Cupboard&viewAll=department&page=,£1.00,£1.00/100g,,,/groceries/en-GB/products/309488560,https://digitalcontent.api.tesco.com/v2/media/ghs/163659c1-3f97-4f6e-a88e-962ee53013d1/a352b0bc-f754-4b3e-ac45-17c284ee2fc5_1204587293.jpeg?h=225&w=225,
278636951,Tesco Finest Belgian Biscuit Selection 400G,https://www.tesco.com/groceries/en-GB/shop/food-cupboard/all?department=Finest%20Food%20Cupboard&viewAll=department&page=,£6.00,£1.50/100g,£4.50 Clubcard Price,,/groceries/en-GB/products/278636951,https://digitalcontent.api.tesco.com/v2/media/ghs/1c1f3c74-a202-4854-ab06-f05d264a622e/aa1a548e-05d4-457f-8785-d67f1df09f29_428128140.jpeg?h=225&w=225,
264475246,Tesco Finest Balsamic Vinegar Of Modena 250Ml,https://www.tesco.com/groceries/en-GB/shop/food-cupboard/all?department=Finest%20Food%20Cupboard&viewAll=department&page=,£7.00,£2.80/100ml,,,/groceries/en-GB/products/264475246,https://digitalcontent.api.tesco.com/v2/media/ghs/2a148983-96cc-42ba-8a54-940cc25b36d2/cd58638a-12fd-4b46-a44d-d76699719d1f_1393706375.jpeg?h=225&w=225,
279683126,Tesco Finest Tellicherry Pepper Corn Grinder 45G,https://www.tesco.com/groceries/en-GB/shop/food-cupboard/all?department=Finest%20Food%20Cupboard&viewAll=department&page=,£4.60,£1.03/10g,,,/groceries/en-GB/products/279683126,https://digitalcontent.api.tesco.com/v2/media/ghs/03af54d6-1e14-449e-841e-a63d60068b9a/b2a2ee1e-c37c-417b-9d38-980d66edebc6_1124699466.jpeg?h=225&w=225,
271510356,Tesco Finest Eucalyptus Honey 340G,https://www.tesco.com/groceries/en-GB/shop/food-cupboard/all?department=Finest%20Food%20Cupboard&viewAll=department&page=,£4.35,£1.28/100g,,,/groceries/en-GB/products/271510356,https://digitalcontent.api.tesco.com/v2/media/ghs/a0fb00c8-970b-4016-9804-78c1689dbe38/52797225-9b01-42a0-ab1c-efb390c18d18_732281810.jpeg?h=225&w=225,
293437818,Tesco Finest Belgian Chocolate Selection 200G,https://www.tesco.com/groceries/en-GB/shop/food-cupboard/all?department=Finest%20Food%20Cupboard&viewAll=department&page=,£6.10,£3.05/100g,£5.00 Clubcard Price,,/groceries/en-GB/products/293437818,https://digitalcontent.api.tesco.com/v2/media/ghs/058c9448-f73a-4d28-a520-116baf91e1e5/ec068375-5e74-4798-8bbe-716405504a71_2125003439.jpeg?h=225&w=225,
279422436,Tesco Finest Balsamic & Oil For Dipping 250Ml,https://www.tesco.com/groceries/en-GB/shop/food-cupboard/all?department=Finest%20Food%20Cupboard&viewAll=department&page=,£3.70,£1.48/100ml,,,/groceries/en-GB/products/279422436,https://digitalcontent.api.tesco.com/v2/media/ghs/05e761b4-fa47-44fd-b691-464b666c41e4/c02a980a-4ba8-412d-847b-fc9ded48340e_748792229.jpeg?h=225&w=225,
307338511,Tesco Finest Caperberries 280G,https://www.tesco.com/groceries/en-GB/shop/food-cupboard/all?department=Finest%20Food%20Cupboard&viewAll=department&page=,£3.15,£2.25/100g DR.WT,,,/groceries/en-GB/products/307338511,https://digitalcontent.api.tesco.com/v2/media/ghs/a176d904-19d3-4ad2-8f24-fcf27b73570e/0aac3078-36f2-45fe-b0d2-29443612e55e_1191752710.jpeg?h=225&w=225,
307741528,Tesco Finest Chargrilled Yellow Courgettes 280G,https://www.tesco.com/groceries/en-GB/shop/food-cupboard/all?department=Finest%20Food%20Cupboard&viewAll=department&page=,£3.15,£1.86/100g DR.WT,,,/groceries/en-GB/products/307741528,https://digitalcontent.api.tesco.com/v2/media/ghs/e67f6296-ba2c-44d0-900b-fc842a37b3de/397fa92a-01b3-4cd9-b9be-906c8c36bb08_1309995860.jpeg?h=225&w=225,
307758025,Tesco Finest Italian Red Aubergines 280G,https://www.tesco.com/groceries/en-GB/shop/food-cupboard/all?department=Finest%20Food%20Cupboard&viewAll=department&page=,£3.15,£1.97/100g DR.WT,,,/groceries/en-GB/products/307758025,https://digitalcontent.api.tesco.com/v2/media/ghs/c0407cd4-9e1d-4fc9-b793-62550693c6fc/1677e868-5d18-4707-9293-59d69782a4de_1209004891.jpeg?h=225&w=225,
309485678,Tesco Finest Caramel For Baking 400G,https://www.tesco.com/groceries/en-GB/shop/food-cupboard/all?department=Finest%20Food%20Cupboard&viewAll=department&page=,£3.00,£0.75/100g,,,/groceries/en-GB/products/309485678,https://digitalcontent.api.tesco.com/v2/media/ghs/7094e843-5bc6-45aa-94c4-8b759a6d5852/80245593-1acb-413f-b1fc-a53fda04f7fa_530952229.jpeg?h=225&w=225,
307358994,Tesco Finest Semi Dried Cherry Tomatoes 285G,https://www.tesco.com/groceries/en-GB/shop/food-cupboard/all?department=Finest%20Food%20Cupboard&viewAll=department&page=,£3.15,£1.75/100g DR.WT,,,/groceries/en-GB/products/307358994,https://digitalcontent.api.tesco.com/v2/media/ghs/5df6ba5c-e42b-46f1-8533-244e3574ce29/dc0998b5-26be-419e-91e1-d02267c04d24_541684510.jpeg?h=225&w=225,
254409042,Tesco Finest English Honey 340G,https://www.tesco.com/groceries/en-GB/shop/food-cupboard/all?department=Finest%20Food%20Cupboard&viewAll=department&page=,£4.70,£1.39/100g,,,/groceries/en-GB/products/254409042,https://digitalcontent.api.tesco.com/v2/media/ghs/64e42972-b2c5-495f-b497-f14a6aa59896/10007cd7-dc88-4f3c-9867-1ca5666b20e3_1669898312.jpeg?h=225&w=225,
300832680,Tesco Finest Jalapeno Stuffed Olives 210G,https://www.tesco.com/groceries/en-GB/shop/food-cupboard/all?department=Finest%20Food%20Cupboard&viewAll=department&page=,£2.35,£2.24/100g DR.WT,,,/groceries/en-GB/products/300832680,https://digitalcontent.api.tesco.com/v2/media/ghs/02a9400a-8a3f-4329-a878-5525de8d65d5/bb738c80-79a0-4c28-b4f2-faffb8918b71_2032588169.jpeg?h=225&w=225,
300832668,Tesco Finest Garlic Stuffed Olives 210G,https://www.tesco.com/groceries/en-GB/shop/food-cupboard/all?department=Finest%20Food%20Cupboard&viewAll=department&page=,£2.35,£2.24/100g DR.WT,,,/groceries/en-GB/products/300832668,https://digitalcontent.api.tesco.com/v2/media/ghs/1d2d6e32-38dd-4655-bd9a-6014741864ea/36f33f38-4bb7-432c-b9af-f56818787048_1613958544.jpeg?h=225&w=225,
284743072,Tesco Finest All Butter Pastry Tartlets 8 Pack,https://www.tesco.com/groceries/en-GB/shop/food-cupboard/all?department=Finest%20Food%20Cupboard&viewAll=department&page=,£3.05,£1.82/100g,,,/groceries/en-GB/products/284743072,https://digitalcontent.api.tesco.com/v2/media/ghs/0916abf7-2ece-43df-b23a-b3ca04f58c30/a93ef2e5-f94f-4bca-b619-ce970885849d_166370870.jpeg?h=225&w=225,
307364600,Tesco Finest Portobello Mushrooms 280G,https://www.tesco.com/groceries/en-GB/shop/food-cupboard/all?department=Finest%20Food%20Cupboard&viewAll=department&page=,£3.15,£2.10/100g DR.WT,,,/groceries/en-GB/products/307364600,https://digitalcontent.api.tesco.com/v2/media/ghs/b8e768df-650b-47f7-bddd-597e000bdd3e/af9f598f-761d-4e38-8af3-9164473c26c3_1501668600.jpeg?h=225&w=225,
309474357,Tesco Finest Strawberry & Cream Flavour Frosting 400G,https://www.tesco.com/groceries/en-GB/shop/food-cupboard/all?department=Finest%20Food%20Cupboard&viewAll=department&page=,£2.30,£0.58/100g,,,/groceries/en-GB/products/309474357,https://digitalcontent.api.tesco.com/v2/media/ghs/ff5e1354-c7a1-41b2-b937-a693b70e2e43/2fdcce83-5560-4e98-9e28-3b5926e87ff2_536727838.jpeg?h=225&w=225,
309457228,Tesco Finest Raspberry Flavour Frosting 400G,https://www.tesco.com/groceries/en-GB/shop/food-cupboard/all?department=Finest%20Food%20Cupboard&viewAll=department&page=,£2.30,£0.58/100g,,,/groceries/en-GB/products/309457228,https://digitalcontent.api.tesco.com/v2/media/ghs/3ea4d344-bdde-472c-8ce5-5f73846b5c48/28f6e19a-381d-4cc4-b8b8-158fbd548fdd_128032994.jpeg?h=225&w=225,
308866811,Tesco Finest Fusilli Corti Col. Buco 500G,https://www.tesco.com/groceries/en-GB/shop/food-cupboard/all?department=Finest%20Food%20Cupboard&viewAll=department&page=,£1.90,£3.80/kg,,,/groceries/en-GB/products/308866811,https://digitalcontent.api.tesco.com/v2/media/ghs/f8e40079-c0d2-4bcc-b9ed-4b9a75096693/23bda92d-5d95-41e0-bcc5-5742cedf5b8b_695571227.jpeg?h=225&w=225,
309471124,Tesco Finest Madagascan Vanilla Frosting 400G,https://www.tesco.com/groceries/en-GB/shop/food-cupboard/all?department=Finest%20Food%20Cupboard&viewAll=department&page=,£2.30,£0.58/100g,,,/groceries/en-GB/products/309471124,https://digitalcontent.api.tesco.com/v2/media/ghs/e1f2b850-1736-444c-98c6-b2ef257bfea5/b2120ef0-bcf2-4e47-9a1c-da8f4520002f_1680607930.jpeg?h=225&w=225,
309467579,Tesco Finest Mango & Passion Fruit Frosting 400G,https://www.tesco.com/groceries/en-GB/shop/food-cupboard/all?department=Finest%20Food%20Cupboard&viewAll=department&page=,£2.30,£0.58/100g,,,/groceries/en-GB/products/309467579,https://digitalcontent.api.tesco.com/v2/media/ghs/4539134d-19d3-445f-8700-4172518f88bc/4e1bf2dd-52a9-4d21-9baa-88dc77a4a355_144128681.jpeg?h=225&w=225,
259078349,Tesco Finest Tuscan Extra Virgin Olive Oil 500Ml,https://www.tesco.com/groceries/en-GB/shop/food-cupboard/all?department=Finest%20Food%20Cupboard&viewAll=department&page=,£6.80,£1.36/100ml,,,/groceries/en-GB/products/259078349,https://digitalcontent.api.tesco.com/v2/media/ghs/468ed955-204e-482a-8810-6c8b831216be/e0973be0-1f11-4a55-957e-e76e3372ae59_1071254747.jpeg?h=225&w=225,
307761654,Tesco Finest Berry & Cherry Museli 500G,https://www.tesco.com/groceries/en-GB/shop/food-cupboard/all?department=Finest%20Food%20Cupboard&viewAll=department&page=,£2.70,£0.54/100g,,,/groceries/en-GB/products/307761654,https://digitalcontent.api.tesco.com/v2/media/ghs/fc952280-69e7-4c42-a908-2339e3dff638/8a7506c1-a70d-4cc1-b3a7-72ecb4dde048_2090966218.jpeg?h=225&w=225,
306953354,Tesco Finest Chocolate & Brazilian Orange Frosting 400G,https://www.tesco.com/groceries/en-GB/shop/food-cupboard/all?department=Finest%20Food%20Cupboard&viewAll=department&page=,£2.30,£0.58/100g,,,/groceries/en-GB/products/306953354,https://digitalcontent.api.tesco.com/v2/media/ghs/db2f52c3-da5a-44b8-a923-4452628dac8e/e6d74169-e402-46a1-a9c3-11249a014975_1503362258.jpeg?h=225&w=225,
306937443,Tesco Finest Belgian Chocolate Ganache 400G,https://www.tesco.com/groceries/en-GB/shop/food-cupboard/all?department=Finest%20Food%20Cupboard&viewAll=department&page=,£3.00,£0.75/100g,,,/groceries/en-GB/products/306937443,https://digitalcontent.api.tesco.com/v2/media/ghs/71648937-6c5a-443d-8b85-bd09f300773e/97b69281-45ff-4f75-addb-f47d38f1fbd0_1241602739.jpeg?h=225&w=225,
308114969,Tesco Finest Orecchiette 500G,https://www.tesco.com/groceries/en-GB/shop/food-cupboard/all?department=Finest%20Food%20Cupboard&viewAll=department&page=,£1.90,£3.80/kg,,,/groceries/en-GB/products/308114969,https://digitalcontent.api.tesco.com/v2/media/ghs/9fdfb97a-78e9-4f8c-8e09-5af227bee3a1/c1941af5-47e9-4601-ba35-b76f91483db1_1772418059.jpeg?h=225&w=225,
279422684,Tesco Finest Oil Garlic & Chilli For Dipping250ml,https://www.tesco.com/groceries/en-GB/shop/food-cupboard/all?department=Finest%20Food%20Cupboard&viewAll=department&page=,£3.70,£1.48/100ml,,,/groceries/en-GB/products/279422684,https://digitalcontent.api.tesco.com/v2/media/ghs/5434376f-5c14-43bc-9474-4a5976cb87b8/snapshotimagehandler_154320930.jpeg?h=225&w=225,
301065065,Tesco Finest Aioli 165G,https://www.tesco.com/groceries/en-GB/shop/food-cupboard/all?department=Finest%20Food%20Cupboard&viewAll=department&page=,£2.10,£1.28/100g,,,/groceries/en-GB/products/301065065,https://digitalcontent.api.tesco.com/v2/media/ghs/60cfb0d3-c1a3-4a8c-b70c-71bb8ff1862e/a982eb02-1058-422e-8248-7d416a1f9bf3_2141482719.jpeg?h=225&w=225,
304797207,Tesco Finest Pepper & Sun Dried Tomato Aglio E Olio 190G,https://www.tesco.com/groceries/en-GB/shop/food-cupboard/all?department=Finest%20Food%20Cupboard&viewAll=department&page=,£1.95,£1.03/100g,,,/groceries/en-GB/products/304797207,https://digitalcontent.api.tesco.com/v2/media/ghs/f405fda5-b3dd-4690-b261-dc8f2e058b6a/41075a56-ddf0-49b6-b67b-1fa0e6a7117b_82019714.jpeg?h=225&w=225,
308468292,Tesco Finest Fresine 500G,https://www.tesco.com/groceries/en-GB/shop/food-cupboard/all?department=Finest%20Food%20Cupboard&viewAll=department&page=,£1.90,£3.80/kg,,,/groceries/en-GB/products/308468292,https://digitalcontent.api.tesco.com/v2/media/ghs/edaa933b-bce5-4a9a-89f2-58c6d9763051/7c33e02a-9f69-4edd-953d-503e8d194538_610498430.jpeg?h=225&w=225,
305248275,Tesco Finest Chilli And Garlic Aglio E Olio 190G,https://www.tesco.com/groceries/en-GB/shop/food-cupboard/all?department=Finest%20Food%20Cupboard&viewAll=department&page=,£1.95,£1.03/100g,,,/groceries/en-GB/products/305248275,https://digitalcontent.api.tesco.com/v2/media/ghs/d545dffa-74eb-4349-b536-2b5f38922973/13f0a632-ec7c-4baa-add5-a2e0464300d7_1033342342.jpeg?h=225&w=225,
296152194,Tesco Finest Sicilian Extra Virgin Olive Oil 500Ml,https://www.tesco.com/groceries/en-GB/shop/food-cupboard/all?department=Finest%20Food%20Cupboard&viewAll=department&page=,£6.80,£1.36/100ml,,,/groceries/en-GB/products/296152194,https://digitalcontent.api.tesco.com/v2/media/ghs/b7d4ea72-3229-4972-91eb-053a329dc739/b31dc856-63d6-4c4a-a620-1903bb61c080_1759920636.jpeg?h=225&w=225,
275969515,Tesco Finest All Buttermini Tartlets 9S 90G,https://www.tesco.com/groceries/en-GB/shop/food-cupboard/all?department=Finest%20Food%20Cupboard&viewAll=department&page=,£2.00,£2.23/100g,,,/groceries/en-GB/products/275969515,https://digitalcontent.api.tesco.com/v2/media/ghs/e82f98d6-2d5d-4cdf-9747-8647237bb4ff/8a1e3824-7ad9-4bca-822d-d40966ba2058_770858847.jpeg?h=225&w=225,
309459612,Tesco Finest Cooking Milk Chocolate Buttons 100G,https://www.tesco.com/groceries/en-GB/shop/food-cupboard/all?department=Finest%20Food%20Cupboard&viewAll=department&page=,£1.00,£1.00/100g,,,/groceries/en-GB/products/309459612,https://digitalcontent.api.tesco.com/v2/media/ghs/01c0c6d2-9b3d-43a1-9d2d-f090f8c4fc18/aa662efd-b1d3-450c-ac28-50a948c56517_1534632077.jpeg?h=225&w=225,
309452602,Tesco Finest Ruby Cooking Chocolate Buttons 100G,https://www.tesco.com/groceries/en-GB/shop/food-cupboard/all?department=Finest%20Food%20Cupboard&viewAll=department&page=,£1.00,£1.00/100g,,,/groceries/en-GB/products/309452602,https://digitalcontent.api.tesco.com/v2/media/ghs/1902cd60-58e7-406d-b239-7367d14eb6a5/1f795f43-aa85-4549-bf4b-31764c58edae_756277261.jpeg?h=225&w=225,
310694274,Tesco Finest Chocolate & Honeycomb Shortbread 150G,https://www.tesco.com/groceries/en-GB/shop/food-cupboard/all?department=Finest%20Food%20Cupboard&viewAll=department&page=,£2.20,£1.47/100g,,,/groceries/en-GB/products/310694274,https://digitalcontent.api.tesco.com/v2/media/ghs/2ea51d9f-b8c2-465b-9457-7f740f18239a/44deff25-115a-40b2-b5e9-8f53cc9fa7ed_404317017.jpeg?h=225&w=225,
